1879 3222
430 134 515 174 296
826 132 1287 170 HERODOTI

431 251 571 304 ,,τοῖσί
599 266 640 292 τι
668 253 740 294 καὶ
760 252 1013 308 συνῃδέατε·
1067 251 1332 307 Ἀρταβάζου
1361 252 1406 295 δὲ
1435 250 1597 306 θώυμα
1615 254 1687 296 καὶ

429 322 621 373 ,μᾶλλον
651 319 905 374 ἐποιεύμην,
936 321 983 364 τό
1013 320 1086 363 καὶ
1114 320 1447 376 καταρρωδῆσαι
1476 322 1688 364 Λακεδαι-

430 386 661 440 ,,μονιόυς,
693 387 1086 442 καταρρωδήσαντά
1115 404 1158 430 τε
1189 387 1483 439 ἀποδέξασθαι
1511 387 1688 444 γνώμην
1701 394 1744 430 Ξ5

430 452 733 508 ,,δειλοτάτην,
764 453 822 505 ὥς
849 456 973 510 χρεὸν
1003 457 1065 509 εἴη
1096 453 1407 508 ἀναζεύξαντας
1435 454 1484 498 τό
1515 455 1691 508 στρατό-

429 522 594 573 ,,πεδον
633 521 743 564 ἰέναι
787 523 829 573 ἐς
866 523 915 566 τό
954 522 1157 577 Θηβαίων
1198 521 1306 564 ἄστυ
1351 524 1692 579 πολιορκησομέ-

403 593 590 640 5,,νους·
634 587 714 643 τὴν
743 587 801 631 ἔτι
832 590 941 644 πρὸς
978 589 1079 642 ἐμεῦ
1107 589 1305 643 βασιλεὺς
1332 589 1544 633 πεύσεται.
1605 591 1691 633 Καὶ

430 653 627 708 ,,του’των
654 654 732 711 μὲν
760 656 939 712 ἑτέρωθι
969 656 1086 699 ἔσται
1111 654 1254 710 λόγος·
1300 659 1383 698 νῦν
1414 657 1458 699 δὲ
1487 658 1688 702 ἐκείνοισι
1703 665 1748 700 30

431 726 593 776 ,,ταῦτα
625 727 795 766 ποιεῦσι
827 724 907 767 οὐκ
936 722 1186 775 ἐπιτρεπτέα
1217 723 1323 774 ἐστὶ,
1354 722 1462 765 ἄλλα
1493 725 1689 769 διωκτέοι
1747 732 1828 772 720

430 790 567 842 ,,εἰσὶ,
609 789 650 839 ἐς
690 788 716 832 ὃ
750 791 1127 846 καταλαμφθέντες
1165 788 1355 833 δώσουσι
1392 789 1496 844 ἡμῖν
1524 795 1610 833 τῶν
1640 793 1693 849 δὴ

299 846 366 893 59
404 858 668 913 ,,ἐποιἠσαν
708 857 881 909 Πέρσας
918 857 1095 901 πάντων
1140 858 1300 908 δίκας.“
1372 860 1519 899 Ταῦτα
1558 859 1691 913 εἴπας,

102 911 379 973 i’iii‘i'gassuiiigni‘ss
436 921 511 981 ἦγε
551 923 659 973 τούς
693 923 864 977 Πέρσας
895 926 1067 982 δρόμῳ,
1108 924 1340 981 διαβάντας
1377 924 1456 967 τὸν
1492 923 1694 977 Ἀσωπὸν,
1729 940 1732 941 ’

102 978 548 1014 Septen1br1a⁴79]=
638 999 647 1013 ,
791 1001 808 1009 ..,
851 993 860 1006 e
965 993 973 1008 t
1130 992 1141 1006 ‹-
1238 992 1246 1005 κ
1287 991 1296 1006 ⁷
1555 992 1564 1006 ι

103 1012 304 1040 Barbarorum
317 1021 378 1039 οω-
439 1009 550 1036 κατα
582 1002 730 1054 στιβον
748 1004 835 1040 των
861 997 1079 1051 Ελληνων,
1108 1010 1165 1044 ως
1196 995 1247 1049 δη
1271 994 1692 1049 αποδιδρησκοντων·

103 1047 344 1107 ”G'ssasg‘ssfflffiz
342 1045 379 1073 ²²⁰

103 1112 222 1140 riendos
250 1114 445 1148 Asopum-

101 1146 220 1175 transit.

377 1181 486 1222 ἐοῦσι
508 1181 687 1230 refertur,
721 1180 890 1217 oratione
911 1178 1034 1214 subito

376 1240 416 1275 in
445 1238 703 1287 genitivorum
740 1236 915 1273 absolutt.
934 1241 1036 1271 stru-

377 1302 524 1331 cturam
545 1301 711 1331 mutata:
758 1291 805 1329 de
835 1304 910 1343 quo
933 1291 1035 1327 conf.

376 1353 406 1398 Ι,
430 1354 453 1391 3
474 1351 604 1402 ibique
624 1357 720 1391 nott.
738 1351 918 1385 Formam
941 1360 1036 1386 συν-

369 1406 516 1462 ῃδέατε
547 1409 589 1443 in
617 1421 723 1459 seqq.
762 1405 883 1455 attigit
902 1402 1036 1442 Matth.

379 1466 444 1500 Gr.
468 1464 532 1502 Gr.
554 1465 694 1508 §.188
713 1492 722 1512 7
744 1475 778 1498 a.
795 1469 874 1500 not.
898 1464 926 1500 ‘1
950 1473 1038 1511 pag.

379 1522 472 1559 532.
502 1518 615 1556 Both.
668 1519 715 1556 ad
750 1520 909 1557 Terent.
950 1529 1037 1567 pag.

379 1574 460 1614 467
481 1576 687 1612 maluerat:
720 1573 934 1624 συνηθέετε
956 1574 981 1609 i.
1003 1587 1038 1609 e.

380 1633 614 1667 consuescitis.
700 1632 835 1665 Melius
905 1630 1040 1677 opinor

380 1685 762 1736 Schweighaeuserus
801 1686 840 1720 in
886 1685 1039 1732 vulgata

379 1743 621 1793 acquiescens
637 1741 759 1778 reddit
773 1753 782 1777 :
810 1739 1039 1776 laudantibus

380 1799 440 1834 leos
468 1799 639 1846 homines,
680 1809 823 1847 quorum
853 1808 906 1832 res
929 1809 1039 1845 quae-

381 1854 462 1891 dam
504 1854 583 1892 bene
618 1858 738 1903 gestae
791 1853 889 1890 nobis
934 1854 1039 1889 iuno-

382 1914 536 1950 tuerunt.

434 1985 478 2028 τό
498 1986 564 2027 καὶ
598 1986 904 2038 καταρρωδῆσαι
936 2001 972 2024 κ.
1005 2001 1039 2024 τ.

381 2044 436 2095 λ.]
450 2047 507 2082 De
528 2045 601 2082 loci
613 2050 798 2081 structura
813 2041 888 2081 vid.
903 2041 1039 2080 Matth.

382 2103 448 2138 Gr.
493 2102 559 2141 Gr.
605 2102 642 2146 ξ.
673 2098 751 2141 541
794 2112 881 2150 pag.
921 2101 1040 2139 1063.

379 2159 457 2194 Nec
478 2159 584 2195 aliter
614 2157 693 2194 fere
713 2155 807 2193 haec
837 2156 951 2193 verba
972 2167 1042 2191 ex-

378 2213 567 2264 pedienda
602 2212 778 2250 videntur
805 2213 951 2250 censori
978 2212 1041 2247 Ie-

379 2271 488 2308 nensi
526 2270 654 2319 (1828
689 2270 853 2319 Ergiinz.
890 2269 949 2304 Bl.
985 2266 1038 2306 45

380 2340 468 2377 pag.
505 2326 626 2374 347),
664 2326 731 2362 ubi
761 2322 804 2364 τὸ
835 2323 1040 2375 καταρῤω-

383 2384 503 2433 δῆσαι
531 2390 714 2433 tauquam
752 2382 941 2418 obiectum
977 2392 1040 2415 re-

386 2441 545 2487 motius,
587 2437 689 2503 quod
721 2439 845 2484 aiunt,
885 2435 1038 2486 cogitari

385 2496 486 2542 vult,
517 2496 599 2542 cui,
635 2495 666 2531 si
695 2494 786 2547 quid
807 2492 1038 2539 addendum,

386 2558 511 2587 mente
533 2550 619 2588 addi
640 2564 747 2601 posse
777 2546 901 2590 αὐτὸν
921 2555 1038 2600 putat,

387 2608 438 2641 ita
459 2613 498 2642 ut
520 2607 697 2645 orationis
732 2607 911 2644 naturalis
945 2605 1039 2642 haec

389 2663 435 2698 sit
467 2668 672 2699 structura:
718 2659 963 2715 Ἀρταβάζου
996 2659 1039 2700 δε

388 2721 432 2758 θ.
461 2715 528 2757 καὶ
548 2720 697 2770 μᾶλλον
715 2715 953 2771 ἐποιεύμην,
995 2715 1037 2758 τὸ

1091 1175 1159 1216 καὶ
1189 1172 1309 1216 αὐτὸν
1326 1176 1630 1228 καταρρωδῆσαι
1660 1181 1749 1215 Λα-

1091 1233 1381 1284 κεδαιμονίους.
1445 1235 1544 1270 Nam
1599 1229 1749 1283 θοίυμα

1092 1293 1298 1329 ποιεῖσθαι
1328 1289 1431 1326 idem
1460 1290 1539 1326 fere
1572 1289 1671 1326 valet
1691 1296 1750 1326 at-

1094 1360 1168 1398 que
1188 1342 1410 1396 θαυμάζειν
1433 1345 1672 1396 eandemque
1692 1346 1751 1381 fe-

1093 1417 1133 1439 re
1160 1402 1248 1439 iude
1270 1404 1385 1439 etiam
1418 1403 1572 1439 assumit
1590 1409 1752 1438 structu-

1093 1472 1176 1496 ram
1197 1472 1285 1496 cum
1315 1460 1481 1510 genitivo
1511 1471 1694 1509 personae
1715 1465 1754 1495 et

1094 1516 1307 1553 accusativo
1360 1517 1414 1552 rei
1444 1544 1454 1563 ,
1518 1521 1752 1552 monstrante

1096 1585 1252 1609 censore
1271 1573 1297 1609 l.
1317 1573 1343 1609 l.
1382 1571 1444 1608 Ad
1464 1572 1623 1608 verbum
1659 1567 1753 1609 α’να-

1097 1624 1299 1674 ζεύξαντες
1333 1629 1433 1664 conf.
1464 1634 1561 1664 nott.
1601 1625 1649 1662 ad
1681 1627 1750 1674 IX,

1096 1682 1146 1722 41
1173 1689 1207 1718 et
1227 1681 1275 1718 ad
1297 1684 1458 1719 verbum
1487 1685 1752 1734 πολιορκησο-

1097 1736 1240 1789 μένους
1271 1739 1309 1787 (i.
1330 1752 1363 1775 e.
1396 1739 1602 1776 obsidionem
1625 1751 1753 1789 passu·

1096 1792 1172 1844 ros)
1196 1801 1291 1832 nott.
1315 1794 1363 1831 ad
1384 1796 1438 1844 V,
1461 1794 1528 1835 34

1151 1865 1226 1900 την
1251 1849 1304 1889 ἔτι
1326 1847 1423 1901 πρὸς
1450 1849 1546 1901 ἐμεῦ
1568 1846 1754 1901 βασιλευς

1095 1901 1299 1955 πεύσεται]
1328 1908 1408 1944 scil.
1432 1903 1606 1959 γνώμην.
1636 1906 1755 1948 Quam

1095 1962 1272 2000 Artabazi
1308 1963 1394 2010 (viri
1427 1964 1568 2015 alioqui
1594 1963 1756 2000 fortissi-

1096 2020 1175 2068 mi)
1222 2022 1426 2057 seutentiam
1476 2019 1755 2070 (turpissimam

1099 2082 1212 2126 atque
1231 2075 1552 2126 indignissimam)
1581 2087 1642 2112 rex
1663 2088 1687 2111 a
1703 2087 1754 2111 me

1099 2132 1267 2180 (reverso
1297 2133 1337 2168 in
1367 2130 1578 2182 Persidem)
1607 2133 1753 2180 accipiet

1098 2202 1128 2225 s.
1149 2188 1277 2226 audiet.
1302 2211 1351 2216 ——-
1385 2188 1506 2224 Verba
1527 2186 1754 2237 ἐπιτρεπτέα

1099 2243 1178 2284 ἐστὶ
1215 2245 1390 2281 excitavit
1422 2243 1557 2280 Matth.
1592 2244 1656 2280 Gr.
1688 2244 1752 2280 Gr.

1099 2302 1137 2345 ξ.
1158 2300 1238 2340 555
1259 2314 1346 2350 pag.
1367 2302 1483 2341 1090.
1521 2301 1662 2338 Sensus
1677 2306 1752 2337 est:

1098 2369 1187 2394 nuuc
1212 2369 1291 2393 vero
1316 2357 1388 2394 illis
1400 2370 1468 2393 uon
1485 2356 1754 2407 permittendum

1098 2417 1169 2459 est,
1197 2418 1236 2449 ut
1265 2414 1348 2450 haec
1377 2413 1525 2463 saciant
1558 2413 1654 2461 (scil.
1684 2424 1753 2448 nos

1099 2468 1316 2518 effugiant),
1369 2470 1427 2507 sed
1473 2471 1634 2520 persequi
1676 2468 1753 2505 illos

1096 2530 1238 2577 oportet.

1342 2583 1434 2633 cap.
1463 2581 1565 2618 LIX.

1152 2659 1251 2700 κατοὶ
1279 2661 1432 2712 στίβον]
1455 2659 1565 2695 conf.
1588 2659 1618 2694 V
1633 2687 1642 2705 ‚
1680 2661 1753 2697 102

1097 2725 1132 2756 et
1153 2718 1199 2755 ad
1219 2730 1378 2771 sequens
1400 2714 1453 2762 ὥς
1471 2713 1520 2766 δή
1540 2713 1674 2752 Matth.
1686 2716 1752 2751 Gr.
