1996 3238
613 178 1140 217 URAN1A.V111.

238 289 394 345 μεταξύ
437 286 690 341 Σαλαμῖνός
726 302 771 330 τε
809 287 1013 343 κειμένην
1057 289 1130 331 καὶ
1179 290 1253 344 τῆς
1294 285 1494 343 ἠπείρου,

236 354 422 406 πολλοὺς
438 359 526 398 τῶν
538 354 744 410 Περσέων
776 353 1066 410 οἷπεβίβασαν·
1096 360 1227 400 τοῦτο
1259 356 1328 407 δὲ,
1359 355 1528 411 ἐπειδὴ3

1415 177 1500 218 105

237 426 434 481 ἐγίνοντο
476 424 604 479 μέσαι
632 421 799 474 νύκτες,
840 421 1003 478 ἀνῆγον
1031 421 1109 477 μὲν
1137 423 1186 466 τό
1219 422 1288 467 εἶπ’
1317 423 1500 481 ἑσπέρης

237 492 366 547 κέρας
396 490 686 546 κυκλούμενοι
714 490 824 546 πρὸς
847 490 929 546 τὴν
959 495 1214 546 Σαλαμῖνα·

238 561 282 604 οἷ
311 559 422 616 ἀμφὶ
450 558 531 616 τὴν
557 558 674 604 Κέον
702 576 747 604 τε
777 560 850 604 καὶ
869 558 949 616 τὴν
980 557 1276 614 Κυνόσουραν
1305 561 1498 619 τεταγμέ-

182 760 256 800 que
284 745 432 795 stadiis,
465 746 514 783 ob
543 759 714 797 pugnam
737 747 842 783 illam

179 804 357 841 navalem
413 805 582 840 maxime
641 804 841 841 celebrata.

179 863 292 898 Ntuic
318 868 475 898 vocatur
494 860 738 910 Lipsocotalia
769 874 842 898 nec

181 918 266 955 ullis
293 917 435 968 gaudet
462 917 608 955 incolis.
651 916 737 955 Vid.
763 918 844 954 Ae-

180 973 299 1026 schyl.
321 976 425 1011 Pers.
458 973 539 1014 453
560 974 703 1012 Blomf.
741 976 843 1011 Pau-

179 1044 259 1069 san.
280 1032 323 1079 Ι,
347 1034 400 1072 36
419 1031 456 1076 §.
476 1033 515 1070 2.
537 1031 657 1067 Kruse
677 1032 842 1082 He11.11,

182 1090 203 1128 1
227 1101 266 1138 Ρ.
285 1086 378 1128 304-
403 1109 450 1115 -—
492 1089 587 1124 Mox
605 1087 783 1139 Schweig
787 1087 840 1136 h.‚

182 1157 302 1196 quem
322 1145 492 1196 sequitur
513 1144 628 1182 Gaisf.
644 1174 653 1192 ‚
688 1146 842 1182 retinuit

181 1198 482 1252 α’πεβιβάσαντο
501 1201 709 1253 medioque
724 1203 841 1240 verbo

183 1270 269 1295 eam
288 1258 418 1294 tribuit
439 1259 517 1294 vim
531 1288 540 1305 ‚
571 1265 613 1294 ut
633 1261 691 1296 sui
718 1272 841 1307 causa,

181 1317 256 1352 suis
273 1314 471 1351 rationibus
488 1315 700 1353 consulentes
719 1317 758 1352 in
780 1317 843 1352 in-

181 1372 306 1409 sulam
340 1373 451 1408 istam
481 1369 551 1408 hos
585 1374 844 1410 transmiserint

180 1429 334 1465 Persae.
375 1427 569 1479 Equidem
598 1442 688 1465 cum
706 1428 845 1467 Matth.

181 1492 220 1522 et
239 1483 366 1522 Bekk.
392 1485 511 1521 malui
530 1492 628 1522 stare
655 1499 677 1523 a
696 1485 845 1524 Sohae-

180 1542 276 1591 fero,
305 1542 370 1593 qui
391 1555 412 1578 e
432 1541 580 1579 duobus
600 1542 713 1580 codd.
726 1573 735 1590 ,
769 1543 845 1580 du-

183 1597 278 1635 dum
307 1599 463 1636 iubente
490 1597 765 1637 Valckenaerio
797 1598 846 1637 ad

182 1656 290 1702 VIII,
321 1655 398 1704 95,
442 1654 546 1693 dedit
578 1651 842 1708 ἅπεβίβασαν,

182 1719 225 1749 ut
245 1713 359 1764 paulo
380 1719 464 1762 post
485 1709 728 1765 ἀπεβίβαζον
756 1714 844 1751 coll.

180 1771 256 1817 IX,
296 1771 363 1809 32.
393 1769 508 1816 VIII
539 1770 591 1810 95
618 1766 844 1822 (ἀπέβησε).

186 1829 201 1866 1
216 1827 264 1866 19
287 1798 600 1878 (καταβιβάσαι).

241 1877 395 1934 α’νῆγον
420 1880 492 1933 μὲν
520 1880 562 1922 τὸ
591 1878 656 1923 ἄπ’
677 1881 846 1935 ἕσπὲοης

184 1935 301 1986 κέρας
335 1936 603 1989 κυκλούμενοι
641 1955 677 1979 κ.
715 1956 747 1979 τ.
784 1940 840 1991 λ.]

183 1996 309 2032 Locus
349 1975 585 2046 inffpeditior,
622 2010 738 2048 quem
778 2001 844 2035 vix

184 2058 287 2088 recte
329 2052 515 2089 intellexit
551 2054 844 2104 Wesselingius.

183 2110 284 2145 Nam
306 2105 351 2147 τὸ
369 2107 487 2159 κέρας
510 2108 559 2146 de
582 2112 844 2160 promontorio

181 2164 387 2215 Megaridis
408 2167 447 2201 in
459 2179 563 2202 mare
582 2174 713 2204 contra
735 2167 847 2204 Saia-

183 2223 332 2258 minem
353 2224 595 2272 prominente
615 2237 704 2260 cum
731 2224 848 2260 intel-

184 2278 336 2315 lexisset
359 2279 451 2330 (quo
482 2293 595 2316 sensu
620 2293 711 2317 sane
732 2280 852 2331 κέρας

185 2334 290 2386 apud
303 2336 548 2374 Strabon.lX
565 2351 603 2387 p.
626 2336 707 2378 604
728 2351 757 2374 s.
770 2337 851 2378 395

184 2393 233 2429 A.
255 2393 340 2431 coll.
370 2392 531 2430 Salmas.
559 2393 607 2430 ad
621 2395 742 2431 Solin.
765 2407 853 2445 pag.

189 2449 300 2497 116),
313 2457 456 2499 postea,
469 2457 682 2487 commotus
705 2453 856 2501 potissi-

185 2518 297 2542 mum
317 2506 402 2542 loco
423 2505 640 2544 Herodoteo
660 2508 758 2556 VIII,
781 2510 848 2556 85,

188 2560 236 2599 de
260 2561 448 2600 Persarum
470 2564 595 2601 classis
620 2577 740 2601 cornu
769 2566 847 2602 sive

187 2626 294 2669 parte
314 2617 407 2656 haec
428 2621 586 2672 accepit,
607 2619 849 2658 dissentiente

189 2674 567 2727 Schweighaeusero,
587 2679 652 2729 qui
667 2677 713 2715 de
726 2680 848 2715 Grae-

189 2745 324 2769 corum
344 2736 459 2771 classe
480 2742 516 2771 et
532 2734 686 2786 quidem
704 2748 747 2772 ea
758 2748 847 2786 par-

191 2794 240 2834 te,
260 2802 358 2842 quae
374 2790 427 2828 -ad
440 2791 678 2829 occidentem
697 2800 847 2844 specta-

1257 494 1422 548 ἀνῆγον
1453 492 1500 536 δὲ

899 746 965 782 bat
978 776 988 793 ‚
1011 758 1128 798 quam
1148 747 1287 783 Persae
1322 747 1563 784 circuiiiven-

899 805 974 840 turi
1008 810 1045 839 et
1072 804 1312 840 interclusuri
1343 811 1474 851 erant,
1500 818 1564 841 co-

899 859 1100 910 gitandum
1119 874 1197 897 esse
1218 862 1376 908 censuit,
1409 856 1563 912 ἐνῆγον

901 917 1072 954 absolute
1101 916 1366 968 accipiendum
1396 930 1474 954 esse
1496 930 1559 954 ra-

900 980 959 1011 tus
989 975 1065 1012 scil.
1103 971 1172 1020 τιές
1204 976 1317 1023 νῆας.
1366 973 1560 1026 Equidem

898 1030 1018 1067 malui
1055 1043 1167 1068 voces
1203 1027 1248 1070 τό
1279 1026 1352 1070 εἶπ’
1394 1029 1560 1080 ἑσπέρας

898 1086 1015 1139 κέρας
1036 1088 1177 1124 referre
1208 1087 1255 1124 ad
1278 1083 1433 1139 α’νῆγον
1461 1089 1560 1124 clas-

897 1157 1057 1196 semque
1090 1145 1303 1195 intelligere
1341 1146 1558 1190 Persarum,

899 1203 964 1254 qui
976 1215 1094 1238 cornu
1107 1203 1250 1247 (classis
1265 1202 1370 1250 suae)
1386 1200 1436 1249 id,
1455 1201 1558 1253 quod

899 1258 949 1295 ad
961 1272 1138 1295 occasum
1150 1259 1356 1309 spectabat,
1369 1259 1561 1295 moverint

898 1329 928 1353 s.
948 1314 1199 1366 produxerint
1219 1316 1457 1352 Salaminem
1472 1329 1560 1351 ver—

898 1385 973 1420 sus,
994 1385 1110 1423 quam
1121 1373 1284 1409 insulam
1305 1373 1559 1409 circumirent.

898 1430 958 1466 Ac
993 1430 1091 1465 bene
1126 1430 1250 1467 Klotz,
1297 1428 1365 1478 (ad
1398 1430 1559 1465 Luciaui

900 1485 1064 1536 dialogg.
1087 1487 1213 1524 Mortt.
1234 1498 1322 1536 pag.
1339 1485 1410 1533 47)
1433 1486 1561 1522 brevi-

897 1543 1136 1594 loquentiam
1157 1543 1334 1580 orationis
1358 1542 1420 1579 hic
1440 1550 1560 1590 notat,

902 1600 978 1652 quii
997 1612 1110 1637 voces
1121 1596 1164 1639 τό
1182 1594 1423 1650 εἶπ’ἕσπέρας
1443 1599 1562 1650 κέρας

901 1664 1095 1708 ponantur
1120 1668 1208 1707 pro:
1249 1652 1292 1696 vd
1324 1652 1421 1708 πρὸς
1448 1655 1560 1695 ἕσπέ-

902 1729 977 1765 ραν
996 1712 1125 1763 κέρας,
1150 1708 1226 1761 ἀφ’
1255 1711 1433 1764 ἑσπέρας.
1462 1714 1560 1750 Ver-

901 1772 996 1808 bum
1028 1766 1191 1822 οΞ-ναγειν
1219 1771 1376 1807 omnino
1407 1783 1486 1806 esse
1502 1771 1561 1806 vi-

902 1827 1035 1865 detur:
1064 1840 1169 1865 naves
1187 1840 1204 1864 e
1230 1829 1383 1864 statione
1401 1829 1563 1864 ancoris-

904 1898 989 1935 (με,
1024 1885 1086 1922 ubi
1117 1886 1262 1922 stabant
1292 1887 1450 1934 quietae,
1489 1884 1562 1921 loco

901 1955 1035 1979 movere
1057 1946 1163 1994 atque
1183 1943 1220 1978 in
1243 1954 1338 1978 mare
1358 1941 1472 1977 altum
1490 1941 1562 1978 ‹lu-

901 2012 987 2037 cere.
1058 1999 1168 2038 Conf.
1209 2011 1322 2049 supra
1359 1999 1471 2034 allata
1513 1996 1562 2034 ad

900 2056 1010 2103 VIII,
1042 2057 1094 2095 60
1116 2057 1153 2100 §,
1175 2058 1208 2095 1.
1231 2077 1282 2082 ——
1313 2053 1376 2091 Ad
1397 2055 1563 2091 locutio-

901 2125 993 2148 nem
1013 2110 1127 2161 μέσαι
1148 2107 1289 2156 νύκτες
1307 2110 1406 2147 couf.
1426 2111 1563 2146 Blom—

902 2167 1004 2205 field.
1033 2168 1225 2204 simillima
1253 2168 1363 2217 plura
1389 2168 1562 2203 excitau-

902 2232 980 2262 tem
1003 2224 1051 2261 ad
1072 2222 1251 2275 Aescbyl.
1274 2222 1446 2274 Choeph.
1469 2225 1565 2264 28¹2.

960 2281 1001 2321 οἱ
1019 2277 1124 2332 ἀμφὶ
1136 2278 1210 2331 τήν
1233 2279 1339 2319 Κέον
1361 2295 1399 2319 τε
1409 2279 1476 2319 καὶ
1489 2277 1565 2330 τήν

906 2333 1174 2387 Κυνόσουραν
1203 2335 1450 2389 τεταγμένοι]
1483 2337 1506 2374 i.
1529 2349 1564 2373 e.

906 2396 999 2447 „qui
1027 2394 1076 2432 ad
1103 2395 1224 2431 Ceum
1260 2402 1297 2431 et
1326 2395 1566 2445 Cynosuram

905 2450 1096 2489 habebant
1118 2453 1342 2499 stationem,
1360 2452 1387 2487 ii
1411 2463 1567 2502 quoque

905 2510 1053 2546 ancoris
1078 2509 1208 2545 solutis
1238 2509 1357 2544 altum
1384 2507 1565 2544 tenebant

905 2578 1097 2617 omneque
1123 2565 1262 2602 fretum
1291 2565 1458 2612 insulae,
1489 2564 1565 2616 quai

903 2624 1080 2660 transitus
1111 2622 1153 2659 fit
1182 2635 1230 2658 ex
1247 2623 1395 2670 Attica,
1429 2622 1565 2672 expie-

903 2680 995 2716 bant
1013 2678 1060 2715 ad
1079 2677 1317 2716 Munichiam
1333 2692 1454 2730 usque
1479 2691 1565 2714 me-

903 2735 1038 2772 ridiem
1065 2743 1101 2773 et
1120 2737 1308 2772 orientem
1327 2749 1453 2773 versus
1477 2747 1565 2785 por·

903 2794 994 2831 recti
1017 2793 1065 2831 ob
1093 2794 1253 2830 nimiam
1276 2794 1434 2831 navium
1461 2791 1565 2828 mul-

1552 285 1629 312 ctass
1617 292 1678 311 cem
1697 283 1829 310 Graeco-

1549 327 1615 345 rum
1635 317 1764 355 undique

1529 360 1599 394 omn

1553 353 1638 414 e'xci

1625 360 1659 378 en
1653 356 1707 378 ntes
1727 350 1799 386 luga

1641 385 1724 412 dunt.

1555 570 1638 612 655
