1879 3222
849 162 1306 201 HERono‘rl

450 273 506 316 ἂν
536 270 595 328 μὴ
622 271 788 315 ἰδοίατο
816 271 860 314 οἱ
888 270 1054 326 Πέρσαι
1079 271 1446 329 ἐξορμεωμένους,
1475 274 1549 316 καί
1568 284 1703 328 σφεας

419 337 653 395 5έπόμενοι
681 337 937 393 ταράσσοιεν
963 341 1008 383 οἱ
1037 340 1223 384 ἱππόται.
1278 340 1557 395 ἀπικομένων
1585 341 1632 384 δε
1658 343 1702 393 ἐς

444 407 523 451 τὸν
549 410 695 463 χῶρον
731 410 891 450 τοῦτον
924 407 1000 452 τὸν
1042 409 1095 464 δὴ
1130 406 1156 465 ἡ
1187 408 1365 460 Ἀσωπὶς
1388 408 1554 466 Ὠερόη
1582 425 1703 463 περι-

446 476 628 530 σχίζεται
659 474 822 529 ῥέουσα
863 473 910 517 ἐκ
938 480 1016 519 τοῦ
1049 477 1349 531 Κιθαιρῶνος,
1391 477 1478 521 ὑπὸ
1508 478 1590 534 τήν
1620 476 1702 520 νύ-

444 558 526 586 κτα
565 540 727 598 ταύτην
769 541 912 586 ἐδόκεε
948 543 1048 594 τοὺς
1087 541 1263 598 ἡμίσεας
1302 544 1577 589 ἀποστέλλειν
1618 546 1759 587 τοῦΞο

447 609 744 662 στρατοπέδου
778 609 889 665 πρὸς
926 610 1003 653 τόν
1034 613 1312 664 Κιθαιρῶνα,
1352 612 1412 662 ὥς
1440 612 1703 667 ἀναλάβοιεν

446 676 551 728 τούς
584 677 778 728 ὀπέωνας
807 677 911 728 τούς
951 678 1017 721 ἐπὶ
1054 678 1105 719 τά
1137 680 1250 720 σιτία
1280 678 1557 734 οἰχομένους·

319 744 387 791 52
443 744 525 800 γὰρ
555 743 602 788 ἐν
634 750 694 804 τῷ
723 748 973 800 Κιθαιρῶνι
1002 743 1356 800 απολελαμμένοι.

1588 675 1702 735 ἦσαν

1418 749 1564 789 Ταῦτα
1598 749 1702 802 βου-

116 809 161 837 ffi
195 808 263 837 ‘¹⁰¹¹'
292 810 391 838 ”²⁶¹²
447 812 728 867 λευσᾶμενοι,
768 816 916 868 κείνην
947 812 1024 867 μὲν
1062 811 1142 867 τὴν
1170 811 1333 869 ἡμέρην
1361 817 1529 863 πᾶσαν,
1566 826 1703 868 προσ-

115 844 213 878 acies,
232 844 326 871 inscio
345 845 390 872 ἰιι-

115 865 238 917 vitaque
262 877 375 905 Pausa-

116 920 145 938 m
137 911 186 945 i‚a
209 912 290 950 ipsas
308 911 374 940 ma-

116 931 199 973 taea's
215 945 302 981 petit,

418 879 649 935 Ξκειμένης
683 883 759 936 τῆς
787 881 944 932 ἵππου,
986 877 1104 935 εἶχον
1135 879 1274 924 πόνον
1312 880 1516 934 ἄτρυτον.
1573 880 1632 932 ὥς
1660 882 1758 926 δὲΞὸ

447 948 476 1003 ἥ
503 963 546 991 τε
575 947 710 1003 ἡμέρη
738 948 880 1004 ἔληγε,
910 947 984 992 καὶ
1012 949 1055 990 οἱ
1083 948 1232 1000 ἱππέες
1260 948 1518 1001 ἐπέπαυντο,
1546 949 1705 1000 νυκτὸς

447 1014 500 1070 δή
528 1015 782 1071 γινομένης,
820 1017 893 1060 καὶ
932 1017 1089 1074 ἐούσης
1124 1025 1198 1075 τῆς
1228 1016 1363 1073 ὥρης,
1402 1016 1444 1067 ἐς
1471 1015 1551 1071 τὴν
1580 1014 1702 1058 συνέ-

444 1081 563 1126 κειτό
591 1094 670 1139 σφι
686 1081 1056 1137 ἀπαλλάσσεσθαι,
1087 1087 1278 1130 ἐνθαῦτα
1293 1084 1519 1139 ἀερθέντες
1544 1084 1588 1127 οἷ
1602 1087 1703 1127 πολ-

444 1149 516 1193 λοὶ
544 1147 895 1208 ἀπαλλάσσοντο,
934 1152 977 1206 ἐς
1004 1153 1083 1211 μὲν
1110 1153 1189 1198 τὸν
1215 1157 1360 1210 χῶρον
1388 1152 1432 1204 ἐς
1469 1152 1548 1196 τὸν
1576 1151 1703 1195 συνέ-

449 1364 502 1414 ὥς
523 1360 765 1419 ἀναλάβοιεν
785 1384 823 1409 κ.
837 1385 871 1412 τ.
891 1369 940 1422 λ.]
961 1368 1047 1410 Vid.

390 1424 459 1471 IX,
482 1425 535 1465 50
546 1423 610 1463 fin.
627 1423 692 1464 ἐπὶ
711 1422 758 1464 τὰ
779 1427 883 1466 σιτία
902 1427 1048 1465 dictum

394 1492 476 1517 non
503 1481 611 1517 aliter
644 1489 758 1533 atque
788 1484 944 1531 111,14
968 1485 1049 1532 (ubi

391 1535 469 1574 vid.
489 1535 604 1588 nott.)
633 1537 697 1577 ἕντι
722 1535 766 1578 τό
783 1535 908 1591 υδωρ.
955 1542 1049 1577 For-

388 1605 495 1628 mam
556 1589 870 1644 απολελαμμένοι
939 1596 1049 1634 affert

387 1646 523 1684 Matth.
562 1649 629 1685 Gr.
765 1652 802 1695 ξ.
840 1651 920 1691 2ι2
959 1665 1046 1701 pag.

387 1703 492 1750 4723
532 1702 580 1740 de
618 1706 726 1743 verbi
773 1707 1047 1756 significatione

389 1759 492 1797 conf.
518 1760 626 1807 Vm,
667 1763 734 1800 11.

617 1870 711 1923 Cap.
739 1873 821 1911 LII.

446 1956 553 2011 εἶχον
573 1959 705 2001 πόνον
728 1959 916 2013 ἄτρυτον]
940 1960 1047 2014 εἶχον

388 2019 563 2055 meliores
596 2017 710 2055 codd.
739 2019 950 2057 offerebant
977 2034 1046 2071 pro

389 2073 503 2125 ἕχον,
544 2074 648 2126 quod
681 2083 766 2125 post
795 2075 1047 2114 Schaeferum

388 2132 627 2168 retinuerunt
650 2131 783 2169 Matth.
812 2140 850 2170 et
877 2132 1048 2175 Bekker.

387 2184 557 2238 ἄτρυτον
577 2183 708 2228 πόνον
734 2190 910 2240 intelligit
942 2190 1046 2227 inde-

381 2243 516 2294 fessum
573 2244 746 2293 laborem,
806 2247 1042 2295 vehementem,

386 2307 428 2337 ut
447 2299 549 2352 apud
569 2299 749 2352 Sophocl.
777 2304 839 2339 Αἰ.
872 2305 950 2344 788
971 2318 1046 2342 κα-

387 2354 436 2395 κοὶ
470 2354 638 2409 ἅτρυτα,
683 2358 710 2394 ἰ.
739 2371 772 2396 e.
804 2355 1041 2408 πολύτρυτα,

387 2410 495 2452 πάνυ
533 2415 755 2453 munima:
805 2428 904 2467 quae
945 2417 1042 2452 bene

388 2470 512 2507 attulit
545 2469 787 2509 Doederlein.
832 2473 891 2508 De
929 2471 1042 2523 alpha

388 2525 562 2564 intensiv.
588 2540 675 2578 pag.
696 2530 763 2568 21.
785 2551 836 2556 —
871 2529 915 2564 In
935 2542 1041 2581 seqq.

385 2582 523 2617 retinui
550 2596 638 2620 cum
658 2583 864 2621 Schaefero
884 2585 1044 2637 γινομέ-

386 2650 481 2686 νης,
513 2641 618 2676 cuius
643 2640 727 2678 loco
753 2639 974 2692 Schweigb,
1006 2647 1044 2679 et

387 2692 505 2730 Gai-ss.
521 2692 701 2733 dederant
721 2696 954 2748 γενομένης,
975 2697 1043 2736 sed

387 2749 508 2787 abieci
528 2752 703 2789 voculam
732 2751 781 2804 δή
813 2761 901 2792 ante
926 2754 1043 2796 συνέ-

1103 1385 1207 1411 neno
1223 1369 1323 1407 male
1342 1370 1486 1406 illatam
1505 1376 1541 1406 et
1554 1368 1758 1419 eproxime

1104 1426 1434 1474 antecedentibus,
1465 1433 1508 1463 ut
1536 1423 1631 1462 mihi
1658 1432 1759 1462 certe

1103 1484 1272 1532 videtur,
1296 1481 1371 1520 huc
1393 1484 1507 1519 etiam
1526 1483 1760 1520 translatam.

1102 1542 1355 1578 Retinuemnt
1364 1538 1559 1578 Schaefer.
1576 1545 1613 1576 et
1621 1536 1760 1577 Matth-

1160 1625 1370 1679 ἀερθέντες
1380 1649 1434 1656 —
1445 1623 1757 1678 ἆπαλλᾶσσοντο]

1103 1685 1261 1721 vertunt
1280 1685 1423 1733 vulgo:
1454 1683 1604 1720 sublatis
1624 1687 1760 1722 utemi-

1102 1741 1194 1777 libus
1203 1754 1231 1777 s.
1248 1739 1399 1777 collectis
1409 1741 1504 1776 vasi·
1515 1739 1760 1791 discesserunt,

1101 1798 1172 1833 nisi
1193 1793 1402 1846 αἐρθέντες
1431 1797 1589 1832 omnino
1609 1809 1699 1833 eum
1718 1797 1760 1833 iu

1099 1852 1263 1890 modum
1282 1850 1344 1889 hic
1355 1850 1528 1888 additum
1546 1858 1667 1902 putes,
1684 1866 1761 1905 quo

1102 1910 1192 1946 alias
1226 1906 1492 1959 όρμηθέντεςε
1526 1906 1574 1945 de
1601 1921 1678 1961 quo
1699 1911 1763 1960 egi

1102 1965 1152 2002 ad
1174 1966 1281 2010 VIII,
1320 1966 1412 2004 133.
1442 1967 1571 2015 Ipsum
1599 1966 1761 2003 verbum

1103 2021 1152 2059 de
1172 2023 1309 2068 classe,
1340 2033 1438 2072 quae
1452 2022 1537 2058 vela
1555 2023 1676 2059 ventis
1696 2021 1761 2060 dat

1102 2080 1221 2131 inque
1250 2078 1370 2114 altum
1388 2078 1522 2125 solvit,
1551 2080 1760 2129 reperimus

1102 2136 1142 2184 1,
1172 2134 1262 2176 165.
1288 2137 1378 2174 170.
1436 2134 1542 2178 Quae
1576 2137 1758 2172 continuo

1097 2197 1319 2244 sequuntur,
1340 2189 1388 2226 ob
1409 2192 1571 2228 rationes
1588 2193 1758 2243 particu-

1097 2249 1220 2286 larum
1242 2244 1315 2297 μὲν
1339 2253 1375 2282 et
1396 2244 1458 2293 δὲ,
1478 2248 1602 2298 attigit
1620 2246 1758 2289 matth.

1098 2306 1166 2346 Gr.
1188 2305 1254 2340 Gr.
1276 2304 1312 2348 §.
1333 2304 1414 2343 289
1430 2332 1439 2349 ,
1460 2310 1539 2340 not.
1563 2307 1588 2344 9
1606 2318 1644 2355 p.
1661 2304 1756 2345 582„
1810 2319 1817 2324 ·

1096 2363 1147 2398 Et
1167 2360 1254 2397 vide
1283 2371 1438 2411 quoque
1473 2361 1522 2397 sis
1542 2359 1591 2396 ad
1615 2359 1756 2397 Herod.

1097 2419 1136 2465 1,
1165 2419 1218 2457 66
1252 2423 1348 2452 nott.
1394 2417 1459 2452 Tu
1485 2415 1621 2454 reddas
1647 2417 1754 2453 licet:

1100 2477 1137 2511 in
1170 2486 1245 2510 eum
1275 2473 1405 2519 locum,
1441 2474 1480 2509 in
1505 2485 1603 2523 quen
1631 2483 1755 2509 conve-

1099 2534 1225 2577 nerat,
1256 2531 1392 2566 minime
1414 2530 1454 2565 in
1483 2530 1601 2566 anino
1621 2527 1753 2564 haben-

1100 2591 1150 2623 tes
1164 2598 1337 2636 pergere,
1369 2585 1625 2632 sed,u1n·10co
1652 2588 1752 2621 erant

1099 2645 1205 2688 moti,
1228 2644 1421 2692 equitatum
1436 2640 1644 2677 laetabundi
1659 2640 1752 2689 effu-

1097 2700 1242 2748 gerebant
1287 2698 1335 2736 ad
1371 2697 1598 2735 Plataearum
1633 2697 1752 2734 urben

1098 2758 1263 2794 conveni.
