1996 3238
2 2975 3 2978 Α
1 2694 17 2949 ’,ῆψ-,μη-α-,ςξῃ
10 2604 14 2671 μμ-

8 3099 17 3238 -ὴκηῃ
16 3075 17 3078 „
1 3033 18 3040 .-

469 212 554 254 154
869 213 1332 251 HERODOTI

469 319 526 377 ἢν
555 319 639 374 ἄρα
667 321 709 363 τί
736 337 812 376 μιν
839 321 1148 381 καταλαμβάνῃ
1169 322 1281 378 πρὸς
1304 321 1548 379 Ἀθηναίων
1572 321 1727 374 πάθος,

308 388 408 433 110
474 392 545 446 ἔχῃ
576 386 886 444 ἀποστροφήν·
919 390 973 433 τά
1001 407 1080 446 περ
1112 386 1172 434 ὧν
1199 392 1272 434 καὶ
1303 391 1479 446 ἐγένετο.
1521 395 1732 445 Θεμιστο-

137 451 382 524 ἒῖῗῗέῗξὶοἳᾏεὲςε
471 457 596 513 κλὲης
629 456 708 513 μὲν
725 460 860 500 ταῦτα
879 457 1030 513 λέγων,
1061 458 1276 513 διέβαλλε·
1301 457 1529 514 Ἀθηναῖοι
1551 459 1595 502 δὲ
1626 459 1731 501 ἐπεί-

139 519 381 580 {gssfl'fflssgfflm
444 532 629 570 Ξθοντο.
687 524 831 580 ἐπειδὴ
860 525 963 581 γάρ,
995 526 1068 569 καὶ
1097 525 1311 581 πρότερον
1337 526 1593 582 δεδογμένος
1623 523 1787 569 εἶναιῚΟ

471 592 623 649 σοφός,
655 592 797 649 ἐφάνη
829 592 914 637 ἐών
943 591 1138 650 ἀληθέως
1169 594 1306 651 σοφός
1335 611 1379 638 τε
1408 596 1481 639 καὶ
1503 593 1730 651 εὔβουλος,

412 784 470 820 nit
499 779 779 819 Themistocles
803 779 842 814 in
864 777 926 813 illa
954 777 1073 813 nobili

414 839 571 891 epistola
613 836 661 873 ad
702 836 941 871 Artaxerxen
986 833 1074 870 data

414 894 518 947 apud
539 890 720 944 Thucyd.
741 892 778 938 I,
803 893 895 931 138.
918 889 1074 938 „Val-

414 952 541 990 clcen.
592 951 662 986 Cui
688 949 785 984 bene
825 948 876 983 ita
918 947 1073 998 obloqui

412 1008 564 1047 videtur
595 1003 862 1052 Schwez'gle.
895 1002 953 1041 his
990 1017 1075 1040 ver-

413 1066 521 1103 bis:“
551 1065 600 1101 At
627 1075 705 1098 non
729 1060 873 1098 Persam
904 1060 1074 1111 facturus

412 1125 490 1160 erat
504 1116 744 1170 ἄποθήκηντ
771 1116 837 1153 sed
850 1116 921 1154 hoc
934 1119 1072 1168 ipsum,

413 1177 518 1231 quod
536 1190 639 1213 nunc
659 1175 806 1224 agebat,
820 1187 958 1224 nempe
970 1172 1073 1225 quod

410 1233 661 1272 Athenienses
673 1246 694 1268 a
715 1231 870 1267 consilio
890 1232 929 1267 in
943 1232 1075 1267 Helle-

410 1298 590 1343 spontum
626 1286 832 1338 navigandi
862 1295 1074 1339 pontesque

407 1347 613 1398 rumpendi
623 1343 1061 1395 deterruit‚hoc‚inquam
1069 1373 1078 1391 ,

410 1406 577 1442 facturus
604 1410 682 1440 erat
704 1397 924 1452 οἷποθήκην
949 1401 988 1448 ἐς
1008 1400 1073 1442 τὸν

411 1460 593 1513 Πέρσεαὲ
624 1461 690 1496 ubi
710 1472 777 1510 per
796 1460 1073 1511 metonymiam

411 1513 608 1568 ἀποθήκη
638 1516 776 1553 dicitur
795 1514 857 1563 id,
892 1515 997 1568 qnod
1019 1523 1073 1553 est

410 1570 635 1622 α’πόθετον,
678 1574 860 1610 thesaurus
901 1575 1072 1624 repositus

410 1632 710 1682 intelligiturque
736 1631 936 1680 beneficium
957 1631 992 1667 in
1016 1643 1072 1667 rc-

411 1700 490 1738 gem
508 1687 674 1724 collatum
701 1693 737 1722 et
757 1687 796 1722 iu
818 1687 963 1723 futuros
983 1699 1072 1722 usus

412 1743 514 1796 apud
546 1756 636 1780 eum
667 1743 917 1787 collocatum,
947 1745 1072 1791 gratia

412 1800 512 1852 apud
540 1812 656 1849 regem
684 1802 720 1836 in
740 1799 908 1849 futurum
938 1803 1071 1848 tempus

412 1859 516 1896 inita.
594 1858 662 1893 Est
700 1857 829 1903 enim,
889 1862 930 1892 ut
981 1857 1071 1892 scite

411 1921 525 1965 poeta
564 1914 639 1962 ait,
697 1908 878 1964 Καλόνγε
912 1908 1073 1962 θησαύ-

413 1983 535 2022 ρισμα
558 2000 568 2018 ,
627 1968 790 2020 κειμένη
833 1966 986 2020 χάρις.ιι
1017 1989 1072 1998 ·-

410 2026 473 2064 Ad
532 2027 693 2064 verbum
755 2021 1074 2076 καταλαμβάνειν

412 2084 514 2122 conf.
555 2084 665 2120 allata
696 2081 744 2119 ad
772 2084 849 2131 111,
890 2082 944 2123 42
968 2089 1004 2118 et
1025 2081 1073 2118 ad

411 2153 574 2191 sequens
596 2134 652 2178 ὦν
672 2138 795 2176 Matth
825 2141 861 2185 ξ.
884 2139 963 2180 625
986 2152 1073 2190 pag.

417 2197 535 2238 1274.
569 2195 672 2234 Add.
691 2195 837 2234 Herod.
857 2196 956 2246 VIII,
982 2198 1073 2237 128.

414 2256 493 2295 133
515 2254 583 2292 lin.

634 2310 726 2360 Cap.
760 2310 841 2347 CX.

471 2365 665 2418 διέβαλλε]
702 2368 727 2406 i.
761 2380 794 2404 e.
831 2366 985 2416 decepit,
1010 2365 1076 2415 se-

408 2422 524 2473 fellit.
581 2422 667 2460 Vid.
705 2430 800 2462 nott.
841 2422 888 2459 ad
923 2423 976 2470 V,
1008 2423 1075 2462 50.

413 2479 476 2516 Ad
488 2493 566 2531 seq.
580 2478 812 2531 δεδογμένος
827 2479 929 2516 conf.
939 2478 1073 2516 Matth.

416 2537 480 2572 Gr.
512 2537 578 2573 Gr.
620 2538 656 2582 ξ.
683 2535 763 2577 495
804 2549 838 2574 c.
867 2548 956 2587 pag.
980 2536 1075 2575 931.

414 2593 508 2629 Mox
538 2594 708 2645 plerique
728 2593 834 2640 libri,
869 2605 964 2645 quos
985 2604 1076 2627 cum

415 2647 636 2699 Schweigh.
687 2657 725 2686 et
761 2649 879 2687 Gaisf.
923 2655 1074 2686 secutus

413 2718 521 2753 sum,
548 2705 769 2754 ἐπίστευσε,
790 2707 856 2742 ubi
877 2707 969 2743 olim
989 2704 1074 2744 ἐπέ-

414 2765 541 2810 τελλε,
598 2761 700 2814 quod
740 2762 887 2799 dudum
920 2776 969 2799 ex
1007 2774 1073 2799 ora

415 2816 603 2871 Stephani
631 2820 671 2855 iu
701 2817 878 2860 ἐπίστευε
908 2825 1072 2857 mutarat

1129 775 1422 815 Valckenaerius
1445 776 1579 830 (quem
1594 776 1788 815 Schaefer.

1129 833 1265 871 Matth.
1292 842 1328 871 et
1356 833 1525 871 Belxker.
1560 833 1789 886 sequuntur)

1128 892 1180 928 sic
1227 893 1497 942 interpretans3
1547 904 1630 940 quos
1660 895 1790 927 utcun-

1134 961 1196 998 que
1217 950 1392 985 tormentis
1412 950 1713 992 excruciarentur,
1734 947 1791 996 fi-

1132 1005 1206 1041 deli
1222 1004 1379 1042 credebat
1401 1004 1634 1041 occultaturos
1652 1003 1792 1040 silentio

1133 1074 1222 1111 quae
1254 1063 1333 1110 regi
1374 1062 1576 1098 mandasset
1627 1059 1789 1098 dicenda.

1131 1119 1210 1154 Nec
1228 1119 1332 1154 aliter
1343 1120 1487 1168 accepit
1501 1117 1790 1165 wesselingms.

1131 1177 1188 1211 De
1212 1175 1358 1211 St'cz'maeo
1387 1173 1575 1226 quaedam
1596 1174 1790 1209 attulimus

1133 1230 1181 1268 ad
1205 1232 1310 1279 vlu,
1349 1233 1423 1273 75:
1458 1232 1564 1268 cuius
1593 1230 1678 1266 loco
1710 1229 1790 1266 Po-

1131 1289 1288 1339 lyaenus
1318 1290 1354 1333 Ι,
1397 1291 1472 1334 30,
1505 1290 1527 1327 3
1563 1293 1674 1323 vocat
1699 1280 1790 1334 Ἀρ-

1132 1342 1278 1394 σοῖκηνς
1319 1343 1545 1380 Plutarchus
1579 1340 1733 1380 Aristid.
1764 1343 1789 1381 9

1130 1415 1218 1452 pag.
1236 1400 1315 1441 524
1336 1402 1381 1437 B.
1412 1400 1601 1440 Themist.
1632 1401 1681 1439 16
1701 1410 1789 1449 pag.

1133 1461 1210 1499 120
1231 1459 1274 1494 C.
1298 1453 1518 1509 Ἀρνάκην,
1549 1457 1697 1506 regium
1720 1467 1791 1490 eu-

1127 1513 1301 1551 nuchum
1355 1521 1391 1550 et
1432 1514 1626 1563 captivum
1663 1511 1791 1549 scribit

1127 1573 1286 1608 missum
1308 1584 1386 1607 esse
1408 1570 1455 1607 ad
1469 1572 1651 1608 Xerxem.
1691 1568 1790 1605 Cum

1131 1627 1326 1665 Herodoto
1367 1628 1455 1664 facit
1487 1626 1676 1663 Diodorus
1720 1625 1788 1674 XI,

1134 1687 1183 1724 19
1197 1698 1217 1720 a
1231 1684 1492 1721 Themistocle
1512 1696 1668 1719 narrans
1690 1681 1790 1717 filio-

1129 1754 1215 1776 rum
1237 1740 1504 1791 paedagogum
1520 1740 1677 1776 missum
1698 1750 1789 1786 esse,

1128 1798 1297 1848 itemque
1327 1798 1490 1833 Iustinus
1519 1797 1576 1843 II,
1610 1798 1685 1841 13,
1722 1807 1790 1845 per

1128 1867 1280 1891 servum
1303 1853 1423 1890 fidum
1454 1853 1574 1889 Xerxi
1602 1850 1695 1888 haec
1729 1852 1792 1887 in-

1130 1910 1271 1947 dicasse
1293 1909 1595 1947 Themistoclem
1621 1920 1792 1944 nerrans.

1130 1966 1241 2013 Quod
1280 1980 1371 2004 vero
1409 1966 1511 2017 apud
1543 1963 1724 2015 Thucyd.
1760 1965 1791 2013 1,

1132 2027 1231 2071 138,
1283 2037 1331 2060 ex
1360 2037 1436 2075 quo
1474 2022 1599 2059 hausit
1638 2021 1791 2059 Cornel-

1129 2082 1224 2132 Nep.
1237 2079 1487 2117 Themistocl.
1501 2083 1525 2120 9
1538 2110 1547 2126 ,
1569 2077 1793 2116 Themisto-

1130 2139 1204 2174 cles
1226 2138 1348 2174 literas
1362 2139 1442 2187 regi
1462 2137 1649 2187 scripsisse
1661 2147 1792 2172 narra-

1130 2201 1193 2232 tur
1212 2224 1222 2242 ‚
1277 2193 1317 2231 id
1366 2196 1447 2230 iure
1494 2196 1654 2229 miratur
1702 2191 1790 2227 Val-

1131 2250 1309 2289 ckenaer.
1343 2249 1509 2301 indeque
1537 2250 1585 2286 ob
1609 2247 1791 2285 Herodoti

1129 2308 1390 2345 testimonium
1408 2319 1428 2342 a
1445 2314 1523 2342 tam
1544 2313 1654 2343 canto
1667 2306 1793 2355 impe-

1131 2371 1255 2401 ratore
1278 2377 1338 2400 eas
1368 2364 1522 2413 scriptas
1554 2376 1633 2399 esse
1664 2368 1790 2412 negat,

1132 2422 1351 2472 praesertim
1373 2434 1461 2456 cum
1484 2422 1561 2470 ipsa
1583 2433 1640 2456 res
1660 2421 1704 2455 sit
1717 2419 1793 2454 mi-

1132 2479 1235 2514 uime
1251 2476 1505 2514 credibilis.—
1522 2470 1790 2523 afim-eororam)

1133 2541 1275 2585 spectat
1307 2533 1354 2570 ad
1376 2547 1440 2580 ea,
1487 2546 1585 2586 quae
1606 2533 1713 2576 VIII,
1737 2528 1789 2570 75

1132 2590 1268 2628 tradita
1297 2592 1485 2641 leguntur.
1543 2591 1586 2624 Iu
1615 2587 1790 2638 proxime

1131 2662 1238 2699 seqq.
1262 2660 1329 2697 pro
1357 2646 1461 2696 vulg.
1498 2641 1654 2694 ἐπειδή,
1686 2641 1791 2694 quod

1131 2718 1221 2742 cum
1256 2703 1461 2741 Schaesero
1492 2707 1624 2738 tenent
1654 2698 1790 2736 Matth.

1130 2769 1167 2798 et
1213 2759 1430 2806 Bekkerus,
1489 2771 1510 2794 e
1557 2757 1788 2804 Florentino,

1129 2819 1209 2856 aliis
1229 2830 1334 2855 nunc
1354 2815 1562 2867 repositum
1583 2813 1666 2854 ἐπεὶ
1686 2827 1739 2853 τε.
