1996 3238
0 0 21 52 m

170 441 342 476 Alexandro,

340 340 437 387 143
495 338 682 396 „o'eznffis
713 338 885 386 ουδὲν·“

170 407 444 443 Αιιιεηῖειιεεεςυῐᾶ
499 414 620 454 ναῖοι
652 410 698 452 δὲ

496 233 579 274 202
888 234 1354 274 HERODOTI

948 345 1092 387 Ταῦτα
1121 343 1268 396 ἔλεξαν
1307 345 1351 388 οἱ
1381 342 1565 400 ἄγγελοι.

735 407 844 464 πρὸς
873 408 950 464 μὲν
980 408 1260 466 Ἀλέξανδρον
1299 411 1586 466 ὑπεκρίναντο
1624 413 1800 457 τάδε·25

1619 343 1745 403 Ἀθη-

496 477 612 533 ,,Καὶ
640 476 764 520 αὐτοὶ
796 475 926 521 τοῦτό
956 494 1003 533 γε
1034 478 1316 534 ἐπιστάμεθα,
1355 479 1422 522 ὅτι
1450 482 1745 537 πολλαπλησίη

497 545 617 600 ,ἐστὶ
644 547 706 601 τῷ
735 543 877 602 Μήδῳ
916 546 1100 601 δύναμις
1137 546 1164 601 ἤ
1204 562 1282 601 περ
1319 545 1438 603 ἡμῖν·
1477 547 1582 591 ὥστε
1615 547 1747 591 οὐδὲν

468 614 613 667 2,,δέει
633 612 761 656 τοῦτό
781 629 828 666 γε
850 611 1084 666 ὀνειδίζειν.
1115 613 1203 656 ἀλλ’
1231 614 1359 669 ὅμως,
1391 615 1638 671 ἐλευθερίης
1657 619 1747 669 γλι-

497 681 734 737 ,,χόμενοι,
783 679 1062 736 ἀμυνεύμεθα
1109 680 1224 724 οὕτω
1268 681 1381 731 ὅκως
1419 681 1474 724 ἂν
1503 683 1575 726 καὶ
1611 682 1746 726 δυνώ-

497 753 652 804 „mem

710 746 974 804 ὁμολογῆσαι
1002 750 1048 792 δὲ
1077 753 1137 805 τῷ
1153 747 1363 805 βαρβάρῳ
1394 750 1497 804 μήτε
1529 750 1583 794 σύ
1613 749 1746 806 ἡμέας
1759 756 1803 790 30

468 819 662 869 3,,πειρῶ
691 816 962 868 ἀναπείθειν,
995 816 1094 861 οὔτε
1113 816 1240 874 ἡμέες
1260 815 1511 870 πεισόμεθα.

1568 820 1670 859 Νῦν
1699 817 1745 860 δὲ

495 881 758 938 ,,ἄπάγγελλε
781 885 1038 942 Μαρδονίῳ,
1055 883 1350 940 ὤςἈθηναῖοι
1365 882 1551 939 λέγουσι,
1583 883 1667 927 ἔστ’
1692 883 1747 926 ἂν

495 951 544 1004 ,,ὁ
574 951 695 1007 ἥλιος
732 950 811 1008 τήν
848 949 987 1008 αὐτην
1033 951 1139 997 ὁδὸν
1168 955 1213 1010 ἴῃ
1247 956 1300 1009 τῇ
1335 967 1414 1008 περ
1455 953 1527 995 καὶ
1572 955 1658 994 νῦν
1684 951 1748 1006 ἔρ-

628 1115 720 1166 Cap.
743 1115 909 1154 chm.

493 1189 711 1244 Ἀθηναῖοι
723 1192 764 1233 δὲ
783 1191 882 1245 πρὸς
898 1191 968 1245 μὲν
983 1188 1095 1232 Ἀλέ-

439 1250 611 1302 ξανδρον
659 1249 922 1301 ’ὑπεκρίναντο
973 1247 1095 1300 τάδε]

438 1308 549 1354 „Hoc
569 1306 732 1343 Aristide
751 1309 848 1343 insto
860 1306 1019 1356 dignum
1030 1319 1096 1342 au-

439 1370 543 1399 ctore
563 1362 751 1414 huiusque
782 1364 911 1400 aetatis
931 1361 1095 1399 Atheni-

438 1420 589 1456 ensibus
599 1432 820 1470 responsum
831 1420 966 1455 merito
980 1419 1095 1455 mira-

437 1481 501 1516 tur
513 1476 625 1513 Arist.
637 1475 757 1527 Soph.
776 1477 816 1512 iu
828 1473 1039 1512 Panathen.
1054 1488 1094 1543 p.

437 1532 535 1573 251.
565 1528 726 1584 ταύτην,
757 1533 893 1584 inquit,
925 1529 1003 1585 ἐγω
1020 1545 1094 1581 την

437 1583 650 1641 ἆποκρισιν
696 1591 769 1640 τῆς
808 1588 850 1628 ἐν
897 1591 1095 1638 Σαλαμῖνι

437 1646 659 1713 ναυμαχίας
689 1644 755 1685 καὶ
783 1647 863 1684 τῶν
893 1644 1094 1695 τροπαίων

439 1695 514 1751 οὔχ
526 1695 646 1752 ἧττον
667 1696 969 1751 αξίανηγουμαι
987 1705 1095 1738 &oev-

436 1755 832 1808 μάσαι.1ἶε5ροι]εἱ
871 1755 1094 1805 dignitatem

434 1815 604 1852 oratione
634 1813 747 1849 nimis
778 1819 966 1863 protracta
996 1825 1093 1848 non-

432 1867 529 1906 nihil
561 1871 756 1906 imminuit
789 1866 982 1905 Plutarch.
1003 1868 1093 1904 Ari-

432 1924 518 1963 stid.
551 1926 638 1976 [10]
670 1939 709 1978 p.
742 1923 822 1966 324
857 1925 933 1962 D.“
979 1924 1093 1962 Val-

433 1982 640 2021 ckenaen

493 2035 590 2077 ὥστε
614 2034 734 2078 οὐδὲν
755 2035 832 2077 δέει
853 2033 975 2076 τοῦτο’
993 2051 1036 2089 γε
1052 2032 1095 2076 ὀ-

437 2093 651 2145 νειδίζειν]
711 2092 1095 2145 Schweighaeuserus

438 2150 534 2189 haec
572 2153 624 2188 ita
675 2152 876 2202 expressit:
927 2153 994 2199 „ut
1029 2163 1097 2187 non

440 2222 525 2259 opus
554 2210 601 2245 sit
628 2208 670 2244 de
698 2208 764 2244 illa
801 2221 863 2244 nos
886 2219 961 2243 cum
982 2207 1096 2243 multa

440 2266 665 2302 ostentatione
683 2264 901 2301 admonere.“
926 2261 988 2299 Ad
1008 2276 1095 2300 ver-

434 2322 484 2358 ba
503 2322 683 2372 propius:
714 2324 754 2357 ut
780 2322 919 2358 minime
939 2323 1094 2369 oporteat

440 2377 503 2414 hoc
513 2379 609 2415 nobis
630 2377 836 2427 exprobrare
851 2390 880 2413 s.
892 2389 981 2412 cum
997 2388 1095 2427 qua—

441 2433 532 2471 dam
552 2435 810 2484 increpatione
832 2431 1008 2469 adversus
1024 2444 1092 2468 nos

441 2489 536 2527 haec
556 2490 723 2542 proferre
742 2490 782 2526 in
801 2488 985 2528 medium.
1007 2486 1093 2525 vid

440 2546 538 2595 Vm,
560 2549 614 2588 92
635 2554 671 2583 et
690 2559 807 2598 quem
825 2546 952 2593 citant,
986 2546 1094 2582 Mus-

441 2615 545 2652 grav.
567 2601 614 2640 ad
629 2602 980 2654 Euripid.0rest.4.
999 2603 1096 2638 Lar-

442 2657 576 2696 „herus
587 2662 851 2711 interpretatur
869 2660 1003 2708 grossir
1012 2670 1094 2695 avec

441 2716 608 2765 emplius-e,
645 2712 852 2762 ὀνειδίζειν
872 2729 961 2752 cum
989 2716 1096 2752 Mus-

441 2772 571 2822 gravio
591 2773 824 2822 intelligens:
859 2773 991 2822 efferre,
1020 2784 1096 2809 am·

440 2828 603 2879 ple-'ficare
633 2830 797 2877 oratione,
838 2836 879 2867 ut
908 2827 1098 2877 ἐξονειδί-

1152 1081 1230 1128 ζειν
1270 1078 1371 1131 apud
1395 1080 1507 1119 Dion
1531 1077 1722 1130 Chrysost.
1743 1079 1806 1115 Or.

1150 1138 1285 1173 XXXI
1306 1149 1391 1187 pag.
1413 1139 1490 1176 321
1513 1138 1561 1173 D.
1602 1136 1679 1171 Nec
1701 1135 1807 1171 aliter

1150 1193 1229 1230 sere
1250 1195 1322 1229 Ne
1308 1195 1395 1243 gris,
1422 1206 1497 1244 quo
1527 1198 1679 1228 auctore
1701 1186 1806 1230 ὄνει-

1153 1250 1244 1296 δίζω
1266 1248 1305 1286 h.
1308 1223 1351 1288 0l.
1375 1255 1429 1285 est
1455 1243 1692 1300 λαμπρύνω,
1724 1247 1807 1297 διη-

1150 1309 1297 1358 γοῦμαι
1337 1301 1378 1344 αἶ
1376 1306 1599 1353 αζονικως,
1661 1303 1808 1344 ἐπιδει-

1151 1377 1310 1407 κτικως.

1206 1415 1435 1467 ἐλευθερίης
1469 1410 1719 1467 γλιχόμενοι]
1751 1416 1808 1452 Ita

1151 1474 1283 1525 optimi
1305 1474 1445 1525 quique
1466 1471 1577 1509 codd.
1593 1500 1603 1519 ‚
1633 1471 1808 1509 libertatis

1149 1531 1282 1582 cupidi,
1294 1530 1464 1566 libertatis
1474 1528 1645 1565 desiderio
1656 1529 1807 1576 accensi,

1150 1594 1192 1625 ut
1218 1585 1340 1623 reddit
1370 1586 1602 1635 VVesseling.
1653 1583 1807 1632 Vid.11,

1154 1647 1245 1684 102.
1279 1644 1345 1690 ΠΙ,
1376 1645 1442 1682 72.
1493 1641 1597 1678 Unus
1619 1641 1808 1679 Saucrofti

1150 1699 1274 1736 codex
1288 1693 1545 1746 σκεπτόμενοι
1569 1698 1594 1734 i.
1606 1711 1638 1735 e.
1661 1698 1807 1734 liberta-

1151 1757 1198 1792 tzs
1243 1754 1499 1791 considerantes
1536 1753 1712 1790 commoda
1747 1753 1808 1789 vel

1147 1812 1440 1862 praerogativas,
1478 1816 1520 1846 ut
1559 1810 1681 1859 placet
1713 1810 1807 1846 Val-

1150 1867 1364 1913 ckenaerio,
1387 1867 1452 1917 qui
1471 1866 1670 1915 vulgatum
1680 1861 1807 1915 γλιχό-

1150 1938 1261 1975 μενοι
1281 1936 1302 1959 e
1336 1929 1426 1958 uota
1452 1922 1653 1971 marginali
1683 1934 1732 1958 ex
1759 1921 1807 1969 11,

1152 1983 1232 2020 102
1253 1978 1570 2030 repetitiifluxisse
1588 1984 1708 2029 putat.
1729 1978 1807 2014 Mi-

1150 2035 1191 2073 hi
1209 2049 1315 2073 secus
1330 2034 1492 2073 videtur.

1211 2088 1282 2131 ἔστ’
1317 2088 1368 2131 ἂν
1389 2090 1412 2131 ὁ
1445 2088 1556 2142 ἥλιος
1584 2090 1659 2142 τήν
1682 2085 1809 2141 αὐτήν

1152 2145 1250 2188 ὁδὸν
1270 2164 1308 2187 κ.
1329 2163 1362 2187 τ.
1388 2148 1441 2196 λ.]
1474 2147 1622 2184 Eadem
1642 2147 1719 2183 fere
1736 2145 1808 2184 ha-

1152 2206 1217 2242 bet
1236 2203 1428 2242 Plutarch.
1458 2205 1497 2240 in
1526 2202 1679 2240 Aristid.
1714 2205 1764 2242 10
1785 2216 1807 2239 a

1151 2260 1336 2299 Valcken.
1358 2260 1504 2297 allatus.
1555 2260 1730 2297 Similem
1746 2259 1807 2295 iu-

1150 2318 1312 2354 ramenti
1332 2317 1538 2353 formulam
1558 2329 1606 2352 ex
1626 2316 1807 2366 Dionysio

1150 2375 1255 2424 attigi
1286 2371 1333 2410 ad
1364 2373 1428 2419 IV,
1459 2375 1534 2413 201
1564 2373 1651 2410 coll.
1683 2373 1732 2416 V,
1754 2373 1808 2411 92

1150 2432 1187 2476 §.
1208 2434 1242 2470 1.
1284 2428 1384 2467 Add.
1404 2427 1569 2466 Ellendt.
1587 2428 1635 2465 ad
1658 2429 1808 2465 Arrian-

1150 2489 1209 2524 De
1226 2486 1364 2537 exped.
1384 2487 1496 2525 Alex.
1519 2486 1548 2532 l,
1567 2487 1591 2525 9
1616 2487 1653 2531 ξ.
1675 2487 1699 2525 9
1720 2495 1806 2534 pag

1150 2543 1308 2584 47.1³10
1326 2537 1569 2593 αμυνόμενοι
1590 2539 1692 2578 haud
1711 2552 1805 2590 opus

1151 2613 1241 2637 cum
1260 2598 1506 2638 Valckenaei
1498 2612 1534 2635 ιο
1556 2609 1736 2648 reponere
1758 2592 1806 2634 ἆ-

1151 2653 1415 2708 μυνεόμενοι,
1447 2663 1488 2692 ut
1509 2654 1624 2691 futuri
1650 2653 1696 2690 sit
1717 2665 1806 2703 par—

1150 2715 1335 2765 ticipium.
1394 2710 1480 2750 vid.
1499 2709 1631 2748 Matth.
1652 2711 1717 2746 Gr.
1739 2710 1806 2747 Gr.

1151 2784 1191 2822 p.
1214 2773 1315 2810 1117
1345 2776 1382 2806 et
1403 2768 1503 2806 conf.
1533 2765 1714 2803 Herodot.
1743 2765 1805 2812 VI,

1155 2829 1223 2869 88.
1255 2829 1345 2868 108.
1369 2826 1449 2874 Vll,
1479 2825 1711 2875 207,-quae
1731 2833 1807 2863 una
