1879 3222
353 211 420 247 DF„
450 208 573 246 VITA
602 209 674 245 ET
705 208 937 247 SCRIPTIS
966 209 1246 248 IIERODOTI.
1460 210 1546 252 385

69 321 164 360 bio
155 335 193 358 111
214 320 412 359 Chronico.
442 333 478 370 p.
500 320 575 357 169
596 318 665 354 sub
687 318 838 368 Olymp.
859 321 1075 358 LXXXIII.
1096 319 1133 360 4.
1164 317 1207 367 ⁹³⁵)
1265 321 1411 360 Athenis
1438 320 1545 361 habi-

68 385 147 415 tam
190 387 225 416 et
262 377 435 430 quidem,
474 376 503 411 si
526 387 614 412 vere
640 374 765 425 prodit
800 377 1004 425 Eusebius,
1045 391 1145 414 anno
1172 391 1206 415 a.
1230 376 1319 416 Chr.
1343 393 1383 420 11.
1412 378 1492 421 445
1515 394 1544 418 5.

70 429 510 486 013u11p.Lxxxl11,4‚
543 438 619 478 aut,
644 444 741 482 quae
763 433 946 481 Scaligeri
967 433 1028 479 (ad
1053 435 1192 471 Euseb.
1213 435 1238 471 I.
1259 434 1305 484 l.)
1342 443 1396 472 est
1418 438 1545 487 opinio

72 491 304 528 Herodotum
333 502 419 534 masi
410 501 559 524 norum
583 487 939 524 Panathenaeorum
963 491 1194 527 solemnibus
1224 492 1395 529 retitasse
1425 494 1549 544 suspi-

70 550 198 593 cantis,
220 559 317 583 anno
338 547 486 595 Oljmp
499 546 715 591 LXXXIII
737 548 760 585 3
781 559 808 583 5.
831 543 911 584 446
928 558 960 582 a.
984 545 1072 583 Chr.
1095 560 1132 582 11.
1139 560 1400 599 ,quamquain
1423 550 1548 587 iudIce

71 607 195 655 Heyse
227 617 263 653 p
294 601 346 642 54
378 600 472 637 nihl
507 608 606 638 certe
628 602 769 649 obstat,
806 614 880 653 quo
911 603 1038 639 miuus
1067 604 1326 640 recitationem
1351 605 1549 643 Panathe-

69 672 253 697 naeorum
272 659 464 694 minorum
487 658 580 694 sesto
603 631 802 710 quotannis
832 659 1014 694 celebrari
1038 659 1147 695 solito
1169 658 1338 696 habitam
1361 676 1439 698 esse
1464 665 1549 700 exi-

69 718 284 754 stimemus:
316 723 477 766 utroque
497 715 599 750 enim
618 716 658 751 in
680 714 774 751 festo
803 716 949 765 poetica
971 722 1006 751 et
1025 716 1168 751 musica
1184 718 1388 753 certamina
1419 720 1549 757 locum

70 771 247 809 habuisse
282 779 448 808 constan·
507 770 593 808 vid.
628 774 753 823 Heyse
786 772 810 809 l.
837 772 861 811 I,
920 771 1002 817 Qua
1022 772 1060 807 in
1077 773 1296 808 recitatione
1325 775 1449 811 Attica
1469 790 1549 814 non

70 829 177 865 aliter
201 835 314 880 atque
348 830 387 864 in
409 829 628 879 Olympiaca
650 841 735 864 eam
756 829 878 879 operis
898 835 1044 879 partem
1060 857 1070 876 ,
1103 841 1219 880 quam
1241 830 1471 868 elaboratam
1491 840 1551 870 at-

68 898 144 937 que
164 892 332 935 paratam
354 883 484 922 habuit
503 886 680 935 scriptor,
718 885 948 936 praelectam
967 886 1104 934 fuisse,-
1136 887 1267 937 utique
1286 886 1435 924 videtur
1456 902 1552 926 con-

68 949 312 979 sentaueum:
346 955 442 994 quae
465 948 594 978 tamen
622 942 734 978 fuerit
753 943 820 978 ista
841 955 944 992 pars,
972 955 1051 978 non
1071 943 1193 992 magis
1225 940 1346 980 habeo
1368 951 1470 982 certo
1492 945 1553 982 di-

69 1012 155 1035 cere
176 1012 292 1050 quam
313 1001 450 1050 Heyse,
473 999 537 1049 qui
557 1005 669 1045 recte,
692 999 837 1048 opinor,
853 1000 1059 1035 sicstatuit:
1091 1000 1180 1047 „vel
1199 1001 1368 1036 maxime
1389 1014 1553 1039 consen-

70 1063 253 1104 „taneum
269 1054 428 1102 videtur,
443 1068 527 1090 eam
548 1056 783 1105 potissimum
794 1062 940 1105 partem
960 1053 1031 1092 hac
1052 1056 1248 1091 occasione
1268 1057 1307 1092 in
1328 1058 1454 1094 lucem
1475 1073 1554 1097 esse

71 1119 341 1163 ,‚protracta1n‚
357 1124 453 1163 quae
470 1112 649 1147 Graeciae
661 1118 697 1147 et
717 1118 804 1148 ante
815 1124 946 1148 omnes
960 1110 1252 1148 Atheniensium
1261 1113 1405 1150 fortiter
1418 1122 1454 1152 et
1468 1117 1555 1166 glo-

71 1170 192 1218 „riose
223 1169 320 1204 facta
351 1169 568 1204 enarrabat:
609 1169 759 1204 Persica
788 1167 872 1204 dico
898 1169 1009 1205 bella.
1077 1168 1249 1213 Quorum
1279 1174 1555 1210 enarrationem

71 1227 129 1273 „si
158 1225 342 1262 audivisse
366 1226 535 1261 statueris
556 1223 819 1272 Athenienses,
840 1225 950 1261 facile
970 1225 1169 1275 intelliges,
1201 1239 1268 1262 cur
1287 1240 1365 1263 non
1386 1229 1472 1266 satis
1486 1231 1557 1267 sibi

71 1280 299 1329 „habuerint
318 1281 492 1318 laudibus
514 1287 550 1317 et
574 1282 707 1331 plausu
727 1288 945 1332 prosecutos
966 1295 1044 1318 esse
1064 1289 1281 1331 auctorem,
1311 1283 1376 1320 sed
1404 1286 1558 1337 insuper

71 1340 267 1388 „praemio
300 1352 389 1375 enm
423 1337 656 1375 donaverint.
715 1339 938 1374 Praemium
985 1339 1088 1374 enim
1118 1340 1287 1376 retulisse
1319 1341 1559 1380 Herodotum

72 1408 224 1446 „neque
251 1409 318 1445 per
338 1408 376 1431 se
392 1395 642 1445 improbabile
659 1401 733 1442 est,
756 1408 882 1446 neque
902 1407 1088 1444 magnum
1104 1395 1229 1432 virum
1251 1395 1420 1446 dedecet,
1441 1399 1560 1437 modo

73 1464 149 1499 „ne
165 1458 385 1500 corruptum
405 1451 471 1487 sed
493 1458 670 1487 ornatum
688 1449 761 1488 hoc
776 1452 897 1502 pretio
919 1465 1007 1487 eum
1022 1453 1176 1502 putes.“
1195 1449 1268 1501 m⁵⁹)
1299 1455 1348 1490 Et
1368 1453 1457 1492 hinc
1476 1456 1560 1493 for-

72 1514 169 1544 tasse
200 1509 386 1558 originem
408 1509 478 1544 ista
507 1509 606 1558 cepit
625 1508 727 1544 falna
743 1537 753 1556 ,
785 1508 861 1560 quit
886 1509 926 1543 in
956 1507 1111 1545 historia
1133 1507 1428 1548 Atheniensibus
1447 1514 1562 1550 nimis

74 1564 229 1612 favisse,
271 1565 464 1615 Spartanis
494 1564 687 1601 infensum
716 1565 828 1601 fuisse
858 1564 1096 1602 Herodotum
1126 1566 1362 1615 clamabant,
1395 1570 1564 1619 partium

73 1622 155 1658 scil.
178 1620 304 1658 studio
326 1620 546 1657 abductum.
606 1622 711 1666 Quae
741 1634 857 1672 quam
886 1623 1008 1658 inanis
1029 1623 1074 1658 sit
1096 1623 1307 1659 criminatio
1338 1631 1451 1676 atque
1471 1627 1565 1663 suti-

72 1677 130 1724 lis,
184 1679 270 1714 satis
301 1676 491 1713 docebunt
521 1675 569 1713 ad
598 1678 660 1723 VI,
695 1679 789 1718 108.
831 1678 1029 1725 V11,102.
1061 1678 1160 1725 V111,
1190 1681 1229 1718 2.
1264 1681 1357 1719 139.
1388 1682 1457 1726 IX,
1509 1684 1561 1723 21

73 1741 218 1771 notata.
266 1735 370 1779 Quae
390 1746 480 1771 vero
500 1734 573 1770 Dio
595 1732 697 1784 Chry
699 1740 884 1770 sostomus
906 1734 1052 1770 tradit
1042 1747 1083 1770 111
1104 1735 1208 1772 Orat.
1233 1736 1421 1774 XXXVII
1448 1739 1500 1775 T.
1529 1739 1566 1775 II

74 1804 111 1841 p.
136 1793 227 1838 103,
257 1797 414 1827 tractata
434 1803 455 1826 a
470 1791 578 1827 nobis
598 1791 637 1827 in
657 1797 754 1826 nott.
776 1789 824 1827 ad
846 1791 941 1840 VIII,
964 1789 1029 1838 94,
1061 1804 1124 1839 ea,
1147 1792 1177 1828 si
1206 1791 1299 1844 quid
1319 1795 1398 1830 veri
1427 1796 1565 1845 subest,

76 1846 115 1883 id
136 1860 270 1894 unum,
302 1849 459 1897 opinor,
491 1847 642 1895 docent,
675 1846 914 1883 Herodotum
934 1847 1072 1884 eodem
1101 1847 1239 1895 modo,
1270 1862 1345 1900 quo
1368 1852 1567 1902 Olympiae

77 1910 190 1954 atque
206 1902 378 1950 Athenis,
401 1903 561 1940 Corinthi
581 1916 736 1956 quoque
765 1902 1006 1940 historiarum
1026 1911 1187 1954 partem,
1220 1918 1296 1956 quo
1327 1907 1478 1944 Graecis
1503 1909 1566 1944 in-

78 1966 289 1995 notesceret
321 1972 414 2009 opus
441 1973 577 2007 suum,
607 1961 846 2010 praelegisse.
905 1961 1016 1997 Conf.
1045 1962 1172 2012 Heyse
1204 1961 1230 1997 l.
1251 1962 1276 1999 l.
1302 1975 1388 2012 pag.
1409 1963 1462 2004 58
1486 1977 1568 2016 seq.

81 2016 180 2060 Quin
200 2015 328 2052 ΤΙιεΙηε
349 2028 502 2067 quoque
521 2018 703 2052 Nostrum
723 2018 897 2054 recitasse
917 2018 1113 2067 suspiceris
1144 2031 1164 2053 e
1188 2018 1383 2055 Plutarchi
1403 2021 1487 2057 loco
1507 2023 1566 2058 De

79 2071 222 2109 Herod.
251 2072 437 2123 malignit.
469 2085 553 2123 cap.
555 2073 637 2121 ’,31
657 2073 728 2110 nisi
753 2071 850 2110 haec
870 2080 948 2111 tota
967 2074 1132 2110 narratio
1163 2086 1184 2109 a
1203 2076 1417 2125 posterioris
1438 2078 1567 2116 aetatis

81 2271 220 2327 βοηθεῖ
243 2271 295 2317 τῷ
317 2267 504 2325 Ἡροδότῳ
525 2269 622 2324 πρὸς
647 2269 787 2316 ἐκείνην
815 2270 884 2316 τὴν
910 2271 1108 2330 διαβολὴν,
1157 2269 1206 2318 ἣν
1243 2273 1331 2332 ἔχει
1343 2274 1568 2317 κοὶακεύσας

81 2315 170 2356 τούς
187 2306 422 2370 Ἀθηναίους,
441 2313 616 2371 ἀργύριον
632 2317 726 2351 πολὺ
749 2318 875 2363 λαβεῖν
893 2317 978 2363 παρ’
997 2316 1141 2353 αὐτῶν·
1166 2321 1202 2355 εἰ
1215 2319 1284 2365 γάρ
1307 2319 1446 2366 οἷνέῑνω
1463 2321 1567 2357 ταῦτ’

81 2360 319 2406 Ἀθηναιοις,
355 2374 422 2395 ουκ
437 2358 484 2395 ἂν
506 2362 634 2396 εἴασαν
657 2362 745 2397 οὕὸὲ
763 2365 960 2407 περιεῖδον,
974 2362 1098 2420 ἐνάτῃ
1116 2363 1181 2399 τόν
1207 2369 1427 2412 Φιλιππίδην
1443 2381 1568 2412 παρα-

82 2409 269 2443 καλοῦντα
300 2408 618 2450 Λακεδαιμονίους
648 2407 706 2443 ἐπὶ
734 2423 802 2452 την
829 2408 949 2454 μάχην
966 2408 1003 2444 ἐν.
1024 2412 1089 2454 τῆς
1106 2410 1222 2467 μάχης
1245 2425 1282 2456 γθ
1286 2413 1481 2457 ’,ἐνημένον
1505 2413 1568 2449 καὶ

83 2455 225 2494 ταῦτα,
264 2454 477 2495 δευτεραῖον
494 2454 545 2492 εἰς
561 2453 737 2498 Σπάρτην
758 2454 794 2497 ἐξ
812 2454 973 2499 Ἀθηνῶν
1004 2455 1072 2500 (ως
1103 2456 1218 2497 αὐτός
1248 2461 1388 2503 φησιν)
1419 2459 1567 2504 απιῃμέ-

84 2512 168 2534 νον·
195 2500 228 2533 εἰ
247 2497 293 2542 μή
314 2498 405 2552 μετὰ
425 2496 467 2532 τὸ
485 2500 631 2543 νικῆσαι
651 2513 739 2540 τους
758 2502 954 2546 ποίεμίους
970 2500 1078 2545 'Anam
1068 2507 1167 2536 'sciet
1188 2504 1458 2559 μετεπέμποντο
1478 2505 1569 2546 τοὺς

87 2544 312 2601 συμμάχους·
337 2541 395 2578 ὅτι
411 2557 537 2587 μεντοι
550 2545 638 2580 &aaa
655 2545 819 2581 τάλαντα
835 2547 977 2591 δωρεὰν
1005 2546 1108 2602 ἔλαβε
1102 2562 1131 2581 -ν
1155 2546 1190 2590 ἐξ
1212 2547 1387 2594 Ἀθηνῶν,
1412 2549 1567 2586 Ἀνύτου

87 2589 129 2624 τό
155 2590 364 2635 ψήφισμα
357 2589 590 2633 ράψαντος,
636 2589 730 2637 ανὴρ
761 2590 963 2637 Ἀθηναῖος
998 2605 1042 2628 ου
1082 2607 1156 2628 των
1190 2595 1498 2641 παρημελημένων
1528 2596 1568 2632 ἐν

91 2634 230 2683 ἱστορίᾳ
246 2638 399 2676 Δίυλλος
422 2637 575 2680 εἴρηκεν.

181 2707 214 2749 ’)
236 2705 305 2738 Ubi
327 2705 412 2739 haec
435 2705 593 2749 legimus:
613 2703 814 2748 Ηρόδοτος
833 2704 989 2753 ἐτιμήθη
1008 2706 1109 2754 παρὰ
1128 2709 1202 2745 τῶν
1220 2707 1420 2759 Ἀθηναίων
1435 2712 1570 2758 βουλῆς

93 2745 320 2794 επαναγνοῦς
341 2748 468 2791 αὐτοῖς
485 2750 553 2791 τὰς
571 2751 731 2797 βίβλους.

187 2817 242 2861 **)
277 2818 401 2855 Vid.1.
423 2820 446 2854 1.
470 2831 504 2866 p.
526 2820 581 2857 56.

152 2867 373 2906 Hssnonor.
392 2868 461 2908 IV.
1211 2873 1266 2915 25
