1879 3222
230 198 315 240 448

276 304 390 341 Persis
413 306 489 348 post
510 313 664 348 pugnam
683 303 940 337 Marathoniam

275 363 317 387 ex
350 350 536 393 composito
567 350 744 383 sustulisse
774 351 941 394 feruntur,

277 398 334 438 w,
357 395 423 429 115
447 400 517 429 not.
546 396 634 438 quod
660 399 762 440 negat
785 397 942 429 Herodo-

277 447 344 483 tus,
371 442 503 482 w‚1·.’l
527 447 596 475 not.
624 441 703 475 124.
726 442 944 476 Alcmaeoni-

278 489 401 522 darum
427 499 510 530 opes
534 493 568 521 et
591 487 757 521 victoriae
788 488 843 530 1⁷1,
876 486 943 521 125

275 538 345 568 not.
373 533 452 566 126.

232 581 407 621 Alcmena,
440 581 551 613 mater
579 578 751 620 Herculis,
804 579 850 622 ΙΙ,
890 577 948 620 43,

278 624 355 659 145.

231 673 337 705 Alcon
368 671 541 748 Mplossus
563 681 582 703 e
611 669 726 714 procis
748 670 946 715 Agaristae,

280 718 336 758 Vl,
360 717 404 750 12
431 741 438 749 .

233 764 377 797 Aleades
400 762 478 795 vide
502 761 643 794 Cleades
667 762 746 803 (lx,
771 760 847 802 85.)

233 810 337 842 Aleae
356 808 456 841 ludus
478 818 499 840 a
518 805 948 850 Lydisinventus,l,9⁴1.—-

277 856 374 889 aleae
394 855 488 887 lusus
499 852 632 886 Cereris
655 855 688 885 et
698 852 946 895 Rhampsiniti,

277 900 323 941 11,
348 899 416 933 122
439 902 510 932 not.

232 947 336 980 Aleae
366 946 555 984 Minervae,
586 942 755 985 templum
793 943 947 987 Tegeae,

278 992 306 1032 Ι,
330 990 375 1023 66
398 995 468 1024 not.
492 989 555 1030 IX,
579 987 635 1021 70.

232 1037 348 1072 Aleius
379 1046 519 1078 campus
550 1031 611 1074 (τὸ
630 1030 766 1077 Ἀλήϊον
789 1033 949 1078 πεδίον),

279 1082 432 1121 Ciliciae,
457 1080 513 1122 VI,
538 1078 583 1113 95
606 1084 676 1113 not.

233 1130 356 1168 Aletes,
380 1128 421 1168 V,
444 1125 490 1159 92
515 1129 546 1167 §.
569 1126 591 1158 2
614 1129 685 1159 not.

232 1174 428 1213 Aleuaclae,
458 1171 664 1205 Thessaliae.
689 1181 801 1215 reges,
828 1169 903 1210 VH,
927 1169 950 1203 6

277 1223 346 1254 not.
370 1219 438 1252 130
471 1222 540 1250 not.
566 1217 709 1250 nuncios
732 1217 775 1250 ad
801 1217 950 1249 Xerxem

277 1265 418 1299 mittunt
441 1268 479 1298 ut
502 1268 679 1296 succurrat
701 1266 820 1296 contra
838 1264 951 1296 Grae-

278 1322 347 1344 cos.
381 1311 464 1343 ibid.
500 1309 680 1342 Thessalis
710 1308 841 1350 invitis,
874 1308 949 1349 1⁷11,

277 1356 358 1391 172.
387 1356 431 1389 cf.
456 1366 485 1388 c.
509 1354 578 1388 130
600 1355 658 1387 fin.
685 1374 727 1379 —
761 1355 949 1395 Menariae,

272 1405 376 1446 suere
399 1402 544 1434 Thorax
568 1401 782 1442 Larissaeus,
815 1401 951 1444 eiusque

273 1451 409 1491 fratres
447 1446 680 1491 Eurysipylus
718 1452 753 1480 et
784 1447 951 1480 Traside-

278 1494 344 1534 ius,
368 1494 430 1535 IX,
455 1492 511 1526 58.
557 1506 560 1507 ⁷

234 1540 438 1581 Alexander,
486 1538 620 1572 Priami
644 1537 749 1578 filius,
795 1538 951 1571 Helenae

279 1589 408 1628 raptor,
431 1584 459 1624 Ι,
484 1584 517 1617 3.
541 1585 586 1625 ΙΙ,
610 1584 689 1619 113.
712 1583 749 1617 vi
770 1587 951 1617 ventorum

279 1630 315 1664 in
358 1633 558 1673 Aegyptum
600 1630 744 1670 delatus,
780 1631 951 1662 Helenam

279 1679 315 1709 et
338 1686 419 1718 opes
443 1675 601 1707 Menelao
625 1678 740 1716 raptas
759 1675 952 1716 relinquere

280 1725 429 1760 coactus,
453 1720 499 1760 ΙΙ,
523 1718 716 1752 113—115.
750 1720 794 1753 cf.
819 1731 846 1752 c.
874 1720 950 1753 116.

279 1766 314 1800 in
340 1766 475 1809 Cypriis
499 1776 580 1797 vero
604 1765 814 1798 carminibus
839 1767 951 1798 triduo

280 1823 323 1845 ex
355 1812 482 1852 Sparta
514 1810 619 1843 Ilium
651 1811 847 1854 pervenisse
878 1812 951 1844 fer-

282 1862 349 1896 tur,
374 1857 420 1897 ΙΙ,
445 1855 523 1889 117.

236 1903 439 1942 Alexander,
463 1903 632 1945 Amyntae
654 1901 766 1942 filius,
791 1902 951 1935 Macedo-

280 1949 357 1982 niae
381 1959 452 1988 rex,
476 1947 515 1987 V,
542 1947 594 1980 19.
620 1947 694 1988 vn,
714 1948 780 1981 173
803 1951 872 1981 not.
898 1959 953 1980 ve-

281 1992 515 2038 tustuorigine
531 1993 697 2034 GraecuS,
721 1995 760 2035 V,
782 1994 838 2028 22.
862 1994 953 2035 vm,

283 2039 351 2074 136
381 2044 451 2074 not.
486 2038 567 2075 139.
599 2038 756 2074 familiae
796 2044 955 2082 stemma,

760 192 790 233 ι.
818 175 979 230 INDEX
1005 191 1196 231 RERUM.

1041 303 1133 347 vul,
1164 303 1242 337 139.
1279 302 1392 337 adhuc
1425 302 1557 336 iuvenis
1587 304 1711 338 Persa-

1041 361 1120 382 rum
1154 350 1286 393 legatos
1315 349 1416 382 nimis
1459 349 1642 384 insolentes
1676 351 1712 385 in

1039 395 1196 428 convivio
1236 395 1411 437 interimit,
1465 396 1506 436 V,
1552 395 1606 430 19.
1651 396 1709 430 20.

1043 441 1099 473 21.
1133 441 1166 473 in
1199 441 1392 485 Olympicis
1424 442 1574 474 stadium
1604 442 1714 475 currit

1044 486 1156 529 primo
1189 487 1376 529 proximus,
1412 488 1450 527 V,
1474 488 1529 520 22.
1564 487 1714 521 Graecos

1047 532 1089 565 ad
1113 532 1368 575 Thermopylas
1392 544 1451 575 per
1475 534 1608 577 legatos
1637 544 1714 566 mo-

1051 580 1117 619 net,
1142 588 1184 609 ne
1208 577 1241 610 iu
1266 579 1320 611 his
1351 579 1507 611 faucibus
1538 584 1715 612 manentes

1050 623 1094 656 ab
1118 622 1298 656 invadente
1321 624 1443 657 Xerxis
1462 625 1611 657 exercitu
1633 635 1716 657 con-

1049 669 1235 709 culcentur,
1258 669 1331 709 vn,
1352 669 1429 701 137.
1455 671 1716 703 Atheniensium

1048 714 1183 756 hospes,
1229 714 1321 756 vul,
1346 714 1412 747 136
1436 721 1503 749 not.
1531 727 1551 749 a
1575 716 1717 749 Mardo-

1048 759 1105 792 nio
1129 761 1264 803 legatus
1288 760 1436 793 Athenas
1465 761 1599 802 missus,
1625 761 1714 802 VIII,

1049 804 1117 838 136
1140 810 1210 838 not.
1233 805 1455 838 Athenienses
1484 807 1642 840 hortatur
1672 809 1717 840 ad

1048 851 1286 894 paciscendum
1297 862 1376 883 cum
1394 851 1518 893 Persis,
1537 852 1716 894 muno.

1049 897 1093 930 ad
1131 898 1291 930 Plataeas
1331 896 1594 930 Atheniensibus
1627 899 1718 931 Mar-

1048 942 1141 975 donii
1177 954 1314 976 causam
1349 943 1473 986 prodit,
1496 942 1558 984 IX,
1580 941 1626 976 44
1647 947 1719 978 not.

1049 987 1105 1022 45.
1144 999 1250 1022 aurea
1291 988 1363 1022 eius
1409 988 1555 1032 Delphis
1593 994 1720 1032 statua,

1050 1034 1142 1074 vlu,
1165 1035 1242 1068 121.

1004 1081 1192 1121 Aliacmon,
1216 1081 1285 1114 vid.
1304 1080 1525 1114 Haliacmon.

1006 1127 1128 1168 Amat,
1162 1128 1282 1159 eadem
1316 1127 1490 1159 Arahibus
1512 1137 1602 1168 quae
1629 1127 1721 1160 Ura-

1049 1173 1122 1212 nia,
1144 1172 1206 1214 Ill,
1229 1172 1250 1205 8
1271 1175 1339 1206 not.
1364 1173 1487 1214 Alista,
1509 1173 1622 1206 Venus
1633 1174 1722 1206 Ara—

1053 1219 1135 1250 bum
1161 1218 1206 1259 11,
1232 1217 1301 1250 131
1326 1221 1394 1252 not.
1419 1219 1456 1261 ³¹¹)

1006 1265 1184 1297 Alluvione
1229 1263 1379 1297 fluminis
1424 1274 1528 1308 agros
1565 1264 1722 1298 decurta-

1053 1314 1106 1343 tos
1139 1315 1336 1354 compensat
1369 1309 1520 1354 Aegypti
1553 1321 1631 1351 rex,
1675 1309 1721 1352 Π,

1052 1356 1130 1388 109.
1357 1364 1360 1367 ’

1006 1403 1192 1445 Alopecae,
1226 1400 1262 1434 in
1293 1400 1408 1435 Attica
1449 1411 1572 1446 pagus,
1602 1401 1645 1441 V,
1676 1400 1723 1434 63

1053 1453 1120 1480 not.
1145 1449 1182 1466 *³⁸

1006 1494 1129 1540 ¹Alpem'
1161 1490 1379 1537 (Αλπηνοὶ),
1412 1491 1511 1525 vicus
1540 1492 1584 1525 ad
1607 1492 1725 1524 Ther-

1053 1541 1223 1583 mopylas,
1235 1539 1445 1571 Graecorum
1454 1538 1725 1582 receptaculum,

1053 1585 1128 1624 VII,
1154 1585 1219 1618 176
1244 1589 1313 1617 not.
1339 1585 1385 1618 cf.
1409 1596 1438 1618 c.
1462 1583 1541 1617 229.

1007 1631 1157 1674 Alpheus
1189 1635 1222 1663 et
1252 1631 1394 1671 Maron,
1427 1629 1637 1672 Orsiphanto
1661 1640 1725 1674 ge-

1053 1676 1128 1715 niti,
1157 1675 1231 1716 vll,
1262 1674 1343 1707 227.
1386 1685 1506 1707 eorum
1537 1674 1646 1708 virtus
1680 1674 1725 1708 ad

1054 1720 1324 1762 Thermopylae,
1349 1720 1430 1752 ibid.

1007 1766 1103 1809 Alpis
1121 1766 1171 1806 ss.‚
1196 1766 1252 1806 lv,
1276 1764 1320 1797 49
1344 1770 1414 1798 not.

1007 1812 1103 1849 Alus,
1127 1812 1209 1843 urbs
1233 1811 1386 1843 Achaiae
1401 1809 1638 1853 Thessalicae,
1647 1810 1723 1854 vn,

1055 1856 1122 1888 173
1146 1860 1215 1890 not.
1239 1855 1317 1888 197.

1008 1903 1164 1943 Alumen,
1189 1902 1232 1941 ΙΙ,
1259 1901 1326 1934 180
1349 1904 1418 1934 not.

1009 1949 1165 1991 Alyattes
1194 1948 1387 1991 Sadyattae
1416 1946 1567 1981 succedit
1597 1947 1632 1981 in
1655 1947 1726 1992 Ly—

1055 1994 1135 2026 diae
1158 2004 1315 2037 regnum,
1354 1993 1382 2034 I,
1416 1993 1460 2028 16
1493 1997 1563 2027 not.
1595 1994 1726 2027 bellum

1056 2051 1136 2073 cum
1159 2040 1303 2074 Milesiis
1327 2050 1347 2074 a
1364 2043 1462 2083 patre
1484 2039 1550 2074 sibi
1562 2039 1725 2074 traditum

330 2233 364 2276 *)
390 2234 613 2266 Tractaverat
642 2232 685 2265 de
710 2232 774 2266 hac
792 2232 856 2266 dea
874 2233 978 2276 Book,
1001 2232 1036 2265 in
1063 2232 1175 2272 libro,
1199 2244 1298 2276 quem
1320 2232 1363 2264 de
1394 2231 1582 2275 symbolica
1610 2231 1726 2264 archi-

238 2284 394 2313 tecturae
411 2286 563 2312 veterum
583 2279 732 2311 editurus
751 2285 836 2319 erat,
859 2291 947 2311 nunc
968 2279 1084 2311 deleto
1104 2289 1138 2321 p.
1162 2278 1216 2313 52.
1246 2290 1286 2311 eo
1311 2278 1462 2311 referens
1489 2278 1639 2321 lapidem
1667 2277 1727 2309 ni-

241 2337 356 2368 grum,
383 2324 471 2358 circa
491 2337 592 2369 quem
612 2325 731 2357 Raaba
752 2325 854 2357 fuerit
876 2331 1057 2366 exstructa,
1083 2324 1191 2356 forma
1219 2325 1394 2367 quadrata.
1442 2324 1563 2367 Magis,
1588 2324 1723 2367 opinor,

240 2372 306 2404 huc
331 2371 515 2413 pertinent,
547 2382 633 2414 quae
663 2382 772 2411 nuper
799 2371 983 2413 Schelling.
1013 2370 1173 2402 disseruit
1195 2371 1362 2412 (Zweiter
1386 2369 1641 2402 Jahresbericht
1663 2367 1725 2399 der

240 2417 410 2449 Baicrsch.
434 2417 595 2451 Akadcm.
611 2417 672 2448 der
692 2417 905 2449 VVissensch.
928 2417 1025 2450 1831.
1046 2416 1203 2450 Monach.
1229 2429 1262 2461 p.
1291 2416 1333 2450 55
1356 2418 1457 2459 seq.),
1483 2427 1597 2448 eorum
1612 2414 1724 2445 inter-

241 2462 435 2504 pretatione
454 2463 606 2503 reiecta,
632 2462 689 2505 qui
707 2462 791 2494 duce
812 2462 960 2505 losepho
991 2462 1164 2504 Scaligero
1192 2463 1236 2494 ad
1266 2473 1383 2495 vocem
1408 2462 1522 2495 Alilat
1548 2458 1724 2503 explican-

242 2507 319 2538 dum
335 2508 480 2540 all'erunt
504 2509 682 2541 Arabicum
707 2508 820 2549 Ililal,
846 2509 972 2551 quippe
990 2508 1082 2551 quod
1106 2520 1174 2540 non
1201 2508 1336 2551 lunam,
1362 2513 1399 2540 ut
1426 2507 1483 2539 isti
1498 2511 1637 2550 putent,
1662 2505 1725 2538 sed

242 2553 465 2586 novilunium
486 2554 589 2586 modo
609 2553 788 2596 significet,
835 2556 955 2598 Neque
979 2555 1161 2586 convenire
1181 2556 1245 2587 hoe
1265 2554 1313 2586 ait
1333 2565 1406 2586 cum
1426 2552 1532 2596 ipsius
1553 2550 1724 2583 Herodoti

243 2597 450 2640 testimonio,
473 2601 512 2641 (Ι.
536 2600 614 2641 131)
642 2606 678 2631 ut
691 2600 854 2632 lunarem
872 2599 971 2632 deam
995 2600 1048 2632 hic
1066 2599 1210 2633 indicari
1232 2606 1429 2639 statuamus,
1453 2609 1525 2630 cum
1546 2595 1603 2627 ille
1623 2601 1724 2639 post-

243 2654 343 2685 quam
365 2644 471 2675 solem
494 2652 527 2677 et
554 2647 675 2677 lanam
696 2657 715 2678 a
744 2646 854 2678 Persis
872 2646 937 2678 coli
962 2647 1151 2687 enarravit,
1176 2646 1274 2678 aliam
1295 2651 1472 2687 praeterea
1497 2642 1593 2674 addit
1613 2642 1725 2682 deam,

244 2690 392 2722 Mittam
417 2689 486 2720 sive
513 2692 684 2729 Almam,
711 2692 745 2723 in
763 2703 827 2735 qua
846 2703 929 2724 voce
950 2692 1000 2724 Al
1018 2692 1164 2724 Arabum
1198 2691 1240 2724 sit
1265 2689 1426 2724 articulus
1454 2695 1487 2721 et
1518 2688 1591 2721 Ilaae
1620 2686 1724 2719 semi-

244 2735 360 2768 ninum
385 2734 478 2766 vocis
496 2735 576 2767 Ilalt
603 2748 629 2768 s.
646 2737 751 2777 Elalz,
775 2749 841 2781 qua
861 2738 951 2770 deus
970 2738 1148 2770 iudicetur.

338 2790 384 2835 ”’)
409 2790 497 2824 Add.
515 2791 663 2825 Siuteuis
681 2793 724 2826 ad
740 2793 912 2829 Plutarch.
935 2795 965 2827 T
968 2794 1101 2828 hemist.
1120 2795 1179 2838 lp.
1198 2794 1231 2828 7.
