1879 3222
262 208 346 249 428
802 204 1178 243 COMMENTATIO

262 320 376 357 simos
394 316 534 355 librarii
551 329 693 354 errores
713 323 750 354 et
766 315 1075 356 hallucinationes
1094 330 1161 369 pro
1186 317 1350 368 genuina
1370 314 1553 354 Herodoti
1570 318 1732 369 scriptu-

262 389 324 423 ra,
349 387 463 427 quam
484 374 530 410 ab
550 375 613 411 illo
633 372 762 411 codice
782 387 858 411 uno
878 375 998 412 ubivis
1017 375 1284 425 repraesentari
1302 374 1371 410 sibi
1393 381 1641 423 persuaserat,
1661 373 1732 411 ha-

261 433 367 469 beret
384 430 548 482 indeque
567 432 704 467 librum
724 432 902 482 scriptum
922 431 996 468 fide
1017 432 1250 468 exactissima
1278 432 1316 465 in
1346 437 1452 466 textu
1471 429 1578 467 reddi
1606 431 1733 472 vellet.

261 488 345 534 Quo
365 487 444 538 ipso
464 488 672 524 multorum
687 488 854 525 virorum
873 487 1070 525 doctorum
1099 488 1139 523 iu
1169 485 1500 537 reprehensionem
1530 485 1632 523 haud
1660 487 1732 522 im-

260 545 396 581 merito
424 545 593 584 incurrit.
648 544 795 582 Sufficit
819 543 880 581 hic
901 557 944 580 ea
974 556 1185 594 apponere,
1216 556 1312 594 quae
1337 542 1383 579 de
1403 541 1475 579 hoc
1491 543 1586 579 libro
1605 543 1733 580 statuit

259 601 535 650 Wesselingius
554 601 744 638 Dissertat.
764 599 906 638 Herod.
934 601 990 636 IX
1010 613 1048 650 p.
1069 600 1118 637 91
1135 611 1145 635 ε
1183 600 1508 646 „celebratissima
1528 599 1613 636 MS.
1641 599 1733 635 Flo-

258 657 397 694 rentini
423 657 526 693 sama
544 663 617 694 est:
655 658 799 705 unicus,
829 657 1001 694 omnium
1022 655 1203 705 optimus,
1223 656 1521 706 antiquissimus,
1552 657 1613 692 cui
1636 653 1732 692 nihil

258 726 328 764 par
347 720 411 750 aut
429 712 651 760 secundum,
685 720 721 750 et
743 727 790 750 ex
811 726 885 764 quo
905 713 984 750 solo
1005 710 1219 748 Herodotea
1247 712 1407 748 suavitas
1429 718 1466 748 et
1485 712 1671 762 elegantia
1690 712 1731 748 iu

258 771 450 820 integrum
468 771 611 807 restitui
625 771 750 820 possit,
771 769 918 805 habitus
938 769 967 804 is
987 769 1081 804 liber
1101 774 1167 806 est.
1224 768 1300 804 Iac.
1330 768 1560 813 Gronovius,
1590 770 1646 806 vir
1665 781 1731 805 ce-

258 827 491 873 leberrimus,
513 839 624 878 quem
647 827 791 862 iuvenis
820 824 1021 862 docentem
1041 823 1189 870 audivi,
1218 836 1261 860 ac
1282 822 1485 860 admiratus
1514 837 1611 872 sum,
1643 837 1731 861 eum

259 881 541 933 diligentissime
571 882 731 919 versavit
760 888 797 918 et
817 882 1013 932 complura
1043 880 1132 917 inde
1152 881 1258 917 bonis
1287 881 1417 917 avibus
1437 880 1592 929 pristina
1612 879 1731 917 dona-

256 940 311 976 vit
326 940 502 976 sanitate:
540 939 592 974 ita
612 945 741 974 tamen
763 939 840 974 eius
861 938 1082 974 excellentia
1105 937 1291 987 abreptus,
1321 940 1372 984 ut,
1405 934 1508 988 quod
1532 938 1611 986 ipse
1631 936 1730 984 alibi,

254 996 334 1032 fere
370 996 489 1031 nimio
519 994 634 1031 studio
668 995 706 1031 in
737 993 920 1031 Mediceas
940 995 1153 1031 membranas
1184 994 1356 1031 abductus
1379 993 1453 1029 dici
1471 997 1587 1043 queat.
1644 993 1731 1029 Non

253 1050 351 1089 mihi
370 1051 570 1088 consilium
600 1056 673 1098 est,
705 1049 995 1102 depraestantia
1016 1052 1094 1087 eius
1115 1049 1252 1087 codicis
1274 1049 1483 1101 quidquam
1511 1046 1730 1086 detrahere:

253 1109 382 1145 multis
403 1108 595 1157 egregiam
614 1119 769 1157 operam
788 1108 989 1158 praestitit,
1018 1108 1144 1144 lucem
1160 1108 1238 1143 aliis
1258 1106 1458 1156 adspersit,
1488 1106 1671 1142 nonnulla
1690 1106 1731 1141 in

254 1164 455 1215 desperatis
475 1162 624 1211 habita,
656 1165 776 1201 salute
796 1163 960 1212 reddita,
988 1164 1198 1200 felicissime
1218 1162 1373 1201 adiuvit.
1433 1162 1573 1199 Omnes
1601 1168 1731 1199 tamen

254 1222 321 1257 uni
341 1228 584 1271 postponere,
614 1227 657 1256 ut
676 1227 858 1272 tanquam
872 1221 1030 1257 umbrae
1050 1221 1205 1257 volitent
1224 1220 1394 1271 nullique
1413 1220 1467 1255 rei
1486 1220 1581 1265 sint,
1603 1219 1729 1255 nescio

253 1276 346 1329 quid
367 1276 503 1315 dicam.
559 1278 684 1313 Immo
705 1290 795 1314 vero
830 1279 964 1328 opinor
1003 1278 1068 1314 vix
1087 1277 1209 1312 ullum
1235 1278 1376 1327 priscae
1396 1276 1586 1312 vetustatis
1609 1275 1731 1325 scrip-

252 1341 375 1370 torem
396 1332 498 1380 dari,
530 1334 595 1384 qui
617 1334 657 1369 in
676 1341 780 1370 tanta
799 1347 927 1370 rerum
947 1332 1200 1371 vicissitudine
1222 1340 1258 1369 et
1284 1340 1339 1369 tot
1360 1333 1592 1382 corruptelae
1621 1343 1729 1368 occa-

250 1391 417 1427 sionibus
441 1403 605 1426 unarum
624 1402 696 1440 ope
713 1389 939 1427 schedarum
959 1390 1062 1427 refici
1080 1390 1218 1441 possit,
1247 1388 1313 1427 sed
1338 1389 1498 1425 aliorum
1520 1388 1729 1439 patrocinio

252 1454 366 1499 atque
386 1447 515 1482 auxilii
535 1459 720 1484 concursu
738 1446 949 1496 indigere.“

363 1503 544 1554 Sequitur
562 1504 656 1540 alter
675 1502 797 1541 codex
818 1503 1060 1548 Florentiam,
1090 1503 1194 1540 cuius
1209 1515 1333 1550 usum,
1363 1506 1590 1553 procurante
1610 1500 1729 1536 Creu-

250 1572 357 1608 zero,
396 1560 480 1597 liber
507 1559 607 1597 Baro
632 1560 673 1597 de
695 1560 959 1602 Schellersliez'm
988 1559 1349 1610 Schweighaeusero
1372 1558 1573 1605 concessit,
1603 1569 1728 1593 mem-

249 1616 457 1653 branaceus
476 1614 656 1667 idemque
674 1618 957 1664 vetustissimus,
978 1623 1019 1653 ut
1039 1617 1097 1653 vel
1119 1618 1314 1652 literarum
1339 1614 1472 1651 ductus
1485 1643 1494 1661 ,
1523 1614 1728 1662 scripturae

247 1671 407 1716 modus,
440 1673 510 1707 alia
525 1673 610 1708 satis
630 1671 810 1711 indicant.
867 1671 1045 1708 Eundem
1080 1685 1158 1708 esse
1182 1671 1375 1717 codicem,
1405 1671 1509 1707 cuius
1533 1668 1728 1704 Montfau-

248 1725 321 1764 coi]
341 1729 381 1764 in
409 1728 506 1764 Bibl.
528 1729 545 1762 Ι
567 1741 605 1778 p.
626 1726 707 1768 414
727 1729 774 1764 D.
796 1726 852 1764 his
873 1729 995 1765 verbis
1013 1728 1208 1763 meminit:
1258 1726 1417 1773 „Codex
1438 1726 1588 1774 elegans
1608 1726 1645 1760 X
1666 1737 1728 1760 se-

248 1785 323 1820 culi
341 1784 673 1821 membranaceus:
705 1783 887 1820 Herodoti
906 1782 1122 1827 historiae‚“
1158 1785 1365 1833 suspicatur
1388 1780 1728 1831 Schweighaeuse-

247 1853 330 1887 rus,
362 1841 426 1894 qui
447 1839 494 1876 de
510 1838 584 1876 hoc
610 1839 739 1876 codice
758 1842 811 1877 ita
830 1840 971 1876 iudicat
990 1839 1171 1888 (praefat.
1193 1841 1222 1885 Ι,
1244 1843 1270 1879 2
1289 1852 1323 1888 p.
1345 1838 1554 1886 XXX'v‘1);
1611 1838 1728 1884 „Esse

246 1894 350 1933 hunc
372 1895 543 1933 codicem
563 1909 612 1945 ex
630 1895 764 1933 eadem
781 1910 870 1933 cum
885 1895 990 1934 Pass.
1006 1895 1092 1934 Ask.
1109 1902 1144 1932 et
1155 1894 1256 1932 Med.
1278 1895 1433 1939 familia,
1450 1907 1470 1930 e
1489 1893 1727 1939 lectionibus,

248 1966 340 2004 quas
359 1951 448 1989 inde
468 1953 705 2003 protulimus,
725 1953 834 1989 facile
855 1952 1022 2003 adparet.
1079 1954 1158 1988 Nec
1178 1965 1267 1989 vero
1289 1965 1309 1986 e
1330 1949 1501 1987 Mediceo
1522 1949 1728 1999 descriptus

246 2016 318 2058 est,
351 2023 439 2046 cum
472 2022 548 2060 quo
579 2008 626 2046 de
657 2010 870 2059 principatu
893 2011 1008 2046 etiam
1036 2008 1184 2046 videtur
1204 2006 1433 2044 contendere
1458 2019 1588 2057 posse3
1618 2004 1685 2043 sed
1706 2019 1728 2042 e

246 2067 448 2104 vetustiore
476 2066 581 2102 fonte
611 2065 798 2103 derivatus
826 2067 961 2117 probas
981 2066 1119 2102 multas
1147 2065 1288 2116 profert
1323 2065 1526 2110 lectiones,
1576 2063 1641 2100 ubi
1662 2068 1727 2098 aut

246 2122 286 2158 in
316 2124 405 2160 vitio
443 2121 574 2159 haeret
599 2121 814 2169 Mediceus,
845 2129 909 2160 aut
936 2123 1002 2159 ubi
1031 2121 1128 2158 nihil
1158 2128 1258 2158 certe
1286 2133 1307 2156 a
1347 2121 1538 2157 Gronovio
1573 2133 1596 2156 e
1622 2117 1727 2155 Med.

246 2180 439 2229 prolatum
467 2186 540 2228 est,
570 2178 675 2231 quod
695 2192 717 2216 a
740 2180 865 2217 minus
879 2180 999 2231 proba
1017 2179 1212 2229 scriptura,
1230 2190 1327 2230 quae
1347 2178 1439 2213 olim
1460 2176 1613 2227 vulgata
1634 2181 1724 2225 erat,

246 2234 454 2272 discedat.“

359 2292 492 2328 Tertio
512 2292 596 2328 loco
616 2292 808 2342 posuerIm
827 2291 980 2329 Asi-ewiz·
990 2305 1016 2328 s.
1031 2289 1218 2341 Sancrostz‘
1239 2288 1410 2327 codicem
1430 2289 1666 2339 alterumque
1676 2287 1726 2324 li-

246 2348 357 2385 brum
391 2348 594 2385 Cardinalis
620 2348 822 2396 Passionei,
852 2354 1057 2399 utrumque
1076 2349 1153 2383 iam
1178 2360 1198 2383 a
1218 2346 1471 2396 VVesselingio
1501 2343 1722 2391 adhibitum,

248 2406 312 2455 qui
333 2404 380 2441 de
408 2405 599 2441 Passionei
618 2405 713 2441 libro
741 2406 792 2441 sic
821 2405 946 2441 scribit
966 2405 1004 2440 in
1026 2404 1188 2440 Praefat.
1204 2417 1240 2454 p.
1258 2405 1355 2440 XX:
1387 2403 1512 2450 „circa
1531 2401 1723 2439 saeculum

247 2460 518 2498 duodecimum
537 2462 576 2497 in
599 2460 727 2498 charta
746 2474 974 2512 pergamena
994 2461 1040 2496 ab
1063 2459 1173 2497 docto
1196 2461 1315 2497 scriba
1337 2466 1509 2496 exaratus
1530 2464 1594 2503 est,
1616 2468 1724 2505 prae-

246 2519 379 2553 stantia
399 2517 570 2554 Mediceo
590 2517 686 2554 nihil
706 2517 856 2565 cedens,
886 2531 998 2568 saepe
1017 2518 1226 2567 superior.“
1283 2517 1389 2553 Alter
1407 2516 1502 2552 liber
1531 2513 1722 2551 Guilielmi

247 2573 436 2610 Sancrosti
457 2575 548 2611 olim
569 2575 640 2611 fuit
660 2573 928 2625 archiepiscopi
950 2576 1224 2621 Cantuarensis,
1246 2587 1348 2610 nunc
1370 2570 1627 2619 Cantabrigiae
1642 2581 1724 2604 ser-

246 2636 353 2666 vatus
368 2658 378 2675 ‚
408 2632 512 2667 cuius
535 2631 775 2668 collationem
794 2633 884 2667 Ant.
904 2629 1057 2667 Askew.
1077 2643 1195 2666 manu
1224 2630 1363 2666 factam
1390 2632 1581 2677 acceperat
1609 2626 1724 2662 VVes-

247 2686 424 2736 selingins
438 2715 447 2732 ,
479 2685 605 2723 addito
630 2689 825 2724 corollario
847 2700 894 2723 ex
922 2688 1035 2738 ipsius
1056 2686 1197 2723 Askew
1224 2686 1362 2723 Colice
1382 2683 1577 2720 chartaceo
1599 2694 1722 2717 anno-

248 2755 333 2778 rnm
364 2743 681 2793 quingentorum,
718 2746 908 2794 „primore
937 2743 1093 2796 quidem
1122 2745 1251 2779 Musae
1282 2743 1424 2792 primae
1451 2745 1554 2790 parte
1584 2749 1721 2774 manco

250 2797 315 2835 sed
334 2799 531 2849 perutili,“
561 2805 603 2835 ut
628 2800 679 2835 ait
708 2801 997 2851 Nvesselingius,
1018 2801 1083 2852 qui
1103 2798 1213 2837 huius
1242 2799 1325 2836 libri
1349 2798 1527 2834 lectiones
1556 2794 1721 2840 Ast-ewa,
