1879 3222
551 204 1158 243 CALL10PE.1X.
1405 201 1490 242 317

1543 310 1575 337 in
1607 309 1804 338 barbarorum

1543 344 1651 370 castris
1687 351 1819 378 reperta,

1545 378 1636 411 inque
1650 376 1820 405 libertatem

1546 419 1565 438 a
1584 412 1734 439 Pausania
1758 413 1822 440 vin-

1546 445 1656 475 dicata.

229 317 258 374 ἢ
294 315 438 372 ἐπειδὴ
476 313 608 370 ἔμαθε
645 311 924 364 ἀπολωλότας
958 312 1061 364 τοὺς
1097 312 1270 368 Πέρσας
1310 311 1385 355 καὶ
1423 326 1486 355 νι-

230 391 398 434 κῶντας
426 381 530 432 τούς
548 381 771 438 ”Ελληνας,
801 381 936 425 ἐοῦσα
965 382 1161 438 παλλακὴ
1181 379 1490 436 Φαρανδάτεος

233 458 314 498 τοῦ
344 450 566 501 Τεάσπιος,
599 449 762 505 ἀνδρός
794 449 986 505 Πέρσεω,
1017 451 1323 507 κοσμησαμένη
1341 452 1491 506 χρυσῷ

229 523 375 576 πολλῷ
410 518 483 562 καὶ
522 516 629 574 αὕτη
661 519 734 562 καὶ
765 519 811 561 αἱ
838 518 1100 574 ἀμφίπολοι,
1159 519 1231 562 καὶ
1262 518 1410 574 ἐσθῆτι
1437 521 1492 575 τῇ

228 589 432 644 καλλίστῃ
454 590 543 629 τῶν
562 587 853 641 παρεουσέων,
876 588 1101 641 καταβᾶσα
1114 584 1160 628 ἐκ
1189 587 1265 641 τῆς
1295 584 1492 642 ἁρμαμά-

231 656 316 711 ξης,
348 654 496 710 ἐχώρεε
527 654 568 706 ἐς
597 654 701 706 τούς
730 656 1107 710 Λακεδαιμονίους
1138 654 1198 696 ἔτι
1228 653 1384 710 ἐντῇσι
1416 659 1549 710 ‹po-90

195 727 332 779 Ξνῇσι
362 723 528 775 ἐόντας.
561 721 710 777 ὁρῶσα
744 723 789 767 δὲ
817 722 958 767 πάντα
987 723 1130 767 ἐκεῖνα
1155 722 1359 766 διέποντα
1372 725 1493 765 Παυ-

223 793 400 847 σανίην,
441 791 657 846 πρότερον
696 808 739 836 τε
776 791 825 835 τὸ
867 792 1038 848 οὕνομα
1076 790 1377 846 ἐξεπισταμένη
1417 789 1492 831 καὶ

223 859 303 915 τὴν
332 860 527 916 πάτρην,
563 859 671 904 ὥστε
700 860 908 912 πολλάκις
937 859 1176 912 ἄκου’σασα,
1208 859 1318 915 ἔγνω
1348 873 1392 900 τε
1412 855 1491 899 τόν

225 930 500 985 Παυσανίην,
531 929 602 972 καὶ
632 929 853 986 λαβομένη
883 932 970 973 τῶν
998 927 1241 984 γουνάτων,
1274 927 1389 983 ἔλεγε
1419 923 1492 968 τά·

224 998 292 1039 δε·
358 992 451 1048 ,ῘΩ
489 1000 666 1052 βασιλεῦ
705 997 935 1054 Σπάρτης,
980 999 1111 1052 ῥῦσαί
1148 1013 1199 1052 με
1240 995 1320 1052 τὴν
1359 993 1493 1037 ἱκέτιν
1550 1005 1630 1045 727

191 1063 531 1119 3,,αίχμαλεότου
560 1064 846 1122 δουλοσύνης.
881 1064 936 1108 σύ
965 1065 1047 1120 γὰρ
1080 1066 1154 1108 καὶ
1185 1065 1228 1115 ές
1257 1063 1356 1107 τόδε
1387 1061 1550 1116 ἄνη-96

222 1143 348 1185 ,,σας,
388 1130 545 1176 τούσδε
588 1132 828 1185 ἀπολέσας,
870 1132 976 1184 τούς
1008 1133 1108 1176 οὔτε
1139 1132 1362 1187 δαιμόνων
1392 1128 1493 1173 οὔτε

191 1202 339 1243 4θεῶν
369 1199 474 1243 ὄπιν
506 1201 697 1257 ἔχοντας.
743 1201 830 1258 εἰμὶ
859 1201 905 1244 δὲ
936 1201 1063 1256 γένος
1094 1202 1173 1258 μὲν
1200 1200 1322 1258 Κῴη,
1352 1197 1493 1254 θυγά-

221 1284 329 1324 ,,τηρ
380 1268 426 1312 δὲ
460 1268 752 1326 Ἡγητορίδεω
789 1273 872 1313 τοῦ
911 1268 1193 1325 Ἀνταγόρεω.
1251 1272 1324 1326 βίῃ
1363 1268 1409 1311 δέ
1439 1282 1492 1322 με

193 1334 402 1391 5,,λαβών
439 1337 486 1380 ἐν
521 1341 599 1394 Κῷ
638 1339 720 1395 εἶχε
762 1336 785 1381 ὁ
830 1337 1044 1394 Πέρσης.“
1097 1337 1147 1382 Ὁ
1188 1338 1234 1382 δὲ
1272 1336 1491 1393 ἀμείβεται

220 1405 392 1447 τοῖσδε·
451 1405 646 1460 ,,Γυ’ναι,
676 1404 859 1460 θάρσει,
900 1407 974 1449 καὶ
1004 1406 1060 1458 ὡς
1089 1409 1231 1460 ἱκέτις,
1262 1405 1336 1449 καὶ
1369 1405 1405 1447 εἰ
1435 1402 1517 1459 δὴἱ

223 1470 362 1526 ,,πρός
385 1471 523 1529 τούτῳ
555 1475 779 1531 τυγχάνεις
809 1473 974 1530 ἀληθέα
1003 1474 1204 1530 λέγουσα,
1223 1474 1295 1518 καὶ
1313 1470 1372 1524 εἶς
1401 1476 1490 1515 θυ-

220 1539 381 1596 »Ψᾶτηρ
414 1537 712 1600 Ἡγητορίδεω
742 1545 823 1586 τοῦ
851 1542 1000 1599 Κῴου,
1032 1541 1080 1594 ὂς
1118 1542 1214 1598 ἐμοὶ
1244 1542 1383 1595 ξεῖνος
1410 1539 1489 1597 μά-

166 1786 212 1822 In
231 1796 326 1824 voce
352 1782 548 1834 Τεάσπιος
567 1780 736 1824 radicem
761 1800 826 1839 asp

168 1855 198 1881 s.
215 1856 286 1893 esp,
325 1857 422 1895 quae
444 1857 588 1896 equum
610 1843 765 1881 denotat
790 1851 827 1881 et

167 1899 208 1935 in
234 1900 365 1937 multis
396 1903 600 1938 Persarum
633 1902 828 1938 vocabulis

168 1957 373 2006 conspicua
402 1964 468 2005 est,
491 1970 696 2007 agnoscere
724 1959 825 1995 licet.

168 2011 225 2049 cf.
254 2012 346 2051 ibid.
380 2027 418 2064 p.
438 2015 520 2051 LX.
577 2016 635 2050 De
650 2027 744 2051 voce
760 2013 827 2067 άρ-

168 2066 352 2120 μαμάξης
372 2069 449 2108 vid.
471 2076 567 2108 nott.
589 2069 638 2106 ad
657 2072 739 2115 VII,
758 2070 828 2110 41.

165 2126 261 2162 Mox
280 2126 376 2163 dixit
396 2122 517 2177 φάνη,
533 2127 599 2163 ubi
619 2128 734 2177 vulgo
753 2122 829 2176 φό-

166 2197 250 2230 νος.
308 2182 373 2220 Sic
399 2185 510 2220 Ioues
542 2181 655 2234 κοίτη
686 2192 722 2221 et
741 2187 828 2223 κοῖ-

166 2254 245 2288 τος,
267 2240 361 2289 alia,
385 2238 432 2277 de
448 2240 584 2293 qujbus
605 2241 708 2278 conf.
727 2243 758 2289 Ι,
787 2243 826 2281 9.

165 2297 230 2345 IV,
241 2299 346 2353 201.

224 2354 255 2392 ὥ
281 2353 463 2404 βασιλεῦ]
481 2353 639 2404 Proprie
658 2359 827 2402 11onrex5

167 2408 234 2448 sed
266 2412 364 2461 regis
393 2409 592 2447 Plistarchi
611 2411 682 2448 fuit
714 2418 828 2459 tutor,

167 2467 323 2504 testibus
350 2466 493 2505 Herod.
525 2469 593 2516 IX,
620 2470 683 2507 10.
714 2466 830 2504 Thu-

168 2522 294 2575 cydid.
325 2525 356 2572 Ι,
390 2526 484 2564 132.
513 2524 674 2561 Pausan.
694 2525 759 2572 ΙΙΙ,
788 2524 828 2573 4,

168 2583 208 2620 7.
237 2579 316 2618 Sed
336 2580 635 2618 condonandum
650 2581 828 2619 aitWes÷

169 2637 346 2688 selingius
365 2644 562 2675 matronae
580 2638 708 2675 auimo
737 2651 828 2689 prae

170 2692 309 2731 laetitia
329 2696 561 2746 perturbato.
584 2717 632 2723 —
653 2693 717 2732 Ad
735 2708 828 2746 pro-

170 2749 275 2787 xime
306 2765 412 2804 seqq.
439 2752 559 2804 ῥῦσαί
588 2767 635 2803 με
664 2767 701 2791 κ.
730 2766 762 2790 τ.
792 2755 828 2791 λ.

173 2807 334 2844 conferri
361 2809 494 2847 v'olunt
512 2811 558 2862 V,
578 2809 646 2851 49.
674 2810 744 2859 IX,
759 2811 827 2850 89.

884 1786 1122 1837 Epigramm.
1145 1775 1248 1837 apud
1263 1777 1418 1821 Aristid.
1437 1783 1491 1820 III
1505 1796 1546 1834 p.

885 1845 980 1885 648.

939 1897 1035 1947 τούς
1073 1895 1166 1940 οὔτε
1204 1892 1411 1949 δαιμόνων
1453 1892 1546 1936 οὕτε

882 1960 996 1996 θεαῖν
1019 1953 1114 1996 ὄπιν
1137 1954 1314 2006 ἔχοντας]
1346 1955 1371 1990 i.
1393 1966 1428 1990 e.
1461 1966 1548 2001 „nec

883 2013 1086 2052 daemonum
1102 2026 1210 2061 neque
1230 2012 1368 2049 deorum
1384 2011 1547 2048 maiesta-

885 2073 952 2106 tem
1001 2083 1030 2106 s.
1081 2070 1277 2106 vindictam
1334 2067 1545 2106 reverz·tos.“

895 2125 976 2163 Val
992 2125 1114 2164 clcen.
1156 2126 1274 2162 citans
1313 2125 1412 2171 VIII,
1450 2123 1542 2171 143,

884 2183 949 2219 ubi
978 2181 1055 2220 vid.
1083 2188 1178 2220 nott.
1211 2202 1261 2210 —-
1298 2182 1343 2217 In
1372 2193 1477 2232 seqq.
1495 2179 1544 2217 ad

882 2240 1107 2290 particulam
1145 2236 1188 2278 δὲ
1225 2239 1401 2276 iteratam
1441 2238 1544 2276 conf.

884 2295 1018 2334 Matth.
1041 2298 1106 2335 Gr.
1129 2297 1197 2333 Gr.
1213 2297 1251 2341 ξ.
1274 2298 1353 2336 616
1371 2309 1408 2346 Ρ.
1425 2292 1543 2339 1247,

887 2352 986 2404 ἔχειν
1006 2354 1108 2392 valet
1126 2355 1247 2391 uxoris
1263 2352 1335 2390 loco
1349 2352 1482 2400 habere,
1502 2357 1544 2388 ut

883 2412 949 2459 Ill,
972 2413 1039 2452 31.

943 2464 1024 2517 εἷς]
1044 2469 1102 2506 Ita
1122 2466 1211 2505 dedi
1231 2475 1381 2505 secutus
1402 2464 1543 2505 Sohae-

885 2526 1010 2562 ferum
1040 2527 1223 2577 aliosque,
1252 2525 1317 2561 ubi
1343 2522 1544 2573 Schweig-

884 2581 1088 2619 haeuserus
1117 2589 1232 2634 atque
1253 2580 1441 2619 Gaisford.
1474 2579 1543 2617 de-

886 2638 1019 2676 derant
1041 2635 1087 2687 εἷ,
1118 2638 1356 2690 improbante
1387 2647 1541 2676 censore

882 2697 1067 2746 Lipsiensi
1098 2698 1204 2736 1833
1234 2709 1273 2747 p.
1294 2696 1359 2736 49.
1381 2716 1435 2723 —
1465 2695 1541 2731 Pro

884 2748 970 2792 τότε
993 2750 1066 2803 μὲν
1086 2751 1255 2791 Bekker.
1271 2754 1439 2807 quaerit:
1462 2764 1541 2802 „an

885 2808 957 2862 μέν
982 2825 1050 2862 μιν
1065 2806 1085 2848 Ρ
1097 2810 1121 2832 “
