1879 3222
533 146 991 184 CALLIOPE.

1050 149 1066 182 l
1080 148 1129 185 X.
1385 149 1471 190 295

179 252 349 298 Ξαύτοῦ
378 252 645 308 Εὐρύπυλον
678 253 750 296 καὶ
777 254 1079 309 Θρασυδὴϊον,
1111 256 1225 311 ἔλεγε
1243 270 1254 279 ·
1285 251 1360 308 „³53
1379 262 1474 300 παῖ-

206 324 305 374 ,,δες
328 321 533 368 Ἀλεύεω,
573 320 633 362 ἔτι
663 322 704 363 τί
733 322 888 374 λέξετε,
932 321 1036 364 τάδε
1077 322 1275 378 ὁρέοντες
1306 325 1470 380 ἐρήμας

204 389 355 445 „apsis
383 389 463 442 γὰρ
493 389 537 430 οἱ
571 387 862 445 πλησιόχωροι
903 389 1062 444 ἐλέγετε
1100 393 1471 446 Λακεδαιμονίους

203 456 287 511 ,,οὐ
318 454 494 512 φεύγειν
525 455 572 498 ἐκ
601 454 757 512 μάχης,
790 456 896 500 ἀλλὰ
926 454 1092 512 ἄνδρας
1123 457 1232 502 εἶναι
1262 459 1313 502 τὰ
1342 460 1470 502 πολέ-

203 542 305 580 ,,μια
333 523 559 577 πρώτους·
598 523 701 576 τούς
730 523 948 581 πρότερόν
987 542 1031 568 τε
1061 527 1393 582 μετισταμένους
1423 527 1524 571 έκ15

201 596 302 648 ,πῆς
331 591 474 644 τάξιος
504 594 652 646 εἴδετε,
703 598 790 637 νῦν
827 610 869 638 τε
904 591 991 636 fisco*
1028 593 1108 648 τήν
1148 594 1468 649 παροιχομένην

169 659 369 712 3,,νύκτα
398 659 470 703 καὶ
500 661 542 703 οἱ
570 659 730 714 πάντες
755 662 937 719 ὁρέομεν
958 661 1233 716 διαδράντας.
1275 660 1467 712 διέδεξάν

197 744 292 783 ,,τε,
333 727 424 772 ἐπεί
454 738 590 782 σφεας
618 728 705 772 ἔδεε
735 728 844 784 πρὸς
872 727 975 780 τοὺς
1014 728 1234 782 ἀψευδέως
1262 727 1465 782 ἀρίστους

199 793 480 852 ,,ἁνθρώπων
509 795 622 853 μάχῃ
646 799 936 854 διακριθῆναι,
969 797 1036 841 ὅτι
1062 797 1239 850 οὐδένες
1266 796 1352 851 ἄρα
1374 795 1465 839 ἐόν-

199 878 318 915 ,,τες,
372 863 418 907 έν
455 863 687 919 οὐδαμοῖσι
726 866 847 909 ἐοῦσι
878 865 1053 920 ΓΈλλησι
1090 863 1519 910 ἐναπεδεικνύατο.ἓο

166 931 311 982 4,.Καὶ
340 930 446 985 ὑμῖν
475 931 575 986 μὲν,
606 932 727 976 ἐοῦσι
748 931 951 988 Περσέων
973 933 1210 989 α’πείροισι,
1240 932 1378 989 πολλή
1411 932 1458 976 ἔκ

191 1014 264 1052 „ys
295 998 397 1054 ἐμεῦ
426 999 586 1055 ἐγίνετο
625 1000 883 1056 συγγνώμη,
926 1000 1217 1046 ἐπαινεόντων
1259 999 1457 1053 τούτους,

135 1200 233 1231 nott.
254 1193 303 1231 ad
317 1196 390 1242 111,
410 1192 450 1234 4.
479 1195 658 1231 Formam
676 1193 796 1235 εἴδετε

136 1249 225 1288 hinc
269 1252 357 1288 citat
389 1250 524 1288 Matth.
555 1253 622 1289 Gr.
657 1253 722 1290 Gr.
755 1253 794 1298 ξ.

133 1310 212 1348 231
236 1321 324 1359 pag.
340 1308 434 1355 449,
457 1309 523 1359 qui
542 1308 644 1344 idem
659 1310 696 1354 ξ.
713 1311 792 1349 266

133 1377 172 1414 Ρ.
195 1363 275 1404 549
307 1365 522 1401 conferatur
552 1364 600 1402 ad
620 1378 732 1402 voces
755 1364 796 1404 οἱ

133 1416 291 1467 πάντες.
313 1441 368 1449 -
407 1422 464 1456 De
495 1422 611 1458 verbo
642 1422 795 1460 διαδει-

131 1472 281 1517 κνύναι
294 1478 514 1515 monuimus
536 1477 584 1515 ad
594 1478 672 1526 Vll,
699 1480 794 1518 172.

186 1551 247 1595 ’ὅτι
275 1552 437 1604 οὐδένες
474 1553 552 1609 ἄρα
582 1551 715 1604 ἐόντες
735 1578 791 1584 --

129 1608 482 1662 ἐναπεδεικνύατο]
523 1615 644 1650 Usum
688 1614 791 1651 vocis

130 1664 294 1716 ου’δένες
322 1670 444 1719 tangit
478 1669 612 1709 matth.
636 1670 700 1707 Gr.
722 1671 789 1709 Gr.

131 1727 168 1772 §.
191 1724 292 1774 437,
322 1729 341 1765 1
366 1738 452 1776 pag.
474 1727 574 1774 817,
598 1726 663 1778 qui
682 1725 788 1763 idem

127 1784 165 1828 ξ.
186 1781 293 1829 549,
323 1782 348 1823 5
383 1795 470 1833 pag.
502 1785 606 1823 1077
636 1782 683 1819 de
715 1796 788 1820 usu

128 1839 314 1889 participii
339 1834 465 1884 ἐόντες
493 1840 569 1889 egit
590 1845 626 1876 et
647 1841 684 1884 ξ.
704 1837 785 1879 214

129 1907 215 1945 pag.
237 1893 317 1934 409
341 1894 388 1930 de
409 1895 532 1931 forma
553 1896 685 1932 tertiae
697 1909 787 1946 per-

126 1963 243 1988 sonae
275 1948 613 1990 ἐναπεδεικνύατο.
673 1951 784 1997 Quod

128 2006 176 2043 ad
198 2007 342 2058 reliqua
358 2008 517 2051 attinet,
546 2006 673 2044 durius
693 2021 785 2045 sane

126 2063 273 2100 dictum
306 2062 455 2100 videtur
490 2064 536 2100 ab
568 2064 785 2102 Herodoto:

127 2119 304 2167 διέδεξαν
328 2141 376 2147 -
410 2115 471 2158 ὅτι
490 2142 544 2147 —
573 2117 704 2167 ἐόντες
730 2143 781 2148 —-

126 2172 482 2222 ἐναπεδεικνύατο,
527 2189 546 2211 a
583 2175 784 2228 Schweig-

124 2232 308 2270 haeusero
329 2234 379 2269 ita
389 2234 523 2269 Latine
541 2244 782 2284 expressum:

126 2291 368 2337 ostenderunt,
404 2302 459 2336 se,
492 2302 595 2339 quum
623 2292 694 2327 sint
723 2293 784 2327 ni-

124 2347 193 2384 Ιιίίί
211 2347 384 2393 homines,
413 2348 503 2383 inter
520 2347 693 2396 Graecos,
724 2349 786 2397 qui

122 2417 184 2441 nec
207 2405 278 2454 ipsi
305 2403 414 2439 ullius
441 2404 511 2439 sint
527 2401 674 2452 frugis,
696 2416 784 2440 emt-

123 2462 249 2499 nuisse.
310 2462 354 2496 In
389 2460 483 2495 Lex.
505 2458 644 2497 Herod.
678 2459 783 2496 idem

125 2515 344 2566 Schweigh.
360 2516 476 2552 verbo
500 2514 782 2555 ἐναποδείκνυ-

125 2578 222 2612 σθαι
251 2575 437 2624 passivam
468 2573 582 2609 tribui
611 2573 691 2609 vult
711 2585 783 2610 uo-

125 2631 279 2677 tionem,
302 2631 351 2666 ita
374 2636 417 2666 ut
438 2631 587 2680 proprie
608 2627 647 2666 h.
668 2629 692 2665 Ι.
715 2642 784 2666 va-

125 2686 219 2724 leat:
261 2688 427 2724 ostentati
466 2690 547 2723 sunt
563 2715 573 2734 ,
613 2689 782 2735 tanquam

124 2744 302 2794 praecipua
325 2747 361 2796 ⁴et
394 2744 516 2782 eximii
546 2743 715 2794 insigniti
748 2746 782 2782 et

850 1195 1017 1233 celebrati
1035 1198 1137 1242 sunt3
1168 1208 1245 1246 quo
1267 1194 1404 1232 eodem
1423 1208 1513 1233 sen-

848 1265 893 1289 su
913 1252 960 1288 ab
997 1252 1077 1288 aliis
1104 1250 1209 1288 addit
1241 1253 1400 1289 verbum
1419 1254 1512 1303 poni

849 1307 1133 1348 ἐνδείκνυσθαι
1172 1307 1408 1356 (ostentari),
1468 1316 1511 1346 ut

848 1364 951 1415 apud
970 1363 1150 1402 Aeschin.
1173 1365 1211 1400 iu
1234 1364 1400 1414 ctesiph.
1422 1378 1510 1416 pag.

851 1423 932 1462 610
944 1419 1073 1458 Reisk.
1092 1420 1287 1460 Plutarch.
1311 1423 1429 1461 Cicer.
1451 1436 1511 1473 cp.

854 1477 917 1516 14.
975 1476 1167 1529 Equidem
1202 1475 1305 1514 haud
1345 1479 1421 1515 scio
1462 1492 1512 1515 an

849 1534 1008 1571 verbum
1022 1534 1384 1574 ἐναποδείκνυσθαι
1399 1547 1509 1572 suam

847 1588 910 1626 hic
937 1604 1091 1642 quoque
1114 1591 1273 1628 retineat
1294 1592 1508 1640 notionem,

846 1646 899 1683 ita
920 1653 961 1684 ut
981 1648 1151 1697 scriptor,
1174 1648 1222 1683 ob
1246 1648 1407 1684 verbum
1428 1646 1509 1687 διέ-

846 1703 985 1751 δεξαν,
1016 1704 1130 1740 nimis
1150 1702 1246 1740 illud
1266 1702 1423 1756 quidem
1444 1717 1507 1740 re-

842 1766 992 1796 motum
1005 1789 1014 1807 ‚
1035 1758 1206 1796 eiusdem
1225 1760 1510 1810 significationis

842 1817 1003 1853 verbum
1023 1817 1121 1852 infra
1142 1815 1268 1853 denuo
1281 1816 1504 1867 ponendum

841 1880 944 1910 ratus
971 1872 1047 1910 duo
1082 1874 1133 1909 ita
1173 1874 1340 1924 posuerit
1373 1875 1502 1922 verba,

843 1942 941 1981 quae
961 1931 1002 1965 in
1018 1930 1160 1965 Latinis
1182 1943 1258 1967 uno
1280 1929 1388 1966 reddi
1411 1943 1504 1982 que-

843 1993 920 2023 ant.
981 1986 1300 2023 Comrnonstrarzmt
1318 1986 1377 2023 ilci
1401 1990 1502 2035 satis,

842 2043 894 2078 ait
912 2041 1152 2089 Mardonius,
1195 2055 1230 2078 se
1250 2043 1303 2078 vel
1322 2045 1414 2079 inter
1434 2056 1501 2089 eos,

842 2099 905 2147 qui
931 2098 1040 2135 nihili
1063 2101 1169 2142 sunt,
1205 2099 1376 2146 Graecos,
1403 2099 1502 2135 nullo

841 2154 914 2191 loco
938 2167 1008 2191 esse
1040 2153 1229 2190 censendos.
1286 2156 1364 2191 Nec
1394 2156 1501 2192 aliter

840 2211 1078 2247 intellexerat
1099 2211 1203 2247 Valla
1238 2210 1288 2247 ita
1314 2212 1500 2262 interpre-

841 2274 924 2304 tans
941 2280 951 2305 ε
974 2267 1091 2315 „unde
1119 2266 1252 2304 nuliius
1270 2281 1340 2304 esse
1366 2280 1400 2304 se
1417 2282 1501 2318 pre-

841 2326 906 2372 tii,
935 2326 1025 2361 inter
1049 2324 1221 2371 Graecos,
1244 2327 1277 2360 et
1303 2326 1396 2374 ipsos
1415 2324 1500 2361 nul-

841 2381 912 2418 lius
942 2382 1053 2431 pretii
1087 2381 1201 2427 viros,
1241 2379 1496 2417 ostenderuntf‘

842 2438 994 2474 Censori
1017 2437 1166 2473 lenensi
1187 2437 1315 2482 (1825
1337 2450 1394 2475 nr.
1419 2439 1497 2478 186

839 2508 927 2545 pag.
948 2493 1042 2542 47),
1070 2506 1187 2544 quem
1208 2492 1411 2543 Stegerum
1439 2494 1498 2530 vi-

840 2550 919 2588 deri
944 2551 1021 2586 iam
1053 2562 1165 2599 supra
1195 2547 1294 2597 dixi,
1329 2550 1496 2587 scriben-

840 2607 933 2645 dum
954 2605 1103 2642 videtur
1128 2602 1464 2646 ένεπεδεικνύατο.

896 2680 1158 2724 ἐπαινεόντων
1184 2679 1363 2734 τούτους]
1386 2684 1494 2725 ἐπαι-

839 2737 1012 2783 νεόντων
1053 2740 1101 2779 ad
1139 2741 1364 2780 antecedens
1397 2740 1494 2793 ύμῖν
