1879 3222
413 218 479 253 DE
511 213 631 253 VITA
659 215 733 251 ET
762 213 997 252 SCRIPTIS
1024 213 1301 252 HERODOTI.
1519 213 1601 253 421

119 328 247 367 adhuc
262 327 474 380 superstites
484 333 521 363 et
542 339 590 362 ex
610 338 689 362 uno
708 325 826 372 fonte,
849 332 890 362 ut
910 324 1070 373 videtur,
1091 325 1476 376 derivatossuperent.
1504 325 1599 361 Per-

118 388 239 424 tinent
265 385 340 422 huc
372 385 505 431 etiam,
536 383 608 418 alia
632 388 673 419 ut
701 388 870 430 taceam,
905 382 1177 433 frequentiores
1197 384 1250 419 illi
1279 383 1319 418 in
1349 381 1517 418 numeris
1537 394 1599 417 er-

117 456 230 491 rores,
262 443 298 492 *)
331 453 422 492 quos
441 439 630 490 scriptoris
649 437 844 475 socordiae
874 445 938 474 aut
963 440 1218 488 negligentiae
1238 439 1401 475 tribuere
1427 451 1516 476 cum
1535 438 1599 475 vix

115 501 225 536 liceat
254 499 462 534 maximam
481 503 582 532 certe
611 502 757 546 partein
778 495 936 531 librariis
968 494 1178 532 adscribere
1198 496 1401 533 malumus.
1458 496 1516 532 Ac
1541 495 1598 531 le-

115 557 238 606 gimus
263 552 364 604 apud
392 551 578 604 Porphyr.
610 555 761 597 Quaest.
780 553 896 588 Hom.
917 563 998 601 cap.
1021 554 1074 592 8:
1117 549 1242 590 πολλὰ
1267 550 1463 604 φέρεσθαι
1490 550 1599 604 μέχρι

116 615 193 652 νῦν
212 606 472 663 αμαρτήματα
486 625 585 649 κατα
603 605 677 661 τὴν
693 605 915 662 Ηροὸότου
937 604 1186 660 συγγραφήν-

770 756 809 802 §.
857 754 921 796 15.

223 869 302 907 Sed
337 875 571 907 revertamur
600 866 648 904 ad
679 868 814 920 ipsam,
845 869 1120 921 qualiscunque
1141 873 1214 915 est,
1244 864 1429 904 Herodoti
1457 866 1595 903 oratio-

110 938 201 962 nem
215 956 224 974 ,
255 939 373 978 quam
393 926 530 962 multas
549 924 679 962 laudes
700 924 801 976 apud
821 933 965 963 veteres
982 926 1121 973 tulisse,
1154 925 1264 975 plura
1283 922 1464 961 iudicant.
1494 923 1595 959 Hinc

107 983 361 1028 Quintilianus
393 985 484 1021 Inst.
516 982 617 1019 Orat.
642 983 710 1029 IX,
740 980 778 1029 4,
803 985 876 1024 18:
916 983 988 1032 „In
1015 980 1211 1019 Herodoto
1231 993 1322 1019 vero
1342 993 1431 1018 cum
1452 980 1594 1026 omnia,

108 1046 151 1076 ut
170 1053 242 1090 ego
263 1039 419 1092 quidem
442 1039 586 1085 sentio,
612 1039 747 1075 leniter
765 1038 908 1087 fluunt,
941 1046 1026 1076 tum
1044 1040 1124 1089 ipsa
1149 1033 1349 1083 διάλεκτος
1379 1035 1493 1073 habet
1508 1049 1595 1072 eam

106 1096 404 1144 iucunditatem,
434 1102 477 1132 ut
508 1095 666 1131 latentes
696 1096 811 1131 etiam
829 1108 1009 1132 numeros
1033 1095 1233 1145 complexa
1252 1092 1466 1132 videatur.“
1521 1092 1595 1129 Af-

106 1153 180 1189 fert
200 1160 328 1190 autem
349 1151 422 1189 hoc
443 1158 573 1188 contra
603 1152 826 1188 Ciceronem
844 1181 853 1199 ‚
885 1153 951 1204 qui
970 1153 1146 1203 Lysiam,
1187 1149 1448 1198 Herodotum,
1479 1147 1595 1185 Thu-

106 1209 285 1260 cydidem
314 1222 451 1260 parum
470 1207 654 1245 studiosos
681 1210 758 1245 eius
788 1209 875 1245 artis
892 1238 902 1256 ,
933 1222 1031 1260 quae
1060 1209 1099 1244 in
1122 1207 1298 1244 orationis
1320 1205 1594 1256 compositione

105 1273 294 1313 versatur,
324 1266 436 1302 fuisse
457 1264 617 1303 dixerat.
674 1267 807 1316 Neque
826 1278 917 1303 vero
938 1264 1037 1302 hanc
1068 1262 1306 1301 Herodoteae
1338 1263 1516 1300 orationis
1532 1264 1594 1299 iu-

105 1322 321 1359 cumlz'tatem
340 1324 419 1360 sive
439 1320 733 1372 pulcritudinem
747 1323 787 1357 in
806 1323 928 1359 verbis
938 1328 1088 1358 tantum
1100 1320 1333 1372 quaerebant
1350 1326 1506 1366 veteres,
1527 1316 1594 1355 sed

105 1380 315 1415 suavitatem
337 1392 490 1431 quoque
511 1379 750 1426 elocutionis,
771 1379 811 1414 in
839 1379 952 1415 totius
973 1378 1151 1415 orationis
1169 1383 1356 1414 structura
1376 1382 1413 1413 et
1432 1387 1594 1425 compo-

105 1435 240 1471 sitione
273 1435 383 1473 sitam
412 1434 697 1483 collaudabant,
735 1447 857 1487 quum
883 1436 935 1472 ita
963 1436 1122 1485 scriptor
1149 1447 1208 1470 res
1230 1438 1399 1481 enarret,
1445 1438 1487 1468 ut
1505 1432 1593 1467 illae

104 1489 221 1527 fando
266 1491 326 1527 vel
368 1490 609 1527 iucundiores
649 1491 742 1528 fiant
771 1505 888 1543 quam
919 1492 951 1528 si
979 1492 1096 1528 oculis
1127 1490 1373 1526 subiiciantur
1399 1487 1594 1539 nostrique

105 1548 223 1583 animi
250 1546 339 1584 inde
369 1549 430 1585 vel
460 1549 629 1583 maxime
660 1554 987 1585 commoveantur.
1010 1544 1079 1595 Η)
1136 1544 1295 1582 Accedit
1325 1544 1382 1581 his
1403 1551 1509 1594 grata
1528 1544 1593 1580 illa

104 1604 282 1640 orationis
300 1606 456 1641 variatio
474 1605 516 1640 in
535 1604 658 1641 verbis
679 1605 835 1653 singulis
864 1617 985 1654 aeque
1002 1616 1045 1639 ac
1073 1608 1153 1639 tota
1173 1602 1351 1638 orationis
1374 1601 1593 1637 conforma-

103 1661 207 1696 tione
240 1661 339 1698 bene
367 1661 583 1710 conspicua.
640 1661 691 1696 Et
720 1673 839 1711 quum
866 1658 1082 1696 Herodotus
1110 1659 1149 1694 in
1171 1659 1341 1694 oratione
1361 1670 1429 1694 sua
1449 1657 1592 1694 iustum

102 1717 245 1769 ubique
268 1723 396 1753 teneat
424 1716 586 1753 modum
611 1730 683 1753 nec
714 1718 791 1753 ullo
822 1715 940 1754 modo
967 1715 1179 1753 molestiam
1210 1721 1333 1762 creet,
1365 1720 1470 1751 extra
1498 1713 1592 1750 fines

103 1772 320 1824 evagando,
354 1786 550 1825 quumque
569 1774 718 1823 singula
737 1774 872 1821 verba,
902 1773 994 1825 quin
1016 1773 1139 1809 omnis
1170 1772 1288 1808 oratio
1318 1771 1461 1820 optime
1485 1769 1591 1806 dele-

103 1837 164 1866 cta
193 1831 323 1880 reique
350 1832 519 1866 maxime
553 1831 781 1867 conveniens
810 1831 1044 1877 inveniatur,
1076 1827 1315 1879 praedicatur
1333 1829 1374 1862 in
1395 1825 1590 1862 Herodoto

105 1885 202 1936 μέση
234 1885 354 1933 λέξις,
383 1886 454 1934 ***)
485 1899 583 1937 quae
603 1885 844 1923 mediocriter
863 1892 1072 1936 temperata
1093 1884 1242 1921 delectu
1262 1889 1408 1920 constat
1442 1894 1589 1930 eorum,

105 1954 203 1992 quae
221 1943 260 1977 in
282 1943 433 1993 reliquis
454 1941 605 1978 dicendi
625 1944 826 1992 generibus
852 1942 1052 1980 videantur
1070 1941 1386 1991 praestantissima
1401 1967 1412 1986 ,
1434 1938 1590 1990 eiusque

104 2010 229 2035 sermo
256 1997 427 2035 medium
456 1998 651 2052 quoddam
687 2006 819 2037 tenere
853 1998 989 2036 dicitur
1019 1999 1116 2035 inter
1144 1998 1306 2034 nimiam
1333 1996 1589 2033 austeritatem

193 2189 233 2230 η
266 2188 365 2221 conf.
391 2191 475 2221 nott.
504 2188 548 2221 ad
572 2188 601 2231 1,
625 2190 656 2223 7.
679 2189 723 2222 T.
748 2187 765 2221 1
789 2199 822 2233 p.
846 2188 904 2222 23.
938 2187 966 2229 1,
990 2189 1044 2222 32.
1080 2187 1126 2229 Π,
1151 2187 1184 2220 9.
1211 2185 1289 2221 145.
1328 2186 1373 2220 T.
1407 2184 1425 2218 1
1451 2195 1487 2230 p.
1510 2183 1589 2220 496.

104 2233 181 2268 819.
206 2234 282 2277 vn,
309 2235 384 2269 187.
409 2235 453 2268 T.
478 2234 529 2267 111
552 2246 586 2278 p
610 2235 677 2269 732
700 2245 771 2279 seq.
797 2233 1105 2276 0011.1x‚29‚'r.
1130 2233 1177 2266 1v
1202 2244 1235 2277 p
1259 2231 1339 2267 251.

194 2301 255 2344 *ἢ
279 2302 378 2337 conf.
389 2303 526 2346 Dionys.
544 2303 655 2337 Halic.
678 2303 732 2336 De
755 2305 929 2346 composit.
952 2302 1070 2337 verbb.
1094 2301 1193 2345 IIIp
1197 2300 1364 2335 ‚37-47
1389 2298 1443 2332 ed.
1461 2298 1590 2331 Sohae-

104 2350 165 2382 ser.
190 2348 264 2389 (ubi
289 2350 440 2391 exempla
462 2361 504 2382 ex
527 2349 703 2382 Herodoto
724 2349 825 2383 affert
848 2348 877 2388 I,
905 2350 937 2382 6.
964 2349 1016 2390 8.)
1041 2348 1217 2392 1Vp 57
1241 2347 1315 2380 coll.
1335 2346 1366 2379 X
1383 2345 1440 2377 fin.
1464 2355 1498 2388 p.
1511 2343 1589 2386 115,

104 2394 163 2428 ubi
193 2394 421 2426 Herodoteain
456 2395 637 2427 orationem
669 2400 704 2428 et
739 2395 869 2427 dulcem
905 2391 1072 2437 (ἡδεῖαν)
1106 2359 1148 2426 ept
1170 2392 1320 2437 pulcram
1355 2402 1432 2423 esse
1455 2390 1587 2423 statuit.

104 2441 215 2474 eonf.
242 2439 323 2472 XIX
349 2451 380 2482 p.
407 2440 472 2473 267
497 2451 555 2483 seq
561 2441 682 2473 .Add.
706 2440 846 2473 Lucian.
858 2440 985 2472 Herod.
1012 2442 1031 2474 1
1056 2439 1130 2472 init.
1178 2438 1267 2471 Hinc
1283 2435 1588 2492 apudAthenaeum

104 2487 165 2527 ΠΙ,
192 2486 233 2520 15
259 2497 292 2541 p.
317 2486 361 2519 78
385 2485 428 2519 E.
452 2497 486 2530 p.
511 2486 577 2520 309
602 2486 716 2520 Schw.
747 2485 942 2520 Herodotus
965 2487 1106 2519 vocatur
1131 2480 1151 2518 ὁ
1183 2479 1497 2526 θαυμασιώτατος
1525 2480 1588 2515 και

103 2531 304 2576 μελιγηρύς.

195 2600 273 2645 ***)
299 2600 397 2634 Conf.
419 2600 559 2642 Dionys,
577 2600 689 2633 Halic.
713 2599 764 2633 De
788 2599 884 2636 verb.
907 2610 1053 2641 compos.
1079 2597 1195 2631 XXIV
1219 2608 1251 2641 p.
1276 2598 1344 2632 372
1366 2596 1500 2629 Schaef.
1513 2595 1586 2629 coll·

107 2644 189 2678 XIX
212 2658 244 2690 p.
269 2648 335 2681 267
362 2658 434 2691 seq.
459 2647 504 2678 S·
499 2647 595 2680 haef.
623 2646 675 2678 De
699 2645 882 2679 admirand.
907 2645 940 2678 vi
965 2644 1095 2676 «licead.
1128 2643 1160 2675 in
1186 2643 1355 2685 Demosth.
1391 2644 1425 2684 §-
1449 2641 1506 2676 41.
1542 2641 1587 2674 T.

106 2689 152 2722 VI
176 2702 208 2734 p.
235 2694 321 2726 1082
348 2704 421 2737 seq.
444 2693 560 2725 Reisk.
585 2693 676 2735 (coll.
703 2693 736 2735 ἕ.
766 2691 810 2725 35
828 2703 898 2735 seq.
915 2702 948 2734 p.
975 2691 1092 2733 1067),
1116 2689 1173 2721 ubi
1201 2689 1366 2723 Herodoti
1400 2688 1504 2721 assert
1539 2687 1587 2719 lo-

108 2745 181 2767 cum
205 2737 325 2778 V11‚8
354 2740 383 2779 §.
410 2740 440 2772 1,
464 2737 653 2771 Marcellin.
678 2738 746 2771 Vit.
759 2736 926 2790 '1hu‹:.yd
951 2738 982 2777 g.
1005 2734 1068 2768 40.
1107 2734 1187 2768 ἴσθι
1211 2731 1270 2769 ὅτι
1289 2732 1403 2779 μέσῳ
1410 2734 1477 2775 μὲν
1506 2733 1587 2774 (χα-

108 2780 282 2858 Ξξῖκξῆρι)
304 2779 511 2824 ἽΙρόδο-εος
539 2781 729 2827 ἐχρήσατο,
756 2778 798 2822 ὃς
817 2778 903 2816 οὔτε
923 2777 1070 2825 υψηλός
1088 2779 1184 2815 ἐστιν
1208 2777 1295 2816 οὔτε
1317 2778 1451 2824 ἰσχνός,
1478 2777 1584 2820 ἰσχνῳ

132 2837 147 2859 ε
165 2837 184 2860 ο
209 2825 398 2871 Ξενοφῶν.
