1879 3222
504 187 960 225 CALLIOPE.

1018 189 1037 224 I
1047 189 1098 225 X.
1344 187 1428 228 265

178 298 358 353 ρέοντας
387 295 434 339 τὸ
473 293 685 350 ἡμίτομον
720 298 802 337 τοῦ
831 296 966 346 ποδὸς
996 297 1208 352 κείμενον,
1229 294 1432 340 κάκεῖνον

148 365 234 409 6οὐ
268 363 537 418 δυναμένους
567 361 721 416 εὑρεῖν.

787 361 894 405 Τότε
925 363 1002 417 μὲν
1043 363 1159 406 οὕτω
1199 363 1429 419 διαφυγών

177 431 556 486 Λακεδαιμονίους,
587 429 849 486 καταφεύγει
879 429 920 480 ἐς
951 430 1127 485 Τεγέην,
1159 431 1319 475 ἐοῦσαν
1349 429 1486 475 οὐκ80

176 501 366 556 ἀρθμίην
394 499 774 554 Λακεδαιμονίοισι
803 501 961 542 τοῦτον
989 498 1065 542 τὸν
1092 499 1267 554 χρόνον.
1305 499 1431 555 ’ὑγιής

176 567 507 623 δὲ’γενόμενος,
550 567 622 610 καὶ
664 565 1072 622 προσποιησάμενος
1112 565 1288 618 ξύλινον
1314 567 1430 611 πόδα

146 635 423 691 7κατεστήκεε
452 634 498 677 ἐκ
528 638 603 691 τῆς
632 636 769 691 ἰθείης
798 635 1180 689 Λακεδαιμονίοισι
1208 633 1429 688 πολέμιος.

175 701 228 747 οὐ
259 704 409 757 μέντοι
439 702 480 752 ἔς
509 718 556 758 γε
587 704 706 753 τέλος
737 704 780 746 οἱ
807 702 1031 757 συνήνεικε
1059 701 1108 745 τὸ
1151 701 1279 756 ἔχθος
1306 701 1355 744 τὸ
1386 703 1429 753 ἐς

170 772 546 826 Λακεδαιμονίους
575 770 972 826 συγκεκυρημένον·
1005 769 1094 826 ἥλω
1114 768 1198 824 γὰρ
1225 769 1485 824 μαντευό-85

143 847 305 895 8μενος
345 839 391 882 ἐν
434 839 651 897 Ζακύνθῳ
692 836 763 881 ὑπ’
794 837 961 892 αὐτῶν,
1003 838 1075 882 καὶ
1116 836 1320 880 ἀπέθανε.
1377 835 1431 880 Ὃ

169 907 250 962 μέν
279 924 362 950 νυν
386 905 578 958 θάνατος
608 907 631 949 ὁ
659 906 1008 962 Ἡγησιστράτου
1037 904 1222 961 ὕστερον
1262 904 1430 960 ἐγένετο

169 978 259 1017 τῶν
298 978 599 1019 Πλαταιϊκῶν·
639 974 733 1019 τότε
770 972 813 1018 δ’
847 974 913 1018 ἐπὶ
941 978 1003 1033 τῷ
1038 972 1218 1033 Ἀσωπῷ
1247 974 1430 1029 Μαρδο-

112 1136 183 1171 Hic
214 1148 368 1187 quoque
395 1136 545 1187 reposui
581 1131 771 1187 θωύματι

113 1204 182 1241 pro
193 1188 363 1241 θώματι.
392 1195 518 1243 Ipsam
538 1194 771 1230 locutionem

112 1249 219 1298 attigi
239 1250 335 1295 VIII,
356 1250 422 1290 25.
448 1250 540 1291 135.
571 1251 661 1287 Post
682 1248 772 1290 τόλ-

111 1320 189 1354 μης
209 1306 341 1342 sustuli
365 1305 660 1354 distinctionem,
694 1319 769 1358 quo

111 1361 385 1412 intelligeretur
408 1365 586 1400 voculam
615 1378 654 1401 τε
685 1370 771 1399 ante

110 1413 258 1468 τόλμης
278 1420 466 1469 pertinere
487 1419 536 1456 ad
567 1418 769 1470 ὁρέοντας,

111 1487 280 1525 quocum
300 1477 478 1513 convenit
496 1473 682 1515 κάκεῖνον
711 1477 768 1526 (i.

116 1544 149 1567 e.
169 1530 236 1570 καὶ
255 1531 426 1583 ἐκεῖνον)
446 1527 496 1572 ου’
510 1531 771 1583 δυναμένους.

114 1607 171 1614 --
200 1589 385 1626 Voculam
407 1584 589 1641 α’ρθμίην
608 1588 770 1639 attigiad

112 1645 183 1692 IX,
205 1647 241 1684 9.
270 1666 327 1672 —-
354 1647 399 1682 In
419 1659 525 1698 seqq.
547 1659 770 1697 προσποιη-

115 1697 285 1751 σάμενος
307 1709 382 1738 est:
441 1703 509 1739 sibi
527 1703 683 1750 ligneum
702 1716 770 1752 pe-

116 1757 190 1795 dem
202 1758 364 1806 adscivit,
377 1760 465 1808 fieri
481 1761 598 1805 iussit,
611 1760 677 1795 ubi
690 1772 773 1795 me-

117 1813 167 1850 dii
187 1815 294 1851 verbi
315 1816 438 1852 elucet
457 1818 524 1854 vis.
564 1815 674 1853 Conf.
704 1817 770 1863 Vl,

117 1872 168 1909 66
192 1871 320 1922 ibique
349 1879 446 1914 nott,
469 1880 505 1909 et
534 1874 770 1924 potissimum

115 1926 309 1966 Plutarch.
329 1930 366 1964 II
385 1942 423 1978 p.
444 1928 525 1969 479
546 1931 589 1968 B.

173 1981 421 2034 κατεστήκεε]
456 1986 480 2022 i.
503 1999 536 2026 e.
559 1985 687 2036 factus
708 1990 770 2034 est,

117 2041 266 2087 exstitit,
297 2047 339 2077 ut
368 2042 398 2088 Ι,
428 2043 494 2080 31.
527 2044 593 2081 92.
613 2044 682 2090 IX,
704 2045 772 2082 70.

117 2094 160 2134 ἔκ
172 2098 243 2146 τῆς
255 2096 387 2146 ἰθείης
407 2097 508 2134 valet
515 2097 649 2146 palam,
670 2110 773 2148 aper-

117 2155 163 2200 ie,
203 2159 245 2190 ut
273 2154 407 2189 monui
431 2153 479 2190 ad
506 2155 571 2201 ΙΙΙ7
603 2157 696 2195 127.
716 2175 772 2181 —

115 2210 210 2245 Mox
230 2204 281 2248 ου’
299 2208 431 2259 μέντοι
463 2224 504 2262 γε
529 2209 568 2256 ἐς
596 2209 717 2258 τέλος,
753 2223 773 2246 e

115 2265 218 2303 libris
250 2265 479 2317 quibusdam
507 2267 663 2303 allatum
692 2279 772 2303 non

117 2325 293 2371 assumsi,
322 2324 523 2374 persistens
543 2325 583 2360 in
602 2324 771 2374 vulgata,

119 2374 168 2418 ου’
193 2377 325 2430 μέντοι
361 2378 400 2426 ἔς
423 2394 466 2431 γε
496 2378 623 2428 τέλος,
657 2393 772 2432 quam

118 2436 231 2472 etiam
250 2435 474 2473 Bekkerum
493 2438 689 2474 retinuisse
718 2438 773 2476 Vi-

118 2491 203 2530 deo.
235 2493 344 2529 Conf.
366 2500 461 2530 nott.
484 2492 533 2530 ad
552 2495 606 2539 11,
628 2497 693 2535 63.

172 2546 215 2589 τό
239 2549 356 2600 ἔχθος
384 2546 429 2589 τὸ
458 2549 496 2597 ἒς
520 2551 774 2601 Λακεδαιμο-

119 2605 229 2653 νίους
251 2605 613 2658 συγκεκυρημένον]
641 2607 774 2644 Varia-

120 2661 174 2699 vit
199 2664 408 2700 orationem
437 2665 506 2712 IX,
529 2666 581 2704 38
609 2664 775 2702 scribens

121 2714 163 2756 τό
204 2718 321 2769 ἔχθος
353 2717 396 2760 τό
427 2721 772 2771 Λακεδαιμονίων.

121 2775 299 2813 Nostrum
327 2778 455 2815 locum
476 2779 612 2815 Portus
640 2778 774 2815 Latine

827 1134 1013 1173 reddidit:
1065 1136 1182 1173 odium
1218 1148 1304 1172 casu
1333 1134 1488 1186 fortuito

827 1197 1045 1243 susceptum,·
1113 1191 1311 1229 Reiskius:
1370 1192 1486 1230 odium

828 1263 1030 1300 quocunque
1048 1250 1182 1286 demum
1198 1263 1282 1286 casu
1295 1251 1408 1299 ipsum
1428 1250 1488 1285 in-

827 1311 881 1343 ter
902 1311 932 1342 et
952 1306 1248 1343 Lacedaemonios
1269 1306 1486 1355 conflatum3

829 1361 1214 1412 Schweighaeuserus
1258 1361 1356 1413 (qui
1394 1361 1490 1398 illud

825 1418 1014 1470 fortuitum
1034 1419 1161 1469 urgeri
1181 1421 1300 1468 vetat)
1320 1431 1330 1454 ε
1355 1417 1487 1455 odium

826 1475 930 1528 quod
965 1477 1020 1512 illi
1040 1474 1228 1512 acciderat
1257 1489 1286 1514 s.
1304 1474 1407 1527 quod
1421 1488 1488 1512 ac-

825 1539 989 1583 ceperat.
1046 1531 1240 1584 Equidem
1274 1530 1376 1568 hunc
1409 1532 1488 1568 fere

825 1591 938 1626 totius
969 1589 1043 1626 loci
1072 1601 1226 1626 sensum
1256 1601 1334 1625 esse
1360 1587 1486 1624 credi-

826 1645 968 1683 derim:
1001 1643 1123 1695 Neque
1141 1649 1253 1682 tamen
1279 1646 1312 1681 ei
1339 1645 1388 1681 ad
1418 1657 1485 1682 ea:-

826 1707 969 1739 tremum
990 1714 1097 1751 usque
1121 1697 1251 1753 (bene)
1284 1703 1385 1738 cessit
1413 1703 1490 1738 ini-

827 1761 984 1806 micitia,
1024 1761 1061 1795 in
1085 1771 1190 1808 quam
1208 1758 1386 1795 inciderat
1409 1770 1487 1795 cum

826 1816 1128 1853 Lacedaemoniis.
1169 1815 1338 1852 Verbum
1362 1809 1490 1864 συνή-

825 1887 931 1912 νεικε
951 1885 1029 1909 non
1052 1873 1159 1908 aliter
1178 1871 1266 1920 *fere
1286 1869 1489 1908 adhibetur

826 1930 925 1976 Vm,
949 1931 1016 1970 87.

883 1982 967 2036 ’ἥλω
1003 1981 1078 2036 γὰρ
1095 2006 1152 2012 —
1171 1982 1214 2023 ἓν
1263 1979 1489 2036 Ζακύνθῳ]

827 2044 910 2078 Hoc
926 2042 1069 2077 factum
1093 2054 1170 2077 esse
1181 2041 1333 2077 coniicit
1344 2038 1488 2087 Scholl,

829 2098 1055 2135 vernaculus
1078 2098 1274 2146 interpres,
1318 2094 1486 2133 secunda

827 2155 918 2191 belli
937 2153 1250 2204 Peloponnesiaci
1271 2159 1408 2190 aestate
1430 2152 1489 2201 (s.

830 2212 887 2247 Ol.
909 2213 976 2258 87,
999 2211 1037 2249 3.
1068 2222 1102 2246 a.
1125 2208 1212 2246 Chr.
1225 2222 1262 2245 n.
1285 2207 1395 2257 430),
1413 2208 1489 2260 quit

828 2266 1123 2304 Lacedaemonii
1152 2267 1409 2302 incursionem
1429 2266 1490 2302 fe-

830 2330 963 2361 cerunt
1001 2324 1043 2359 in
1082 2322 1271 2374 Zacynthi
1311 2323 1487 2371 insulam,

829 2382 908 2418 iam
928 2386 1051 2427 antea,
1084 2386 1125 2416 ut
1145 2378 1306 2427 videtur,
1329 2380 1488 2430 Spartae

829 2438 1031 2483 infensam,
1043 2437 1072 2473 si
1085 2435 1240 2488 quidem
1251 2438 1490 2484 Demaratus,

830 2495 1107 2546 Spartanorum
1125 2494 1242 2540 exsul,
1265 2505 1309 2529 eo
1321 2494 1489 2543 primum

830 2566 870 2589 se
897 2551 1070 2598 contulit,
1095 2556 1187 2586 teste
1201 2549 1394 2587 Herodoto
1424 2550 1488 2598 VI,

831 2612 900 2649 70.
968 2608 1021 2643 At
1061 2612 1144 2643 tum
1190 2607 1489 2657 Hegesistratum

832 2663 1117 2714 octogenarium
1128 2670 1228 2700 certe.
1237 2676 1366 2700 senem
1376 2664 1489 2700 fuisso

831 2728 970 2758 statuas
1011 2732 1163 2757 necesse
1205 2721 1285 2759 erit.
1355 2722 1487 2772 Itaque

831 2780 911 2830 ipse
932 2774 1078 2814 Scholl.
1108 2776 1156 2814 de
1184 2778 1300 2829 priori
1321 2777 1489 2830 quodam
