1879 3222
666 176 697 212 1.
726 175 886 211 INDEX
915 175 1105 212 RERUM.

193 284 302 317 fratre
324 283 365 317 de
386 292 491 325 regno
514 281 698 324 contendit,
734 281 812 323 VII,
835 283 858 315 2

192 334 260 362 not.
285 329 318 362 3.
345 330 392 364 cf.
416 332 483 360 not.
520 327 563 360 ad
590 327 685 371 VIII,
710 326 766 360 89.

148 376 352 416 Artabazus,
387 372 576 407 Pharnazis
608 373 671 415 fil.,
705 374 858 405 Choras-

191 422 339 454 miorum
371 423 404 452 et
442 419 652 451 Parthorum
676 420 755 459 dux,
780 419 857 459 VII,

191 468 247 500 66.
273 467 326 498 vir
343 464 447 498 Xerxi
467 466 643 507 probatus,
666 477 744 498 cum
762 466 857 498 Mar-

192 513 294 546 donio
317 518 470 543 remanet
493 511 527 543 in
551 512 704 554 Europa,
738 522 857 555 regem

192 559 236 592 ad
271 557 532 598 Hellespontum
565 558 767 597 comitatus3
809 557 838 589 0

190 603 348 647 Iynthum
373 602 477 645 capit,
503 607 537 636 ct
558 603 760 636 Potidaeam
784 603 859 636 fru-

189 653 260 682 stra
288 653 479 691 oppugnat,
520 649 648 692 ingenti
674 650 778 683 maris
801 661 860 682 ac-

189 705 285 726 cessu
307 695 399 726 male
422 695 592 735 adflictus,
616 695 709 736 VIII,
737 695 859 729 126-

183 738 266 772 -129,
291 740 466 773 dissuadet
495 742 675 774 Mardonio
707 752 859 785 pugnam

187 797 267 817 eum
293 786 435 819 Graecis
459 787 502 819 ad
522 788 682 821 Plataeas
700 787 859 821 commit-

187 831 338 872 tendam,
362 832 425 873 IX,
449 832 493 866 41
518 838 586 868 not.
610 846 680 876 seq.
718 834 860 867 Mardo-

188 878 246 910 nio
271 878 364 910 victo
387 878 635 921 interfectoque
660 880 696 913 in
732 879 860 912 Phoci-

187 923 265 955 dem
290 924 439 967 aufugit,
465 926 523 966 lx,
547 926 592 959 66
614 937 684 967 seq.
717 930 751 959 et
789 926 860 958 cal-

188 969 262 1001 lido
295 981 375 1002 usus
412 977 606 1005 commento
646 972 764 1004 salvus
801 983 861 1014 per

187 1015 407 1049 Thessaliam
430 1018 579 1060 elapsus,
604 1029 681 1050 cum
704 1017 860 1059 reliquiis

186 1061 365 1140 gopiarum
396 1062 432 1095 in
455 1063 575 1096 Asiam
606 1064 774 1106 pervenit,
797 1064 859 1105 lx,

210 1107 244 1142 9.

142 1153 276 1192 Artace,
309 1154 402 1196 urbs,
435 1154 495 1196 IV,
538 1154 582 1188 14
606 1157 676 1188 not.
708 1154 859 1196 incensa,

188 1199 249 1238 VI,
272 1198 317 1231 33
341 1205 410 1233 not.

140 1256 363 1296 Artachaoes,
387 1256 505 1290 Artaei
521 1257 623 1299 lilius,
647 1259 760 1291 fossae
771 1258 864 1301 apud

186 1302 382 1335 Acanthum
423 1303 604 1337 faciendae
655 1306 862 1347 praefectus,

186 1347 262 1391 VII,
297 1348 342 1381 22
374 1353 442 1382 not.
477 1361 609 1393 magna
647 1350 720 1382 eius
754 1355 863 1382 statu-

186 1404 248 1434 ra;
274 1394 425 1427 defuncti
450 1395 572 1436 funus;
612 1395 643 1428 ei
667 1396 863 1428 sacrificant

187 1439 351 1518 Actauthii
393 1452 434 1473 ex
467 1441 631 1483 oraculo,
669 1441 748 1483 VII,
792 1441 860 1475 117

187 1495 232 1517 no
251 1511 258 1517 .

140 1531 367 1574 Artachaeus,
400 1531 537 1576 Otaspis
560 1536 669 1576 pater,
700 1534 778 1576 VII,
801 1533 861 1567 63.

140 1589 365 1666 Ανίιὲῧῆαουε,
395 1590 586 1635 Artayntae
617 1595 727 1635 pater,
768 1591 860 1633 VIII,

139 1680 260 1715 Artaei
292 1680 375 1714 olim
409 1681 538 1715 Persae
569 1682 749 1724 nominati,
783 1681 860 1724 VII,

185 1726 230 1758 61
255 1730 324 1760 not.
349 1727 409 1768 VI,
433 1726 478 1761 98
500 1731 570 1763 not.

139 1773 313 1814 Artaeus,
343 1774 531 1808 Artachaei
561 1776 680 1818 pater,
709 1772 790 1818 VII,
813 1773 860 1807 22

140 1822 298 1904 Arrtlgaeiizs,
322 1864 448 1897 Azanis
465 1868 575 1908 pater,
599 1865 676 1906 VII,
696 1863 755 1899 66.

142 1923 298 1962 Artanes,
322 1921 422 1954 Darii
444 1922 564 1962 frah-r,
588 1922 667 1962 VII,
690 1920 769 1956 224.

141 1981 302 2020 Artanes,
324 1978 361 2011 fl.
389 1979 575 2020 Thraciae,
598 1979 660 2020 IV,
683 1978 729 2012 49
745 1981 814 2012 not.

141 2035 385 2079 Artaphernes,
422 2036 523 2069 Darii
542 2037 667 2075 frater,
693 2036 862 2069 Sardibus

186 2082 394 2124 praefectus,
419 2083 462 2123 V,
486 2082 531 2116 25
555 2086 624 2115 not.
653 2081 712 2119 30.
746 2081 860 2114 brevi-

186 2127 252 2160 bus
276 2128 390 2161 verbis
411 2128 537 2161 Athen.
563 2130 696 2173 legatos
712 2129 862 2170 expedit,

186 2172 231 2213 V,
257 2173 313 2206 73.
351 2174 394 2206 ab
418 2174 624 2218 Aristagora
655 2174 863 2207 sollicitatus

186 2219 231 2252 ad
255 2219 424 2263 Cycladas
446 2221 693 2263 acquirendas,
713 2219 863 2253 auctori-

186 2267 258 2298 tate
280 2265 386 2309 regis,
410 2267 621 2311 Megabaten
646 2278 724 2299 cum
759 2277 862 2299 exer-

187 2310 258 2343 citu
290 2311 407 2352 mittit,
445 2313 487 2354 V,
519 2313 575 2347 31.
607 2312 667 2348 32.
702 2313 747 2346 cf.
784 2323 859 2354 cap.

187 2367 280 2400 seqq.
293 2358 460 2391 Sardibus
475 2359 633 2400 incensis,
645 2370 760 2392 arcem
771 2359 861 2391 ohti-

187 2407 255 2441 net,
282 2415 310 2436 c.
335 2404 413 2438 100.
451 2405 588 2437 Ionibus
613 2404 863 2438 rebellantibus

185 2448 318 2482 bellum
349 2449 467 2490 infert,
493 2462 520 2483 c.
546 2450 624 2484 123.
657 2455 856 2493 suspectum

186 2495 383 2528 Histiaeum
427 2496 544 2537 habet,
577 2497 636 2537 VI,
660 2497 681 2529 1
705 2508 775 2540 seq.
814 2497 857 2529 de

187 2541 300 2574 Persis
334 2542 536 2585 proditionis
565 2542 749 2585 compertis
779 2554 862 2585 sup-

187 2586 331 2629 plicium
369 2589 494 2628 sumit,
531 2600 564 2622 c.
587 2587 621 2621 4.
645 2607 689 2613 —
713 2588 863 2622 nominis

188 2632 289 2675 ratio,
313 2634 352 2674 V,
376 2634 422 2667 23
447 2639 517 2670 not.

147 2690 385 2732 Artaphcrncs,
409 2691 634 2735 Artaphernis
646 2692 747 2732 lilius,
775 2702 862 2724 con-

191 2738 245 2767 tra
269 2737 417 2771 Athenas
455 2743 488 2771 et
522 2738 695 2771 Eretriam
727 2738 861 2778 missus,

192 2778 252 2821 VI,
285 2780 341 2818 94.
361 2796 498 2830 pugna
530 2785 574 2819 ad
616 2785 861 2819 Marathonem

1542 175 1626 215 459

959 296 1037 317 cum
1063 283 1142 317 Dati
1166 283 1296 321 victus,
1326 285 1418 316 retro
1450 281 1484 315 in
1508 281 1625 315 Asiam

957 331 1116 375 navigat,
1148 329 1206 371 VI,
1234 328 1310 362 116.
1346 330 1424 363 coll.
1457 328 1533 367 VII,
1567 329 1624 361 10.

957 376 1014 409 74.
1073 377 1140 409 dux
1195 376 1372 418 Lydorum
1426 378 1461 408 et
1507 374 1625 418 Myso-

956 433 1035 500 }ulm
1081 422 1116 455 in
1161 422 1312 456 exercitu
1360 420 1504 464 Xerxis,
1553 420 1628 461 VII,

912 513 1110 547 Artaxerxis
1145 524 1289 552 nomen,
1325 512 1383 553 VI,
1414 511 1459 546 98
1492 514 1563 546 not.
1594 514 1629 546 et

959 559 1003 591 T.
1031 559 1081 591 Ill
1106 571 1138 600 p.
1157 558 1236 591 819.
1261 559 1439 601 significat
1462 568 1630 602 magnum

957 605 1172 643 bellatorem,
1199 604 1257 644 VI,
1281 605 1326 636 98
1345 609 1414 637 not.
1436 604 1531 637 filius
1541 605 1629 638 Xer-

958 651 1022 691 xis,
1053 650 1129 693 VII,
1155 649 1232 689 106,
1257 649 1337 682 151.

914 699 1114 740 Artayctes,
1162 695 1361 728 Cherasmis
1406 694 1518 736 filius,
1561 695 1631 728 dux

957 744 1162 776 Mam-onum
1187 745 1219 774 et
1229 742 1528 784 Mosynoecorum,
1550 740 1631 782 VII,

958 789 1005 822 33
1044 792 1116 821 not.
1153 787 1230 824 VII,
1261 786 1319 820 78.
1367 785 1457 819 Sesti
1481 797 1631 828 praeses,

959 835 1041 868 ibid.
1067 838 1101 867 et
1124 833 1186 875 IX,
1201 833 1278 866 116.
1303 832 1377 866 eius
1402 831 1556 865 facinora
1571 843 1633 865 ne-

960 880 1064 922 faria,
1098 879 1177 920 VII,
1206 878 1263 912 33.
1296 878 1358 919 IX,
1387 878 1465 912 116.
1489 879 1633 921 longam

960 931 1036 970 post
1067 925 1282 958 obsidionem
1316 925 1414 958 Sesto
1454 923 1633 968 profugit3

961 973 1006 1005 ab
1055 972 1323 1005 AthenIensihus
1368 974 1487 1013 captus
1528 974 1562 1003 et
1598 970 1634 1002 in

962 1029 1097 1050 crucem
1120 1023 1227 1053 actus.
1251 1017 1313 1055 lx,
1337 1015 1414 1050 118.
1439 1016 1517 1048 119.
1554 1015 1633 1049 120.

962 1065 1053 1097 conl'.
1091 1063 1164 1104 VII,
1190 1063 1235 1095 33
1266 1068 1337 1096 not.
1381 1064 1569 1106 Artayctae
1590 1062 1634 1094 fi-

961 1109 1029 1142 lius
1060 1120 1178 1141 coram
1220 1113 1318 1151 patre
1349 1107 1440 1141 saxis
1477 1109 1634 1149 obrutus,

962 1155 1022 1195 lx,
1051 1154 1130 1187 120.

916 1204 1108 1245 Ανῐαῃηῖα,
1144 1199 1308 1233 Masistae
1329 1198 1424 1239 filia,
1451 1198 1562 1232 Dario
1593 1198 1634 1231 fi-

963 1248 1011 1280 lio
1044 1258 1065 1279 a
1099 1247 1211 1279 Xerxe
1243 1246 1423 1287 collocata,
1461 1244 1522 1286 IX,
1555 1243 1635 1278 108.

964 1294 1085 1326 eadem
1110 1297 1226 1326 tamen
1247 1292 1381 1325 amasia.
1416 1291 1552 1334 Xerxis,
1571 1291 1635 1332 lx,

964 1338 1032 1371 108
1056 1350 1126 1380 seq.
1666 1337 1671 1344 “

919 1388 1115 1428 Artayntcs,
1140 1381 1325 1415 Artachaei
1341 1381 1446 1423 filius,
1471 1382 1539 1415 dux
1549 1383 1637 1415 clas-

964 1431 1010 1465 sis
1045 1442 1067 1463 a
1099 1431 1212 1463 xerxe
1245 1429 1403 1467 relictae,
1436 1428 1528 1468 VIII,
1568 1427 1637 1461 130

961 1480 1031 1510 not.
1068 1475 1140 1508 eius
1178 1476 1276 1518 fuga,
1302 1475 1364 1514 lx,
1389 1474 1466 1508 102.
1503 1474 1638 1517 probris

962 1522 1087 1566 petitus
1098 1533 1118 1555 a
1132 1521 1286 1562 Masiste,
1311 1525 1429 1554 contra
1438 1532 1518 1554 eum
1533 1521 1638 1554 strin-

961 1569 1015 1611 git
1038 1569 1225 1609 acinacem,
1253 1567 1315 1606 IX,
1341 1565 1418 1599 107.

916 1617 1131 1655 Artazostra,
1155 1612 1254 1645 Darii
1277 1612 1364 1651 filia,
1387 1611 1447 1651 VI,
1470 1610 1529 1644 43.

916 1660 1143 1698 Artembares,
1169 1658 1222 1691 vir
1244 1657 1372 1691 nobilis
1395 1657 1483 1690 inter
1505 1655 1638 1697 Medos,

960 1706 990 1746 I,
1014 1704 1092 1738 114.
1117 1702 1194 1738 115.
1224 1703 1303 1739 116.

914 1752 1143 1793 Artembares,
1166 1761 1251 1784 avus
1270 1752 1431 1793 paternus
1441 1747 1640 1791 Artayctae,

960 1798 1100 1832 instruit
1123 1798 1259 1836 Persas,
1285 1794 1456 1838 quomodo
1488 1805 1510 1827 a
1542 1794 1636 1836 Cyro

959 1848 1080 1888 petant
1104 1847 1141 1876 ut
1165 1842 1346 1875 meliorem
1378 1839 1556 1884 regionem
1579 1839 1637 1882 ip-

961 1890 1009 1923 sis
1034 1888 1206 1932 adsignet,
1229 1887 1293 1928 lx,
1316 1887 1397 1921 122.

917 1947 1113 1984 Artemisia,
1145 1941 1375 1988 Lygdamidis
1405 1941 1500 1983 filia,
1534 1940 1639 1975 Hali-

962 1991 1236 2025 carnassensium
1253 1989 1387 2033 regina,
1412 1988 1537 2021 Xerxis
1558 1999 1640 2021 con-

963 2041 1018 2072 tra
1045 2038 1196 2070 Graecos
1220 2035 1472 2078 expeditionem
1511 2037 1639 2074 secuta,

962 2083 1040 2124 VII,
1065 2082 1111 2116 99
1134 2086 1206 2116 not.
1240 2082 1314 2114 eius
1339 2092 1447 2125 genus
1471 2084 1505 2113 et
1530 2080 1639 2113 auImi

962 2129 1194 2173 praestantia,
1242 2128 1330 2160 ibid.
1369 2126 1551 2159 consilium
1597 2126 1641 2159 de

961 2187 1029 2208 non
1054 2175 1216 2208 tentanda
1238 2174 1321 2206 belli
1347 2173 1485 2205 fortuna
1508 2173 1552 2205 ad
1576 2172 1640 2205 Sa·-

963 2221 1140 2262 flaminem,
1173 2219 1265 2262 vlu,
1290 2219 1335 2252 68
1351 2221 1382 2260 §-
1407 2219 1429 2251 2
1453 2222 1522 2252 not.
1566 2218 1641 2251 eius

962 2267 1096 2300 facinus
1119 2267 1156 2300 in
1180 2276 1298 2310 pugna
1321 2266 1448 2306 navali,
1474 2264 1570 2304 VIII,
1595 2263 1641 2297 87

961 2317 1033 2347 not.
1066 2312 1123 2347 88.
1165 2324 1244 2346 eam
1270 2312 1460 2354 insequitur
1484 2309 1640 2343 Aminias

962 2360 1165 2399 Palleneus;
1205 2362 1239 2391 et
1271 2357 1444 2400 quomodo
1487 2360 1640 2399 servata,

963 2406 1057 2446 VIII,
1091 2404 1149 2438 93.
1182 2405 1216 2437 in
1250 2403 1433 2436 consilium
1471 2413 1493 2435 a
1526 2403 1640 2435 Xerxe

957 2451 1117 2484 adhibita
1141 2450 1347 2493 separatum
1383 2448 1519 2481 deducit
1552 2447 1641 2480 libe-

962 2508 1020 2530 ros
1053 2497 1180 2541 regios,
1213 2496 1306 2536 VIII,
1333 2494 1410 2528 101.
1448 2493 1527 2527 102.
1557 2493 1639 2529 103.

919 2554 1146 2593 Artemisium,
1196 2552 1258 2596 IV,
1291 2551 1348 2585 35.
1381 2551 1461 2592 VII,
1496 2549 1564 2584 175
1605 2554 1640 2585 et

964 2599 1042 2633 195.
1068 2599 1284 2640 describitur,
1311 2597 1387 2639 VII,
1409 2596 1476 2631 176
1501 2602 1571 2633 not.
1595 2613 1640 2622 -·

962 2647 1007 2680 ad
1022 2645 1245 2678 Artemisium
1269 2655 1386 2689 pugna
1408 2644 1544 2678 navalis
1561 2642 1640 2686 pri-

962 2703 1021 2725 ma
1044 2691 1186 2733 ancipiti
1211 2691 1324 2724 Marte
1348 2694 1515 2734 pugnata,
1539 2687 1637 2729 VIII,

962 2738 1008 2818 9,l
1022 2738 1156 2816 10.711.
1187 2737 1299 2773 altera
1330 2741 1364 2772 et
1395 2736 1507 2778 tertia,
1541 2732 1637 2774 V111,
