1996 3238
441 245 526 286 1⁷4

857 243 1324 282 HERODOTI

437 352 742 407 Μακεδονίην,
783 351 857 395 καὶ
886 349 1017 396 ου’δέν
1045 368 1108 396 κω
1137 355 1462 411 κατεπείγοντος
1498 369 1622 409 ηκειν
1650 354 1693 407 ἐς
1708 362 1749 396 10

436 419 486 463 τὸ
515 418 618 464 ἄλλο
636 419 958 474 στρατόπεδον·
989 419 1071 464 οὐκ
1112 420 1329 475 ἐδικαίου,
1367 420 1558 477 ἐντυχών
1587 418 1694 464 οἷπε-
1752 434 1836 474 579

435 491 593 531 στειὸσι
635 488 971 545 Ποτιδαιήτῃσι,
1024 488 1081 544 μὴ
1120 487 1204 532 οὐκ
1240 490 1695 543 ἐξανδραποδίσασθαί

403 561 426 596 3
441 566 592 612 σφεας.

653 558 708 599 Οἱ
739 556 824 612 γὰρ
848 559 1157 612 Ποτιδαιῆται,
1199 556 1257 608 ὥς
1284 558 1485 613 βασιλεὺς
1516 557 1694 610 παρεξε-

431 624 634 680 ληλάκεε,
664 625 738 668 καὶ
767 623 790 669 ὁ
809 624 1013 676 ναυτικὸς
1031 629 1145 669 τοῖσι
1172 625 1368 684 Πέρσῃσι
1397 625 1572 683 οἰχώκεε
1593 623 1695 681 φεύ-

432 851 502 892 καὶ
521 850 639 894 ου’δὲν
651 870 707 895 κω
715 855 1033 908 κατεπείγοντος]

375 910 559 947 Absolute
589 911 732 949 dictum
754 914 917 963 accipio:
959 925 1036 950 cum

374 967 466 1004 m‘hz‘t
477 981 559 1017 opus
569 973 653 1004 esset
664 968 911 1018 festinatione.
942 970 1036 1006 Val-

372 1023 411 1059 la
426 1023 640 1061 reddiderat
654 1037 664 1061 :
681 1039 742 1062 nec
759 1026 948 1064 etiamdum
968 1039 1034 1063 ur-

372 1084 476 1128 gente
508 1083 645 1129 venire,
681 1095 761 1119 non
790 1083 1034 1134 improbante

372 1138 603 1174 Frommelio
638 1151 726 1176 meo
774 1141 814 1176 in
856 1140 1034 1177 Creuzeri

371 1193 500 1229 Melet.
534 1195 589 1230 ΙΙΙ
614 1207 702 1245 pag.
739 1198 830 1240 169,
865 1197 931 1233 ubi
961 1198 1033 1233 alla

371 1248 564 1301 quaedam
593 1253 730 1300 attulit,
762 1251 810 1289 ad
840 1254 945 1291 verbi
965 1268 1032 1292 κα-

368 1306 562 1358 τεπείγειν
589 1321 714 1352 usmn,
751 1310 818 1346 ubi
847 1311 1032 1347 accusati-

368 1376 439 1401 vus
458 1364 596 1401 obiecti
626 1366 828 1415 reticetur,
860 1374 1031 1417 spectan-

369 1420 438 1468 tia,
470 1422 632 1473 πρᾶγμα
667 1420 729 1459 hic
765 1424 890 1460 omitti
912 1425 1034 1461 solere

367 1490 460 1513 cum
480 1478 736 1529 Wesseliugio
753 1487 932 1518 statuens.
980 1482 1033 1518 At

367 1534 435 1571 vix
454 1547 542 1570 mea
562 1534 719 1587 quidem
738 1539 924 1574 sententia
938 1551 1032 1589 opus

368 1591 440 1627 erit
481 1592 548 1628 tali
588 1593 870 1644 supplemento.
920 1594 1031 1632 Idem

368 1648 543 1685 observat
578 1651 795 1699 Frommel,
843 1650 917 1688 hoc
952 1665 1030 1688 uno

369 1703 473 1754 apud
503 1704 742 1742 Herodotum
762 1708 846 1744 loco
868 1709 1030 1744 inveniri

367 1759 624 1812 κατεπείγειν,
637 1763 702 1814 qui
713 1764 835 1800 multo
847 1764 1031 1815 frequen-

367 1817 440 1854 tius
475 1817 602 1855 medio
641 1820 758 1856 verbo
799 1819 1030 1872 ἐπείγεσθαι

368 1874 602 1922 (contendere,
616 1874 797 1924 festinare
814 1877 862 1913 ad
877 1877 1029 1928 aliquid,

367 1931 486 1968 studio
499 1932 649 1981 quodam
669 1933 768 1970 trahi
785 1934 834 1970 ad
855 1933 1028 1984 aliquid),

365 1994 508 2024 utatur.
539 1988 596 2025 Cf.
625 1989 688 2037 IV,
727 1992 819 2031 139.
849 1991 910 2038 VI,
935 1994 1029 2031 112.

366 2045 446 2090 VII,
469 2046 565 2084 223.
586 2046 655 2090 ΙΧ,
678 2047 729 2085 69
760 2047 931 2099 itemque
960 2049 1027 2096 III,

367 2101 459 2141 135.
490 2102 552 2148 VI,
571 2099 638 2142 43.
657 2103 726 2148 IX,
749 2104 816 2143 89.
847 2106 905 2140 De
925 2111 1028 2141 stru—

361 2163 467 2193 ctura
485 2170 541 2205 ea,
555 2170 629 2208 qua
640 2158 757 2195 inodo
770 2162 1024 2212 participium,

360 2212 477 2250 modo
488 2214 721 2252 infinitivum
742 2215 913 2255 adsciscit
924 2247 933 2265 ,
954 2219 1026 2268 ipsi

361 2269 552 2322 quaedam
569 2273 835 2311 annotavimus
856 2274 904 2311 ad
925 2276 1023 2324 VIII,

368 2329 421 2368 68
451 2328 488 2373 §.
524 2330 563 2367 2.
597 2348 645 2355 --
707 2329 813 2374 Quae.
853 2345 1026 2383 sequun-

364 2389 449 2421 tur:
485 2380 560 2422 οὐκ
586 2383 761 2424 ἐδικαίου
790 2385 962 2438 ἐντυχών
987 2404 1024 2427 κ.

366 2454 399 2478 τ.
423 2443 457 2478 λ.
486 2442 622 2478 Latine
643 2443 694 2478 ita
716 2441 893 2480 reddam:
926 2445 1024 2482 lmml

368 2497 517 2545 dignum
535 2497 724 2546 iudicavit,
755 2502 789 2536 ει·
827 2500 1025 2538 Potidaea-

368 2556 436 2600 tas,
467 2556 503 2591 in
521 2560 624 2604 'quos
650 2556 848 2605 inciderat,
885 2559 1025 2595 rebelles

363 2610 404 2646 in
427 2613 622 2648 servitutem
640 2625 709 2650 uon
728 2614 916 2662 redigeret.
961 2616 1026 2653 Sic

365 2658 420 2704 ου’
462 2667 645 2706 δικαιοῦν
675 2670 737 2717 vl,
771 2674 836 2712 82.
859 2673 926 2712 86.
960 2672 1024 2713 15.

365 2723 430 2772 111,
469 2722 560 2762 148.
600 2726 663 2773 IV,
708 2729 800 2768 186.
847 2729 916 2777 IX,
959 2730 1026 2768 19.

420 2833 827 2892 Ποτιδαιήτῃσι]
852 2840 1026 2878 Sicmox

1094 854 1370 904 Ποτιδαιῆται.
1416 855 1482 891 Tu
1509 853 1586 893 vid.
1609 853 1656 891 de
1680 852 1750 891 hac

1092 913 1185 948 urbe
1214 919 1309 948 nott.
1322 910 1369 947 ad
1385 912 1466 958 VII,
1485 915 1574 952 123.
1606 913 1662 947 De
1678 924 1751 947 no·-

1091 970 1204 1005 miuis
1225 967 1410 1019 scriptur&
1433 967 1481 1004 ad
1505 967 1542 1008 h.
1560 969 1585 1004 l.
1606 969 1658 1004 ita
1674 966 1751 1004 dis-

1090 1027 1206 1062 seruit
1239 1026 1308 1063 Cr.
1350 1026 1432 1072 „Ita
1454 1024 1538 1061 cod.
1563 1024 1752 1061 Florenti-

1089 1096 1175 1120 nus.
1194 1082 1279 1123 vid,
1302 1080 1521 1132 Schweigh.
1543 1082 1751 1122 Var,Lect.

1092 1147 1128 1176 et
1149 1138 1197 1175 ad
1217 1140 1316 1186 VIII,
1342 1140 1432 1179 129.
1469 1138 1526 1174 Cf.
1558 1137 1604 1174 de
1636 1138 1752 1187 longa

1091 1212 1115 1234 α
1144 1197 1183 1232 in
1219 1196 1519 1245 antepenultima
1548 1193 1750 1232 Tliiersch.

1088 1254 1128 1289 in
1149 1253 1250 1290 Actt.
1281 1251 1388 1303 phin.
1410 1253 1583 1288 Monacc.
1609 1253 1644 1286 II
1662 1263 1751 1301 pag.

1089 1308 1183 1349 416.
1195 1309 1288 1357 417,
1306 1309 1489 1345 nimirum
1507 1307 1751 1345 scribendum

1090 1366 1354 1405 Ποτιδαιᾶται
1370 1367 1409 1401 in
1420 1366 1661 1416 scriptoribus
1670 1376 1751 1401 nou

1087 1423 1240 1460 Ionicis.
1315 1421 1425 1458 Idem
1454 1429 1585 1459 tamen
1623 1423 1665 1458 iu
1704 1433 1750 1457 eo

1088 1480 1229 1516 nimius
1268 1486 1451 1527 novator,
1502 1477 1608 1531 quod
1627 1478 1750 1515 ubivis

1091 1533 1326 1575 Ποτείδεια
1345 1537 1427 1573 vult
1448 1542 1484 1572 et
1505 1536 1571 1587 qui
1607 1536 1640 1572 ei
1668 1534 1751 1572 suf-

1088 1593 1259 1644 fragatur
1290 1594 1428 1630 Osann.
1448 1595 1488 1629 in
1517 1593 1665 1644 Syllog.
1685 1592 1750 1628 Iu-

1086 1653 1230 1701 scriptt.
1251 1651 1268 1686 I
1288 1664 1326 1700 p.
1341 1652 1406 1691 19.
1450 1651 1550 1686 Nam
1570 1650 1608 1685 in
1629 1647 1750 1700 pede-

1086 1708 1151 1743 stri
1171 1708 1341 1743 oratione
1372 1705 1523 1743 videtur
1552 1705 1750 1744 Ποτίδαια

1085 1764 1247 1800 valuisse
1270 1762 1494 1799 docentibus
1511 1761 1622 1799 codd.
1659 1759 1745 1798 Vid.

1085 1832 1165 1856 var.
1195 1820 1281 1856 lect.
1316 1832 1428 1869 supra
1457 1818 1559 1857 laud.
1584 1825 1620 1855 et
1649 1816 1748 1854 adde

1086 1877 1239 1914 Platon.
1272 1876 1453 1927 Sympos.
1484 1888 1570 1926 pag.
1603 1877 1682 1916 221
1709 1887 1747 1925 p.

1087 1931 1169 1973 464
1209 1931 1337 1969 Bekk.
1367 1939 1403 1969 et
1422 1931 1561 1973 Baehr.
1583 1930 1631 1968 ad
1651 1931 1748 1968 Plu-

1085 1987 1205 2025 tarch.
1239 1988 1427 2026 Alcibiad.
1457 2003 1496 2040 p.
1537 1990 1604 2029 99.
1646 1987 1747 2033 Quin

1086 2047 1202 2082 etiam
1217 2047 1258 2082 iu
1277 2047 1403 2083 numis
1424 2046 1549 2082 Paesti
1563 2051 1663 2092 sunt,
1681 2044 1747 2096 qui

1087 2104 1259 2141 ΠΟΣΙΔ
1291 2110 1354 2139 aut
1385 2110 1485 2140 certe
1517 2103 1662 2141 ΠΟΣΙ
1685 2101 1747 2137 of-

1081 2159 1217 2208 ferant,
1251 2161 1407 2197 testibus
1434 2157 1621 2196 Froelich.
1653 2159 1741 2196 Not.

1083 2216 1218 2267 Comp.
1242 2217 1307 2254 Gr.
1339 2230 1378 2266 p.
1410 2216 1489 2256 153
1512 2223 1547 2251 et
1577 2213 1742 2251 Eckhel.

1080 2274 1128 2310 D.
1155 2275 1202 2310 N.
1224 2273 1270 2310 V.
1297 2273 1315 2308 I
1344 2286 1382 2322 p.
1408 2273 1498 2312 157.
1526 2270 1628 2308 Add.
1651 2271 1743 2308 Val-

1082 2328 1258 2366 ckenaer.
1280 2327 1327 2365 ad
1352 2329 1484 2378 Eurip.
1507 2327 1657 2367 Phoen.
1683 2341 1741 2365 vs.

1084 2388 1162 2426 196
1184 2393 1220 2423 et
1240 2387 1409 2436 Etymol.
1427 2384 1528 2422 Gud.
1549 2399 1587 2436 p.
1602 2384 1683 2426 476
1705 2391 1742 2421 et

1081 2456 1119 2493 p.
1148 2444 1229 2483 530
1266 2442 1313 2479 de
1352 2443 1482 2479 formis
1515 2442 1679 2478 Aeolicis
1705 2448 1742 2478 et

1081 2500 1265 2537 Doricis.“
1287 2520 1342 2527 —
1372 2498 1435 2535 Ad
1454 2500 1660 2535 formulam
1681 2497 1742 2533 di-

1082 2555 1191 2592 cendi
1235 2551 1396 2607 οῐχιόκεε
1434 2551 1596 2608 φεύγων
1637 2554 1738 2591 conf.

1082 2613 1180 2660 VIII,
1202 2615 1269 2653 72,
1301 2615 1401 2649 Ante
1423 2615 1649 2662 Σαλαμῖνος
1670 2610 1741 2647 de·-

1082 2670 1156 2706 levi
1174 2671 1375 2706 articulum
1395 2672 1486 2720 τῆς,
1517 2681 1632 2720 quem
1654 2668 1739 2704 libri

1080 2727 1207 2777 scripti
1239 2728 1415 2776 ignorant
1454 2738 1647 2777 quemque
1678 2738 1740 2760 re-

1080 2785 1275 2820 tinuerunt
1294 2789 1377 2834 post
1392 2782 1585 2820 Schaeser.
1601 2779 1737 2820 Matth.

1082 2847 1118 2877 et
1138 2839 1309 2881 Bekker.
