1996 3238
487 223 569 262 106

886 223 1342 261 HERODOTI

484 346 567 382 νοι,
597 328 795 385 κατεῖχόν
823 345 868 372 τε
897 329 1020 387 μέχρι
1049 333 1309 389 Μουνυχίης
1347 331 1489 376 πάντα
1525 331 1604 375 τὸν
1639 340 1796 387 noo-35

456 404 479 438 2>
489 396 607 451 θμὸυ
650 401 750 453 τῇσι
799 400 944 454 νηυσί.

1008 401 1144 443 τῶνδε
1174 401 1220 443 δὲ
1258 402 1420 444 εἵνεκεν
1469 399 1634 454 ἀνῆγον
1663 401 1743 451 τοὶς

484 469 614 520 νῆας,
655 465 729 508 ἵνα
772 465 824 521 δή
855 471 967 510 τοῖσι
985 465 1160 522 ΓἘλλησι
1189 470 1294 524 μηδὲ
1321 470 1500 525 φυγέειν
1529 468 1621 524 ἐξῇ,
1653 466 1740 510 ἄλλ’

483 531 844 588 ἀπολαμφθέντες
874 534 920 577 ἐν
960 538 1014 591 τῇ
1052 539 1295 591 Σαλαμῖνι,
1344 540 1464 581 δοῖεν
1499 539 1612 580 τίσιν
1653 539 1740 578 τῶν

455 597 550 643 3ἔπ’
578 598 822 659 Ἀρτεμισίῳ
853 601 1180 658 ἀγωνισμάτων.
1224 604 1266 655 ἐς
1296 604 1341 647 δὲ
1371 604 1448 661 τὴν
1475 606 1631 660 νησίδα
1659 602 1740 658 τήν

492 668 763 711 Ψυττάλειαν
804 669 1069 725 καλεομένην
1098 669 1362 725 ἀπεβίβαζον
1399 676 1487 715 τῶν
1518 671 1737 725 Περσέων,

481 738 619 779 τῶνδε
648 738 822 790 εἵνεκεν,
853 736 924 790 ὥς,
956 737 1085 781 ἐπεάν
1113 738 1290 794 γένηται
1321 741 1548 796 ναυμαχίη,
1579 739 1737 782 ἐνθαῦ-
1749 739 1794 778 40

424 938 640 979 titudinem.
655 941 754 991 „Ubi
767 941 831 992 qui
843 939 890 977 de
904 940 969 979 Ceo
979 942 1081 979 insu-

424 996 462 1033 la
472 998 638 1046 cogitant
650 1011 669 1033 e
680 999 834 1047 regione
845 998 956 1035 Sunii
967 998 1036 1036 sitsi
1046 1006 1082 1036 et

425 1052 474 1090 de
501 1053 705 1103 Cynosura,
735 1054 969 1092 Marathonis
995 1069 1082 1106 pro-

422 1110 626 1159 montorio,
640 1110 891 1148 adEuboeam
907 1120 1082 1162 spectan-

422 1172 473 1214 te,
483 1168 543 1203 cui
553 1180 655 1203 nunc
668 1181 808 1204 nomen
820 1168 912 1218 Cap⁴
926 1170 1076 1217 Cavala,

424 1235 501 1274 quo
523 1224 665 1260 scilicet
696 1232 859 1276 utroque
880 1227 963 1262 loco
983 1227 1077 1262 Per-

422 1291 551 1316 sarum
576 1293 690 1317 naves
720 1280 919 1318 habuerint
947 1283 1078 1319 statio-

421 1348 533 1383 nem,
562 1336 638 1388 qua
667 1338 812 1385 relicta,
849 1351 968 1388 prope
988 1340 1078 1374 Mu-

421 1390 594 1429 nichium
634 1394 687 1429 illi
717 1396 886 1444 provecti
920 1395 1076 1442 fretum,

421 1455 466 1486 ut
494 1447 565 1486 hac
590 1450 704 1486 etiam
733 1457 840 1501 parte
863 1451 977 1501 fugae
1010 1465 1077 1489 oc-

421 1506 521 1542 casio
537 1507 688 1543 Graecis
699 1505 990 1558 praecideretur,
1007 1509 1078 1546 ob-

419 1564 617 1614 sepserint‚
637 1576 699 1600 eos
711 1565 862 1614 egregie
875 1565 953 1600 falli
971 1572 1078 1615 puto.

420 1620 521 1656 Nam
537 1619 584 1656 de
595 1621 685 1658 locis
700 1622 822 1657 multo
842 1622 1078 1671 propioribus

419 1688 493 1712 nec
525 1683 604 1714 tam
639 1677 754 1727 longe
784 1679 938 1714 remotis
971 1680 1080 1728 cogi-

418 1731 581 1770 tandum
608 1731 649 1771 h.
666 1734 692 1769 l.
726 1747 826 1781 esse,
863 1733 973 1771 docet
994 1736 1079 1785 opi-

419 1802 492 1826 nor
513 1791 626 1827 totius
654 1790 728 1826 loci
759 1792 944 1828 sententia
974 1791 1079 1840 ipso-

419 1859 583 1898 rumque
629 1847 822 1894 locorum,
868 1848 909 1883 in
942 1849 1078 1898 quibus

419 1910 635 1953 pugnatum
665 1910 742 1948 est,
781 1905 888 1943 ratio,
945 1906 1077 1956 Itaque

421 1959 526 1997 Ceam
553 1973 642 1997 cum
664 1961 798 1997 Krusio
820 1961 919 2000 Hell.
945 1962 1002 2008 ΙΙ,
1039 1963 1076 2000 1.

420 2028 506 2066 pag.
527 2016 607 2057 304
638 2018 849 2067 acceperim
875 2016 922 2053 de
942 2030 987 2054 eo
1005 2017 1078 2055 Sa-

419 2073 599 2109 laminiae
628 2074 771 2110 insulae
800 2075 1075 2124 promontorio,

421 2128 523 2180 quod
546 2129 594 2166 ad
606 2142 782 2167 occasum
797 2137 833 2167 et
850 2132 1078 2180 septentrio-

419 2198 512 2222 nem
534 2188 748 2237 Megaricae
768 2188 914 2237 regioni
937 2188 1076 2223 obver-

419 2255 505 2279 sum
531 2250 597 2281 est.
653 2243 872 2293 Cynosuram
891 2257 1076 2294 promon-

416 2299 556 2335 torium
582 2298 684 2336 idem
712 2313 747 2349 p.
771 2298 861 2339 304.
884 2303 964 2340 307
994 2301 1075 2337 col-

416 2356 516 2392 locat
534 2357 570 2391 in
596 2356 768 2392 orientali
790 2357 934 2392 insulae
956 2364 1072 2406 parte,

415 2412 482 2448 ubi
503 2419 581 2449 erat
600 2409 784 2462 πορθμός
804 2413 880 2449 sive
899 2414 1074 2450 traiectus

416 2468 455 2503 in
493 2470 657 2506 Atticam
677 2467 752 2505 duo
782 2475 930 2505 tantum
953 2468 1072 2506 stadia

417 2522 660 2571 disiunctam3
707 2538 810 2562 nunc
834 2532 972 2562 vocant
1003 2525 1074 2563 Pe-

419 2593 531 2618 rama.
589 2581 676 2621 vid.
708 2581 846 2621 Herod.
876 2583 981 2630 V111,
1024 2584 1072 2622 91

419 2643 458 2673 et
477 2639 597 2674 Kruse
618 2639 642 2674 l.
668 2639 691 2677 l.
720 2651 805 2688 pag.
825 2641 917 2678 212,
977 2639 1075 2683 Quin

418 2694 629 2730 etiamnum
655 2695 691 2729 in
712 2693 831 2731 hocce
852 2702 1075 2745 promonto-

419 2750 475 2786 rio
496 2751 638 2800 tropaei
660 2763 680 2785 a
701 2751 852 2787 Graecis
887 2753 923 2787 in
953 2753 1076 2788 victo-

418 2807 495 2843 riae
517 2807 742 2844 memoriam
762 2809 874 2845 erecti
900 2809 1075 2861 reliquias

1140 943 1324 996 quasdam
1338 944 1498 981 inveniri
1511 950 1665 982 testatur
1682 944 1791 990 Gell„

1140 1014 1256 1052 quem
1285 1003 1374 1038 citat
1399 1003 1517 1038 Kruse
1539 1002 1564 1040 l.
1589 1002 1612 1038 l.
1642 1014 1680 1051 p.
1698 1003 1792 1040 307.

1139 1059 1199 1094 Ab
1242 1057 1314 1094 hoc
1352 1059 1465 1107 igitur
1502 1059 1587 1095 loco
1630 1065 1792 1108 utroque

1139 1116 1342 1150 Persarum
1363 1128 1498 1162 naves,
1530 1115 1682 1166 quaein
1714 1121 1791 1150 sta-

1133 1172 1237 1208 tione
1250 1172 1301 1207 ibi
1315 1171 1518 1208 collocatae
1536 1178 1660 1218 eraut,
1701 1183 1790 1206 eve-

1133 1235 1237 1275 ctae⁷
1267 1241 1306 1264 se
1332 1228 1500 1279 reliquae
1528 1228 1633 1264 classi
1654 1225 1791 1263 adiun-

1132 1291 1293 1333 xernnt,
1335 1285 1386 1320 ita
1415 1291 1456 1320 ut
1490 1297 1604 1320 omne
1637 1283 1791 1332 fretum,

1133 1340 1237 1392 quod
1252 1342 1350 1377 inter
1359 1341 1593 1377 Salaminem
1608 1341 1792 1376 Atticam-

1134 1410 1209 1449 que
1235 1404 1310 1444 est,
1352 1398 1510 1434 navibus
1535 1397 1790 1447 compleretur

1135 1453 1183 1491 ad
1213 1453 1464 1505 Munychiam
1500 1467 1620 1505 usque
1648 1460 1790 1490 retror—

1135 1523 1221 1548 sum
1248 1523 1354 1547 mare
1384 1511 1611 1560 tegentibus.
1635 1532 1687 1537 —
1731 1508 1795 1546 Ad

1134 1580 1296 1619 sequens
1330 1568 1454 1606 τωνδε
1492 1565 1534 1606 δὲ
1565 1566 1666 1604 conf.
1692 1566 1793 1614 Vm,

1135 1622 1189 1663 46
1218 1631 1254 1660 et
1283 1622 1331 1659 ad
1359 1618 1458 1662 ἄπο
1465 1622 1686 1674 ,ιμφθὲντες
1714 1621 1792 1659 vid.

1135 1681 1246 1716 allata
1274 1679 1320 1715 ad
1347 1681 1401 1722 V,
1432 1683 1521 1719 101.
1568 1679 1793 1716 Transitum

1134 1736 1339 1772 modorum
1363 1735 1451 1786 (ι’να
1468 1733 1519 1786 δη
1544 1757 1598 1763 —
1625 1734 1711 1787 ἐξῇ
1738 1758 1787 1763 —-

1136 1787 1234 1831 α’λλσέ
1266 1813 1320 1821 —-
1351 1792 1514 1838 δοῖεν)
1551 1790 1641 1827 hinc
1669 1792 1792 1841 attigit

1136 1850 1181 1889 G,
1224 1851 1433 1889 Hermann,
1465 1848 1512 1885 ad
1539 1849 1665 1898 Viger.
1706 1860 1791 1898 pag.

1135 1906 1228 1946 851.
1276 1907 1370 1941 Mox
1397 1904 1484 1942 dedi
1503 1908 1684 1953 κατεῖχον
1707 1905 1792 1954 ple-

1134 1963 1259 2013 risque
1277 1960 1387 1998 codd.
1414 1963 1464 1998 ita
1485 1961 1700 1997 iubentibus
1722 1973 1791 2011 pro

1133 2017 1309 2067 κατέχον,
1331 2017 1434 2070 quod
1455 2032 1502 2054 ex
1520 2019 1681 2069 antiquis
1709 2017 1793 2053 edi-

1133 2076 1298 2112 tionibus
1323 2076 1526 2111 retinuerat
1548 2073 1791 2112 Gaisfordius.

1132 2133 1237 2169 Facit
1271 2145 1424 2168 mecum
1457 2144 1591 2168 censor
1625 2132 1790 2166 lenensis

1135 2191 1240 2229 1828
1273 2202 1331 2228 nr.
1374 2191 1452 2228 186
1492 2201 1529 2237 p.
1556 2185 1630 2234 46,
1672 2199 1789 2238 quem

1133 2245 1338 2293 Stegerum
1361 2257 1438 2281 esse
1463 2244 1637 2282 coniicio.

1188 2296 1429 2351 οἷπεβίβαζον
1464 2302 1542 2338 τῶν
1580 2297 1786 2348 Περσέων]

1131 2357 1210 2394 scil.
1246 2351 1369 2402 τινάς.
1429 2355 1490 2392 Ad
1526 2354 1789 2406 ἐξοισομένων

1131 2414 1231 2449 cons.
1257 2414 1371 2459 v111,
1398 2414 1464 2453 49.
1521 2411 1631 2457 Quod
1660 2413 1789 2463 seqni-

1130 2476 1191 2506 tur
1221 2468 1262 2508 ἐν
1294 2472 1346 2523 τῷ
1383 2465 1490 2520 πόρῳ
1518 2469 1638 2505 valet:
1669 2471 1787 2514 iuxta,

1132 2526 1229 2575 apud
1245 2529 1430 2563 transitum
1443 2528 1667 2562 maritimum.
1702 2523 1786 2562 vid.

1134 2583 1229 2619 Gail.
1263 2582 1311 2619 ad
1342 2584 1501 2632 Scymn.
1537 2580 1674 2618 Chium
1706 2580 1786 2621 518

1133 2640 1181 2678 T,
1200 2641 1233 2674 II
1255 2653 1341 2689 pag.
1362 2638 1441 2679 374
1456 2651 1533 2690 seq.
1591 2635 1785 2674 Plutarch.

1133 2695 1284 2736 Aristid
1323 2698 1369 2736 9:
1410 2693 1485 2744 τήν
1527 2691 1785 2740 Ψυττάλειαν,

1132 2749 1161 2802 ἣ
1197 2749 1273 2803 ποὸ
1303 2755 1374 2802 τῆς
1404 2754 1630 2815 Σαλτμῖιος
1659 2748 1701 2788 ἐν
1729 2751 1785 2787 τῶ

1131 2803 1239 2863 πόρω
1255 2812 1391 2853 κεῖται,
1413 2810 1536 2859 νῆσος
1559 2802 1607 2846 ου’
1623 2792 1782 2859 μεγάλη.
