<?xml version="1.0" encoding="UTF-8"?>
<!DOCTYPE html PUBLIC "-//W3C//DTD XHTML 1.0 Transitional//EN"
    "http://www.w3.org/TR/xhtml1/DTD/xhtml1-transitional.dtd">
<html xmlns="http://www.w3.org/1999/xhtml" xml:lang="en" lang="en">
 <head>
  <title>
</title>
<meta http-equiv="Content-Type" content="text/html;charset=utf-8" />
  <meta name='ocr-system' content='tesseract 3.04.00' />
  <meta name='ocr-capabilities' content='ocr_page ocr_carea ocr_par ocr_line ocrx_word'/>
</head>
<body>
  <div class='ocr_page' id='page_1' title='image "./musaeherodoto04hero/musaeherodoto04hero_0312.png"; bbox 0 0 1879 3222; ppageno 0'>
   <div class='ocr_carea' id='block_1_1' title="bbox 303 591 370 636">
    <p class='ocr_par' dir='ltr' id='par_1_1' title="bbox 303 591 370 636">
     <span class='ocr_line' id='line_1_1' title="bbox 303 591 370 636; baseline 0 0"><span class='ocrx_word' id='word_1_1' title='bbox 303 591 370 636; x_wconf 84' lang='lat'>62</span> 
     </span>
    </p>
   </div>
   <div class='ocr_carea' id='block_1_2' title="bbox 102 651 378 688">
    <p class='ocr_par' dir='ltr' id='par_1_2' title="bbox 102 651 378 688">
     <span class='ocr_line' id='line_1_2' title="bbox 102 651 378 688; baseline 0.023 -10"><span class='ocrx_word' id='word_1_2' title='bbox 102 651 235 679; x_wconf 83' lang='lat' dir='ltr'><strong>Tandem</strong></span> <span class='ocrx_word' id='word_1_3' title='bbox 252 656 378 688; x_wconf 83' lang='lat' dir='ltr'>pertita-</span> 
     </span>
    </p>
   </div>
   <div class='ocr_carea' id='block_1_3' title="bbox 102 686 343 719">
    <p class='ocr_par' dir='ltr' id='par_1_3' title="bbox 102 686 343 719">
     <span class='ocr_line' id='line_1_3' title="bbox 102 686 343 719; baseline 0.025 -8"><span class='ocrx_word' id='word_1_4' title='bbox 102 690 149 719; x_wconf 79' lang='lat' dir='ltr'>m,</span> <span class='ocrx_word' id='word_1_5' title='bbox 173 686 204 712; x_wconf 86' lang='lat' dir='ltr'>in</span> <span class='ocrx_word' id='word_1_6' title='bbox 228 686 343 717; x_wconf 76' lang='lat' dir='ltr'>hostem</span> 
     </span>
    </p>
   </div>
   <div class='ocr_carea' id='block_1_4' title="bbox 441 161 525 200">
    <p class='ocr_par' dir='ltr' id='par_1_4' title="bbox 441 161 525 200">
     <span class='ocr_line' id='line_1_4' title="bbox 441 161 525 200; baseline -0.012 0"><span class='ocrx_word' id='word_1_7' title='bbox 441 161 525 200; x_wconf 79' lang='lat'>3⁰0</span> 
     </span>
    </p>
   </div>
   <div class='ocr_carea' id='block_1_5' title="bbox 838 160 1294 198">
    <p class='ocr_par' dir='ltr' id='par_1_5' title="bbox 838 160 1294 198">
     <span class='ocr_line' id='line_1_5' title="bbox 838 160 1294 198; baseline 0.007 -3"><span class='ocrx_word' id='word_1_8' title='bbox 838 160 1294 198; x_wconf 86' lang='lat' dir='ltr'>HERODOTI</span> 
     </span>
    </p>
   </div>
   <div class='ocr_carea' id='block_1_6' title="bbox 435 266 1745 530">
    <p class='ocr_par' dir='ltr' id='par_1_6' title="bbox 435 266 1745 530">
     <span class='ocr_line' id='line_1_6' title="bbox 435 266 1745 324; baseline 0.002 -13"><span class='ocrx_word' id='word_1_9' title='bbox 435 266 708 321; x_wconf 80' lang='grc' dir='ltr'><strong><em>τοξευμάτων</em></strong></span> <span class='ocrx_word' id='word_1_10' title='bbox 737 267 877 310; x_wconf 85' lang='grc' dir='ltr'><em>πολλὰ</em></span> <span class='ocrx_word' id='word_1_11' title='bbox 905 266 1112 322; x_wconf 79' lang='grc' dir='ltr'><em>ἀφειδέως</em></span> <span class='ocrx_word' id='word_1_12' title='bbox 1143 268 1271 319; x_wconf 82' lang='grc' dir='ltr'><em>οὕτω,</em></span> <span class='ocrx_word' id='word_1_13' title='bbox 1302 269 1410 312; x_wconf 79' lang='grc' dir='ltr'><em>ὥστε</em></span> <span class='ocrx_word' id='word_1_14' title='bbox 1431 271 1745 324; x_wconf 79' lang='grc' dir='ltr'><em>πιεζομένων76</em></span> 
     </span>
     <span class='ocr_line' id='line_1_7' title="bbox 435 335 1689 393; baseline 0.002 -15"><span class='ocrx_word' id='word_1_15' title='bbox 435 340 524 378; x_wconf 78' lang='grc' dir='ltr'>τῶν</span> <span class='ocrx_word' id='word_1_16' title='bbox 553 335 881 390; x_wconf 80' lang='grc' dir='ltr'><strong><em>Σπαρτιητέων,</em></strong></span> <span class='ocrx_word' id='word_1_17' title='bbox 910 336 981 379; x_wconf 80' lang='grc' dir='ltr'><em>καὶ</em></span> <span class='ocrx_word' id='word_1_18' title='bbox 1009 340 1097 378; x_wconf 80' lang='grc' dir='ltr'>τῶν</span> <span class='ocrx_word' id='word_1_19' title='bbox 1127 339 1324 392; x_wconf 83' lang='grc' dir='ltr'><em>σφαγίων</em></span> <span class='ocrx_word' id='word_1_20' title='bbox 1363 336 1415 381; x_wconf 83' lang='grc' dir='ltr'>ού</span> <span class='ocrx_word' id='word_1_21' title='bbox 1437 338 1689 393; x_wconf 78' lang='grc' dir='ltr'><em>γινομένων,</em></span> 
     </span>
     <span class='ocr_line' id='line_1_8' title="bbox 437 401 1686 459; baseline 0.004 -15"><span class='ocrx_word' id='word_1_22' title='bbox 437 401 743 457; x_wconf 77' lang='grc' dir='ltr'><em>ἀποβλέψαντα</em></span> <span class='ocrx_word' id='word_1_23' title='bbox 785 401 862 445; x_wconf 86' lang='grc' dir='ltr'>τὸν</span> <span class='ocrx_word' id='word_1_24' title='bbox 901 404 1158 459; x_wconf 82' lang='grc' dir='ltr'><em>Παυσανίην</em></span> <span class='ocrx_word' id='word_1_25' title='bbox 1198 404 1307 458; x_wconf 86' lang='grc' dir='ltr'><em>πρὸς</em></span> <span class='ocrx_word' id='word_1_26' title='bbox 1347 403 1395 448; x_wconf 79' lang='grc' dir='ltr'>τό</span> <span class='ocrx_word' id='word_1_27' title='bbox 1432 404 1610 459; x_wconf 80' lang='grc' dir='ltr'><em>ἹΙραῐον</em></span> <span class='ocrx_word' id='word_1_28' title='bbox 1638 406 1686 450; x_wconf 77' lang='grc' dir='ltr'>τό</span> 
     </span>
     <span class='ocr_line' id='line_1_9' title="bbox 437 469 1688 530; baseline 0.005 -19"><span class='ocrx_word' id='word_1_29' title='bbox 437 469 713 520; x_wconf 79' lang='grc' dir='ltr'><em>Πλαταιέων,</em></span> <span class='ocrx_word' id='word_1_30' title='bbox 744 469 1077 514; x_wconf 81' lang='grc' dir='ltr'><em>ἐπικαλέσασθαι</em></span> <span class='ocrx_word' id='word_1_31' title='bbox 1107 470 1185 526; x_wconf 82' lang='grc' dir='ltr'>τὴν</span> <span class='ocrx_word' id='word_1_32' title='bbox 1209 471 1338 523; x_wconf 79' lang='grc' dir='ltr'><em>θεὸν,</em></span> <span class='ocrx_word' id='word_1_33' title='bbox 1368 476 1594 529; x_wconf 79' lang='grc' dir='ltr'><em>χρηΐζοντα</em></span> <span class='ocrx_word' id='word_1_34' title='bbox 1613 491 1688 530; x_wconf 87' lang='grc' dir='ltr'>μη-</span> 
     </span>
    </p>
   </div>
   <div class='ocr_carea' id='block_1_7' title="bbox 435 537 1685 732">
    <p class='ocr_par' dir='ltr' id='par_1_7' title="bbox 435 537 1685 732">
     <span class='ocr_line' id='line_1_10' title="bbox 436 537 1339 593; baseline 0.002 -15"><span class='ocrx_word' id='word_1_35' title='bbox 436 537 585 591; x_wconf 76' lang='grc' dir='ltr'><em>δαμῶς</em></span> <span class='ocrx_word' id='word_1_36' title='bbox 614 539 750 592; x_wconf 84' lang='grc' dir='ltr'><em>σφέας</em></span> <span class='ocrx_word' id='word_1_37' title='bbox 777 542 1021 593; x_wconf 78' lang='grc' dir='ltr'><em>ψευσθῆναι</em></span> <span class='ocrx_word' id='word_1_38' title='bbox 1055 541 1130 592; x_wconf 81' lang='grc' dir='ltr'>τῆς</span> <span class='ocrx_word' id='word_1_39' title='bbox 1158 537 1339 590; x_wconf 79' lang='grc' dir='ltr'><em>ἐλπίδος.</em></span> 
     </span>
     <span class='ocr_line' id='line_1_11' title="bbox 545 604 1685 663; baseline 0.004 -17"><span class='ocrx_word' id='word_1_40' title='bbox 545 607 692 648; x_wconf 82' lang='grc' dir='ltr'><em>Ταῦτα</em></span> <span class='ocrx_word' id='word_1_41' title='bbox 720 604 763 649; x_wconf 82' lang='grc' dir='ltr'>δ’</span> <span class='ocrx_word' id='word_1_42' title='bbox 793 606 852 649; x_wconf 75' lang='grc' dir='ltr'>ἔτι</span> <span class='ocrx_word' id='word_1_43' title='bbox 881 605 1041 649; x_wconf 86' lang='grc' dir='ltr'><em>τούτου</em></span> <span class='ocrx_word' id='word_1_44' title='bbox 1071 605 1426 661; x_wconf 81' lang='grc' dir='ltr'><em>ἐπικαλευμένου,</em></span> <span class='ocrx_word' id='word_1_45' title='bbox 1454 610 1685 663; x_wconf 78' lang='grc' dir='ltr'><em>προεξανα-</em></span> 
     </span>
     <span class='ocr_line' id='line_1_12' title="bbox 435 671 1684 732; baseline 0.004 -18"><span class='ocrx_word' id='word_1_46' title='bbox 435 671 610 724; x_wconf 77' lang='grc' dir='ltr'><em>στάντες</em></span> <span class='ocrx_word' id='word_1_47' title='bbox 638 673 845 730; x_wconf 83' lang='grc' dir='ltr'><em>πρότεροι</em></span> <span class='ocrx_word' id='word_1_48' title='bbox 875 674 918 717; x_wconf 82' lang='grc' dir='ltr'>οἱ</span> <span class='ocrx_word' id='word_1_49' title='bbox 950 676 1150 729; x_wconf 82' lang='grc' dir='ltr'><em>Τεγεῆται</em></span> <span class='ocrx_word' id='word_1_50' title='bbox 1177 673 1358 730; x_wconf 77' lang='grc' dir='ltr'><em>ἐχώρεον</em></span> <span class='ocrx_word' id='word_1_51' title='bbox 1379 674 1421 725; x_wconf 79' lang='grc' dir='ltr'>ἐς</span> <span class='ocrx_word' id='word_1_52' title='bbox 1449 675 1551 727; x_wconf 81' lang='grc' dir='ltr'>τούς</span> <span class='ocrx_word' id='word_1_53' title='bbox 1581 679 1684 732; x_wconf 86' lang='grc' dir='ltr'><em>βαρ-</em></span> 
     </span>
    </p>
   </div>
   <div class='ocr_carea' id='block_1_8' title="bbox 102 707 381 759">
    <p class='ocr_par' dir='ltr' id='par_1_8' title="bbox 102 707 381 759">
     <span class='ocr_line' id='line_1_13' title="bbox 102 707 381 759; baseline 0.011 -14"><span class='ocrx_word' id='word_1_54' title='bbox 102 707 224 747; x_wconf 73' lang='lat' dir='ltr'>vailunt.</span> <span class='ocrx_word' id='word_1_55' title='bbox 259 721 308 750; x_wconf 79' lang='lat' dir='ltr'>Fit</span> <span class='ocrx_word' id='word_1_56' title='bbox 325 732 381 759; x_wconf 84' lang='lat' dir='ltr'>pu-</span> 
     </span>
    </p>
   </div>
   <div class='ocr_carea' id='block_1_9' title="bbox 98 756 270 786">
    <p class='ocr_par' dir='ltr' id='par_1_9' title="bbox 98 756 270 786">
     <span class='ocr_line' id='line_1_14' title="bbox 98 756 270 786; baseline 0.012 -6"><span class='ocrx_word' id='word_1_57' title='bbox 98 759 160 786; x_wconf 82' lang='lat' dir='ltr'>gna</span> <span class='ocrx_word' id='word_1_58' title='bbox 177 756 270 784; x_wconf 77' lang='lat' dir='ltr'>atrox.</span> 
     </span>
    </p>
   </div>
   <div class='ocr_carea' id='block_1_10' title="bbox 375 804 552 814">
    <p class='ocr_par' dir='ltr' id='par_1_10' title="bbox 375 804 552 814">
     <span class='ocr_line' id='line_1_15' title="bbox 375 804 552 814; baseline 0 0"><span class='ocrx_word' id='word_1_59' title='bbox 375 804 552 814; x_wconf 95' lang='lat' dir='ltr'> </span> 
     </span>
    </p>
   </div>
   <div class='ocr_carea' id='block_1_11' title="bbox 352 878 1032 2777">
    <p class='ocr_par' dir='ltr' id='par_1_11' title="bbox 357 878 1032 1944">
     <span class='ocr_line' id='line_1_16' title="bbox 372 878 1032 929; baseline 0.009 -13"><span class='ocrx_word' id='word_1_60' title='bbox 372 878 477 917; x_wconf 80' lang='lat' dir='ltr'>idem</span> <span class='ocrx_word' id='word_1_61' title='bbox 493 882 568 929; x_wconf 88' lang='lat' dir='ltr'>IX,</span> <span class='ocrx_word' id='word_1_62' title='bbox 591 884 643 922; x_wconf 84' lang='lat'>99</span> <span class='ocrx_word' id='word_1_63' title='bbox 664 882 715 918; x_wconf 87' lang='lat' dir='ltr'>sic</span> <span class='ocrx_word' id='word_1_64' title='bbox 733 879 905 918; x_wconf 82' lang='lat' dir='ltr'>effertur:</span> <span class='ocrx_word' id='word_1_65' title='bbox 935 894 1032 922; x_wconf 84' lang='grc' dir='ltr'><em>συν-</em></span> 
     </span>
     <span class='ocr_line' id='line_1_17' title="bbox 375 934 1031 988; baseline 0.005 -13"><span class='ocrx_word' id='word_1_66' title='bbox 375 934 580 987; x_wconf 80' lang='grc' dir='ltr'><em>εφόρησαν</em></span> <span class='ocrx_word' id='word_1_67' title='bbox 616 934 663 976; x_wconf 63' lang='lat' dir='ltr'>w*</span> <span class='ocrx_word' id='word_1_68' title='bbox 692 935 813 988; x_wconf 71' lang='grc' dir='ltr'><em>γε’ῥρα</em></span> <span class='ocrx_word' id='word_1_69' title='bbox 843 936 955 987; x_wconf 74' lang='grc' dir='ltr'><em>ἕρκος</em></span> <span class='ocrx_word' id='word_1_70' title='bbox 974 935 1031 978; x_wconf 77' lang='grc' dir='ltr'>εἶ-</span> 
     </span>
     <span class='ocr_line' id='line_1_18' title="bbox 371 994 1031 1042; baseline 0 -10"><span class='ocrx_word' id='word_1_71' title='bbox 371 994 441 1032; x_wconf 82' lang='grc' dir='ltr'><em>ναι’</em></span> <span class='ocrx_word' id='word_1_72' title='bbox 459 1005 529 1042; x_wconf 89' lang='grc' dir='ltr'>σφι</span> <span class='ocrx_word' id='word_1_73' title='bbox 562 995 587 1030; x_wconf 90' lang='lat' dir='ltr'>i.</span> <span class='ocrx_word' id='word_1_74' title='bbox 609 1006 642 1033; x_wconf 86' lang='lat' dir='ltr'>e.</span> <span class='ocrx_word' id='word_1_75' title='bbox 664 994 906 1041; x_wconf 76' lang='lat' dir='ltr'>contulerunt,</span> <span class='ocrx_word' id='word_1_76' title='bbox 945 1008 1031 1032; x_wconf 86' lang='lat' dir='ltr'>con-</span> 
     </span>
     <span class='ocr_line' id='line_1_19' title="bbox 371 1051 1029 1099; baseline 0.005 -14"><span class='ocrx_word' id='word_1_77' title='bbox 371 1051 548 1099; x_wconf 77' lang='lat' dir='ltr'>ste&#39;parunt</span> <span class='ocrx_word' id='word_1_78' title='bbox 574 1053 697 1097; x_wconf 76' lang='lat' dir='ltr'>scuta,</span> <span class='ocrx_word' id='word_1_79' title='bbox 729 1063 817 1099; x_wconf 80' lang='lat' dir='ltr'>quae</span> <span class='ocrx_word' id='word_1_80' title='bbox 839 1063 904 1099; x_wconf 83' lang='lat' dir='ltr'>pro</span> <span class='ocrx_word' id='word_1_81' title='bbox 932 1064 1029 1088; x_wconf 80' lang='lat' dir='ltr'>muro</span> 
     </span>
     <span class='ocr_line' id='line_1_20' title="bbox 368 1107 1029 1155; baseline 0.005 -13"><span class='ocrx_word' id='word_1_82' title='bbox 368 1119 399 1142; x_wconf 90' lang='lat' dir='ltr'>s.</span> <span class='ocrx_word' id='word_1_83' title='bbox 432 1111 525 1155; x_wconf 77' lang='lat' dir='ltr'>septo</span> <span class='ocrx_word' id='word_1_84' title='bbox 565 1109 651 1155; x_wconf 74' lang='lat' dir='ltr'>ipsis</span> <span class='ocrx_word' id='word_1_85' title='bbox 691 1111 818 1153; x_wconf 72' lang='lat' dir='ltr'>essent,</span> <span class='ocrx_word' id='word_1_86' title='bbox 843 1107 976 1144; x_wconf 78' lang='lat' dir='ltr'>vallum</span> <span class='ocrx_word' id='word_1_87' title='bbox 1013 1121 1029 1145; x_wconf 87' lang='lat' dir='ltr'>e</span> 
     </span>
     <span class='ocr_line' id='line_1_21' title="bbox 369 1162 1025 1212; baseline 0.003 -14"><span class='ocrx_word' id='word_1_88' title='bbox 369 1162 502 1211; x_wconf 76' lang='lat' dir='ltr'>clypeis</span> <span class='ocrx_word' id='word_1_89' title='bbox 544 1163 791 1211; x_wconf 70' lang='lat' dir='ltr'><em>congerebant,</em></span> <span class='ocrx_word' id='word_1_90' title='bbox 839 1164 924 1202; x_wconf 88' lang='lat' dir='ltr'>coll.</span> <span class='ocrx_word' id='word_1_91' title='bbox 956 1166 1025 1212; x_wconf 84' lang='lat' dir='ltr'>lx,</span> 
     </span>
     <span class='ocr_line' id='line_1_22' title="bbox 372 1217 1026 1269; baseline 0.002 -13"><span class='ocrx_word' id='word_1_92' title='bbox 372 1220 465 1256; x_wconf 80' lang='lat'>102.</span> <span class='ocrx_word' id='word_1_93' title='bbox 489 1217 841 1269; x_wconf 82' lang='lat' dir='ltr'>Schweighaeuser.</span> <span class='ocrx_word' id='word_1_94' title='bbox 870 1221 910 1255; x_wconf 88' lang='lat' dir='ltr'>in</span> <span class='ocrx_word' id='word_1_95' title='bbox 930 1222 1026 1258; x_wconf 86' lang='lat' dir='ltr'>Lex.</span> 
     </span>
     <span class='ocr_line' id='line_1_23' title="bbox 365 1273 1026 1342; baseline 0.008 -34"><span class='ocrx_word' id='word_1_96' title='bbox 365 1273 509 1311; x_wconf 84' lang='lat' dir='ltr'>Herod.</span> <span class='ocrx_word' id='word_1_97' title='bbox 519 1282 802 1342; x_wconf 80' lang='lat' dir='ltr'>comparaverat</span> <span class='ocrx_word' id='word_1_98' title='bbox 814 1277 970 1314; x_wconf 81' lang='lat' dir='ltr'><strong>Homer.</strong></span> <span class='ocrx_word' id='word_1_99' title='bbox 982 1278 1026 1314; x_wconf 94' lang='lat' dir='ltr'>Il.</span> 
     </span>
     <span class='ocr_line' id='line_1_24' title="bbox 365 1328 1028 1395; baseline 0.009 -29"><span class='ocrx_word' id='word_1_100' title='bbox 365 1331 472 1378; x_wconf 78' lang='lat' dir='ltr'>XIII,</span> <span class='ocrx_word' id='word_1_101' title='bbox 498 1333 576 1371; x_wconf 84' lang='lat'>130</span> <span class='ocrx_word' id='word_1_102' title='bbox 590 1329 810 1395; x_wconf 74' lang='grc' dir='ltr'><em>φράξαντες</em></span> <span class='ocrx_word' id='word_1_103' title='bbox 823 1328 920 1383; x_wconf 82' lang='grc' dir='ltr'><em>δόρυ</em></span> <span class='ocrx_word' id='word_1_104' title='bbox 934 1334 1028 1372; x_wconf 84' lang='grc' dir='ltr'><em>δου-</em></span> 
     </span>
     <span class='ocr_line' id='line_1_25' title="bbox 365 1381 1026 1436; baseline 0.005 -12"><span class='ocrx_word' id='word_1_105' title='bbox 365 1384 418 1436; x_wconf 84' lang='grc' dir='ltr'>ρὶ,</span> <span class='ocrx_word' id='word_1_106' title='bbox 442 1381 565 1433; x_wconf 74' lang='grc' dir='ltr'><em>σάκος</em></span> <span class='ocrx_word' id='word_1_107' title='bbox 586 1385 709 1427; x_wconf 82' lang='grc' dir='ltr'><em>σακεϊ.</em></span> <span class='ocrx_word' id='word_1_108' title='bbox 725 1390 803 1424; x_wconf 89' lang='lat' dir='ltr'>Nec</span> <span class='ocrx_word' id='word_1_109' title='bbox 815 1389 920 1425; x_wconf 88' lang='lat' dir='ltr'>aliter</span> <span class='ocrx_word' id='word_1_110' title='bbox 932 1388 1026 1427; x_wconf 82' lang='lat' dir='ltr'>haec</span> 
     </span>
     <span class='ocr_line' id='line_1_26' title="bbox 364 1441 1023 1493; baseline 0.006 -15"><span class='ocrx_word' id='word_1_111' title='bbox 364 1441 413 1479; x_wconf 87' lang='lat' dir='ltr'>de</span> <span class='ocrx_word' id='word_1_112' title='bbox 433 1447 606 1481; x_wconf 80' lang='lat' dir='ltr'>scutorum</span> <span class='ocrx_word' id='word_1_113' title='bbox 613 1447 778 1493; x_wconf 79' lang='lat' dir='ltr'><em>congerie</em></span> <span class='ocrx_word' id='word_1_114' title='bbox 800 1446 973 1483; x_wconf 88' lang='lat' dir='ltr'>Graecis</span> <span class='ocrx_word' id='word_1_115' title='bbox 963 1460 1023 1482; x_wconf 88' lang='lat' dir='ltr'>ln-</span> 
     </span>
     <span class='ocr_line' id='line_1_27' title="bbox 362 1500 1023 1552; baseline 0.009 -18"><span class='ocrx_word' id='word_1_116' title='bbox 362 1500 585 1548; x_wconf 83' lang='lat' dir='ltr'>gruentibus</span> <span class='ocrx_word' id='word_1_117' title='bbox 603 1500 761 1549; x_wconf 60' lang='lat' dir='ltr'>obiecta,</span> <span class='ocrx_word' id='word_1_118' title='bbox 777 1502 937 1552; x_wconf 78' lang='lat' dir='ltr'>intelligi</span> <span class='ocrx_word' id='word_1_119' title='bbox 951 1516 1023 1540; x_wconf 80' lang='lat' dir='ltr'>vo-</span> 
     </span>
     <span class='ocr_line' id='line_1_28' title="bbox 360 1554 1019 1606; baseline 0.009 -15"><span class='ocrx_word' id='word_1_120' title='bbox 360 1554 431 1591; x_wconf 88' lang='lat' dir='ltr'>luit</span> <span class='ocrx_word' id='word_1_121' title='bbox 441 1557 671 1606; x_wconf 86' lang='lat' dir='ltr'>Wesseling.</span> <span class='ocrx_word' id='word_1_122' title='bbox 694 1559 811 1594; x_wconf 86' lang='lat' dir='ltr'>citans</span> <span class='ocrx_word' id='word_1_123' title='bbox 826 1557 1019 1598; x_wconf 77' lang='lat' dir='ltr'>Plutarch.</span> 
     </span>
     <span class='ocr_line' id='line_1_29' title="bbox 360 1610 1019 1662; baseline 0.006 -15"><span class='ocrx_word' id='word_1_124' title='bbox 360 1610 514 1647; x_wconf 80' lang='lat' dir='ltr'>Aristid.</span> <span class='ocrx_word' id='word_1_125' title='bbox 541 1614 591 1651; x_wconf 86' lang='lat'>18</span> <span class='ocrx_word' id='word_1_126' title='bbox 630 1625 719 1662; x_wconf 84' lang='lat' dir='ltr'>pag.</span> <span class='ocrx_word' id='word_1_127' title='bbox 749 1616 830 1654; x_wconf 79' lang='lat'>329</span> <span class='ocrx_word' id='word_1_128' title='bbox 859 1616 910 1661; x_wconf 85' lang='lat' dir='ltr'>F,</span> <span class='ocrx_word' id='word_1_129' title='bbox 953 1616 1019 1651; x_wconf 91' lang='lat' dir='ltr'>ubi</span> 
     </span>
     <span class='ocr_line' id='line_1_30' title="bbox 360 1667 1017 1720; baseline 0.011 -18"><span class='ocrx_word' id='word_1_130' title='bbox 360 1667 525 1716; x_wconf 85' lang='lat' dir='ltr'>legimus</span> <span class='ocrx_word' id='word_1_131' title='bbox 553 1679 564 1703; x_wconf 77' lang='lat' dir='ltr'><strong><em>z</em></strong></span> <span class='ocrx_word' id='word_1_132' title='bbox 631 1667 699 1705; x_wconf 83' lang='grc' dir='ltr'><em>καὶ</em></span> <span class='ocrx_word' id='word_1_133' title='bbox 772 1668 1017 1720; x_wconf 81' lang='grc' dir='ltr'><em>προθέμενοι</em></span> 
     </span>
     <span class='ocr_line' id='line_1_31' title="bbox 361 1720 1017 1775; baseline 0.006 -15"><span class='ocrx_word' id='word_1_134' title='bbox 361 1720 488 1761; x_wconf 72' lang='grc' dir='ltr'><em>πολλοὶ</em></span> <span class='ocrx_word' id='word_1_135' title='bbox 514 1724 593 1761; x_wconf 80' lang='grc' dir='ltr'>τῶν</span> <span class='ocrx_word' id='word_1_136' title='bbox 619 1723 800 1775; x_wconf 73' lang='grc' dir='ltr'><em>[γε’ῤῥων,</em></span> <span class='ocrx_word' id='word_1_137' title='bbox 840 1721 1017 1772; x_wconf 75' lang='grc' dir='ltr'><em>ἐτόξευον</em></span> 
     </span>
     <span class='ocr_line' id='line_1_32' title="bbox 359 1775 1015 1830; baseline 0.005 -14"><span class='ocrx_word' id='word_1_138' title='bbox 359 1775 453 1824; x_wconf 74' lang='grc' dir='ltr'>τούς</span> <span class='ocrx_word' id='word_1_139' title='bbox 473 1778 820 1830; x_wconf 82' lang='grc' dir='ltr'><em>Λακεδαιμονίους</em></span> <span class='ocrx_word' id='word_1_140' title='bbox 848 1795 884 1819; x_wconf 88' lang='grc' dir='ltr'>κ.</span> <span class='ocrx_word' id='word_1_141' title='bbox 917 1795 950 1819; x_wconf 89' lang='grc' dir='ltr'>τ.</span> <span class='ocrx_word' id='word_1_142' title='bbox 979 1784 1015 1819; x_wconf 87' lang='grc' dir='ltr'>λ.</span> 
     </span>
     <span class='ocr_line' id='line_1_33' title="bbox 357 1835 1015 1886; baseline 0.006 -16"><span class='ocrx_word' id='word_1_143' title='bbox 357 1835 490 1884; x_wconf 87' lang='lat' dir='ltr'>Negris</span> <span class='ocrx_word' id='word_1_144' title='bbox 511 1836 701 1885; x_wconf 83' lang='lat' dir='ltr'>peculiare</span> <span class='ocrx_word' id='word_1_145' title='bbox 724 1848 874 1886; x_wconf 84' lang='lat' dir='ltr'>pugnae</span> <span class='ocrx_word' id='word_1_146' title='bbox 894 1849 1015 1886; x_wconf 86' lang='lat' dir='ltr'>genus</span> 
     </span>
     <span class='ocr_line' id='line_1_34' title="bbox 359 1890 1013 1958; baseline 0.006 -32"><span class='ocrx_word' id='word_1_147' title='bbox 359 1890 463 1941; x_wconf 86' lang='lat' dir='ltr'>apud</span> <span class='ocrx_word' id='word_1_148' title='bbox 483 1892 614 1928; x_wconf 82' lang='lat' dir='ltr'>Persas</span> <span class='ocrx_word' id='word_1_149' title='bbox 634 1890 695 1928; x_wconf 89' lang='lat' dir='ltr'>hic</span> <span class='ocrx_word' id='word_1_150' title='bbox 716 1892 874 1942; x_wconf 78' lang='lat' dir='ltr'>intelligi</span> <span class='ocrx_word' id='word_1_151' title='bbox 893 1900 1013 1958; x_wconf 38' lang='lat' dir='ltr'>put-at,</span> 
     </span>
    </p>

    <p class='ocr_par' dir='ltr' id='par_1_12' title="bbox 356 1947 1014 2112">
     <span class='ocr_line' id='line_1_35' title="bbox 359 1947 1014 1999; baseline 0.006 -16"><span class='ocrx_word' id='word_1_152' title='bbox 359 1960 409 1983; x_wconf 85' lang='lat' dir='ltr'>ex</span> <span class='ocrx_word' id='word_1_153' title='bbox 430 1961 505 1998; x_wconf 92' lang='lat' dir='ltr'>quo</span> <span class='ocrx_word' id='word_1_154' title='bbox 528 1947 678 1995; x_wconf 89' lang='lat' dir='ltr'>(malim</span> <span class='ocrx_word' id='word_1_155' title='bbox 708 1949 811 1984; x_wconf 90' lang='lat' dir='ltr'>enim</span> <span class='ocrx_word' id='word_1_156' title='bbox 836 1950 915 1999; x_wconf 86' lang='lat' dir='ltr'>ipsa</span> <span class='ocrx_word' id='word_1_157' title='bbox 935 1950 1014 1987; x_wconf 90' lang='lat' dir='ltr'>eius</span> 
     </span>
     <span class='ocr_line' id='line_1_36' title="bbox 359 2000 1013 2058; baseline 0.009 -19.009"><span class='ocrx_word' id='word_1_158' title='bbox 359 2005 474 2042; x_wconf 79' lang='lat' dir='ltr'>verba</span> <span class='ocrx_word' id='word_1_159' title='bbox 494 2003 677 2054; x_wconf 88' lang='lat' dir='ltr'>proferre)</span> <span class='ocrx_word' id='word_1_160' title='bbox 700 2000 917 2056; x_wconf 77' lang='grc' dir='ltr'><em>ἅραδίαζαν</em></span> <span class='ocrx_word' id='word_1_161' title='bbox 935 2020 1013 2058; x_wconf 86' lang='grc' dir='ltr'>προ</span> 
     </span>
     <span class='ocr_line' id='line_1_37' title="bbox 356 2057 1015 2112; baseline 0.005 -13"><span class='ocrx_word' id='word_1_162' title='bbox 356 2058 508 2099; x_wconf 78' lang='grc' dir='ltr'><em>ἓαυτων</em></span> <span class='ocrx_word' id='word_1_163' title='bbox 527 2057 575 2098; x_wconf 71' lang='grc' dir='ltr'>τὰ</span> <span class='ocrx_word' id='word_1_164' title='bbox 595 2060 713 2112; x_wconf 84' lang='grc' dir='ltr'><em>γέρρα</em></span> <span class='ocrx_word' id='word_1_165' title='bbox 731 2061 1015 2112; x_wconf 82' lang='grc' dir='ltr'><em>,,σχηματίζον-</em></span> 
     </span>
    </p>

    <p class='ocr_par' dir='ltr' id='par_1_13' title="bbox 353 2113 1014 2450">
     <span class='ocr_line' id='line_1_38' title="bbox 353 2113 1014 2170; baseline 0.006 -16"><span class='ocrx_word' id='word_1_166' title='bbox 353 2131 416 2163; x_wconf 80' lang='grc' dir='ltr'>τες</span> <span class='ocrx_word' id='word_1_167' title='bbox 433 2113 534 2155; x_wconf 79' lang='grc' dir='ltr'><em>ου’τω</em></span> <span class='ocrx_word' id='word_1_168' title='bbox 553 2113 678 2167; x_wconf 87' lang='grc' dir='ltr'><em>τεῖχός</em></span> <span class='ocrx_word' id='word_1_169' title='bbox 698 2133 734 2155; x_wconf 92' lang='grc' dir='ltr'>τι</span> <span class='ocrx_word' id='word_1_170' title='bbox 754 2116 821 2156; x_wconf 77' lang='grc' dir='ltr'><em>καὶ</em></span> <span class='ocrx_word' id='word_1_171' title='bbox 843 2115 898 2169; x_wconf 73' lang='grc' dir='ltr'>μή</span> <span class='ocrx_word' id='word_1_172' title='bbox 917 2133 1014 2170; x_wconf 80' lang='grc' dir='ltr'><em>κρα-</em></span> 
     </span>
     <span class='ocr_line' id='line_1_39' title="bbox 355 2169 1013 2222; baseline 0.005 -11"><span class='ocrx_word' id='word_1_173' title='bbox 355 2175 515 2219; x_wconf 85' lang='grc' dir='ltr'><em>τοῦντες</em></span> <span class='ocrx_word' id='word_1_174' title='bbox 553 2169 655 2211; x_wconf 64' lang='lat' dir='ltr'>mim*</span> <span class='ocrx_word' id='word_1_175' title='bbox 693 2177 891 2220; x_wconf 83' lang='grc' dir='ltr'><em>παντελως</em></span> <span class='ocrx_word' id='word_1_176' title='bbox 929 2179 1013 2222; x_wconf 83' lang='grc' dir='ltr'><em>ταῖς</em></span> 
     </span>
     <span class='ocr_line' id='line_1_40' title="bbox 358 2227 1013 2281; baseline 0 -14"><span class='ocrx_word' id='word_1_177' title='bbox 358 2227 478 2281; x_wconf 81' lang='grc' dir='ltr'><em>χερσὶ.</em></span> <span class='ocrx_word' id='word_1_178' title='bbox 508 2229 724 2267; x_wconf 85' lang='lat' dir='ltr'>Herodotea</span> <span class='ocrx_word' id='word_1_179' title='bbox 744 2232 894 2281; x_wconf 81' lang='lat' dir='ltr'>respicit</span> <span class='ocrx_word' id='word_1_180' title='bbox 911 2233 1013 2268; x_wconf 86' lang='lat' dir='ltr'>Har-</span> 
     </span>
     <span class='ocr_line' id='line_1_41' title="bbox 356 2284 1010 2339; baseline 0.005 -18"><span class='ocrx_word' id='word_1_181' title='bbox 356 2292 499 2335; x_wconf 85' lang='lat' dir='ltr'>pocrat.</span> <span class='ocrx_word' id='word_1_182' title='bbox 537 2299 567 2323; x_wconf 91' lang='lat' dir='ltr'>s.</span> <span class='ocrx_word' id='word_1_183' title='bbox 611 2300 649 2326; x_wconf 87' lang='lat' dir='ltr'>v.</span> <span class='ocrx_word' id='word_1_184' title='bbox 684 2284 803 2339; x_wconf 77' lang='grc' dir='ltr'><em>γε’ρρα</em></span> <span class='ocrx_word' id='word_1_185' title='bbox 841 2288 1010 2339; x_wconf 83' lang='lat' dir='ltr'>itemque</span> 
     </span>
     <span class='ocr_line' id='line_1_42' title="bbox 356 2341 1009 2393; baseline 0.006 -16"><span class='ocrx_word' id='word_1_186' title='bbox 356 2341 492 2379; x_wconf 79' lang='lat' dir='ltr'>Suidas</span> <span class='ocrx_word' id='word_1_187' title='bbox 529 2355 557 2379; x_wconf 87' lang='lat' dir='ltr'>s.</span> <span class='ocrx_word' id='word_1_188' title='bbox 578 2356 616 2381; x_wconf 87' lang='lat' dir='ltr'>v.</span> <span class='ocrx_word' id='word_1_189' title='bbox 646 2344 663 2378; x_wconf 93' lang='grc' dir='ltr'><strong>Ι</strong></span> <span class='ocrx_word' id='word_1_190' title='bbox 701 2355 788 2393; x_wconf 89' lang='lat' dir='ltr'>pag.</span> <span class='ocrx_word' id='word_1_191' title='bbox 810 2341 904 2382; x_wconf 84' lang='lat'>477.</span> <span class='ocrx_word' id='word_1_192' title='bbox 959 2345 1009 2381; x_wconf 90' lang='lat' dir='ltr'>Et</span> 
     </span>
     <span class='ocr_line' id='line_1_43' title="bbox 355 2398 1001 2450; baseline 0.002 -17"><span class='ocrx_word' id='word_1_193' title='bbox 355 2398 439 2435; x_wconf 74' lang='lat' dir='ltr'>vide</span> <span class='ocrx_word' id='word_1_194' title='bbox 461 2411 615 2450; x_wconf 89' lang='lat' dir='ltr'>quoque</span> <span class='ocrx_word' id='word_1_195' title='bbox 634 2406 730 2436; x_wconf 85' lang='lat' dir='ltr'>nott.</span> <span class='ocrx_word' id='word_1_196' title='bbox 762 2398 809 2435; x_wconf 88' lang='lat' dir='ltr'>ad</span> <span class='ocrx_word' id='word_1_197' title='bbox 832 2400 898 2435; x_wconf 91' lang='lat' dir='ltr'>Vll</span> <span class='ocrx_word' id='word_1_198' title='bbox 915 2429 924 2446; x_wconf 88' lang='lat'>‚</span> <span class='ocrx_word' id='word_1_199' title='bbox 954 2402 1001 2439; x_wconf 85' lang='lat'>61</span> 
     </span>
    </p>

    <p class='ocr_par' dir='ltr' id='par_1_14' title="bbox 352 2453 1007 2777">
     <span class='ocr_line' id='line_1_44' title="bbox 355 2453 1006 2506; baseline 0.005 -17"><span class='ocrx_word' id='word_1_200' title='bbox 355 2453 401 2489; x_wconf 88' lang='lat' dir='ltr'>de</span> <span class='ocrx_word' id='word_1_201' title='bbox 429 2468 522 2491; x_wconf 87' lang='lat' dir='ltr'>voce</span> <span class='ocrx_word' id='word_1_202' title='bbox 551 2454 683 2506; x_wconf 72' lang='grc' dir='ltr'><em>γε’ρῤα.</em></span> <span class='ocrx_word' id='word_1_203' title='bbox 741 2454 893 2491; x_wconf 78' lang='lat' dir='ltr'>Addam</span> <span class='ocrx_word' id='word_1_204' title='bbox 919 2455 957 2492; x_wconf 88' lang='lat' dir='ltr'>h.</span> <span class='ocrx_word' id='word_1_205' title='bbox 978 2456 1006 2497; x_wconf 90' lang='lat' dir='ltr'>l.</span> 
     </span>
     <span class='ocr_line' id='line_1_45' title="bbox 354 2509 1007 2563; baseline 0.006 -19"><span class='ocrx_word' id='word_1_206' title='bbox 354 2511 465 2546; x_wconf 78' lang='lat' dir='ltr'>Gallii</span> <span class='ocrx_word' id='word_1_207' title='bbox 485 2512 598 2547; x_wconf 86' lang='lat' dir='ltr'>verba</span> <span class='ocrx_word' id='word_1_208' title='bbox 627 2513 696 2560; x_wconf 89' lang='lat' dir='ltr'>(Le</span> <span class='ocrx_word' id='word_1_209' title='bbox 717 2509 846 2562; x_wconf 87' lang='lat' dir='ltr'>philol.</span> <span class='ocrx_word' id='word_1_210' title='bbox 867 2512 900 2549; x_wconf 90' lang='lat' dir='ltr'>V</span> <span class='ocrx_word' id='word_1_211' title='bbox 921 2525 1007 2563; x_wconf 86' lang='lat' dir='ltr'>pag.</span> 
     </span>
     <span class='ocr_line' id='line_1_46' title="bbox 354 2567 1007 2620; baseline 0.002 -16"><span class='ocrx_word' id='word_1_212' title='bbox 354 2567 431 2604; x_wconf 76' lang='lat'>231</span> <span class='ocrx_word' id='word_1_213' title='bbox 454 2579 532 2618; x_wconf 87' lang='lat' dir='ltr'>seq.</span> <span class='ocrx_word' id='word_1_214' title='bbox 554 2567 634 2608; x_wconf 77' lang='lat'>240</span> <span class='ocrx_word' id='word_1_215' title='bbox 654 2569 765 2620; x_wconf 85' lang='lat' dir='ltr'>seq.)‚</span> <span class='ocrx_word' id='word_1_216' title='bbox 786 2569 851 2604; x_wconf 89' lang='lat' dir='ltr'>ubi</span> <span class='ocrx_word' id='word_1_217' title='bbox 871 2567 1007 2618; x_wconf 86' lang='lat' dir='ltr'>gerrha</span> 
     </span>
     <span class='ocr_line' id='line_1_47' title="bbox 353 2621 1005 2662; baseline 0.009 -6"><span class='ocrx_word' id='word_1_218' title='bbox 353 2621 464 2657; x_wconf 82' lang='lat' dir='ltr'>fuisse</span> <span class='ocrx_word' id='word_1_219' title='bbox 503 2624 655 2661; x_wconf 86' lang='lat' dir='ltr'>scribit:</span> <span class='ocrx_word' id='word_1_220' title='bbox 706 2624 770 2661; x_wconf 79' lang='lat' dir='ltr'>des</span> <span class='ocrx_word' id='word_1_221' title='bbox 809 2626 918 2662; x_wconf 87' lang='lat' dir='ltr'>tissus</span> <span class='ocrx_word' id='word_1_222' title='bbox 957 2638 1005 2662; x_wconf 94' lang='lat' dir='ltr'>ou</span> 
     </span>
     <span class='ocr_line' id='line_1_48' title="bbox 352 2676 1007 2733; baseline 0.008 -20"><span class='ocrx_word' id='word_1_223' title='bbox 352 2676 487 2714; x_wconf 84' lang='lat' dir='ltr'>d&#39;osier</span> <span class='ocrx_word' id='word_1_224' title='bbox 507 2691 556 2714; x_wconf 90' lang='lat' dir='ltr'>ou</span> <span class='ocrx_word' id='word_1_225' title='bbox 568 2678 615 2715; x_wconf 93' lang='lat' dir='ltr'>de</span> <span class='ocrx_word' id='word_1_226' title='bbox 625 2680 755 2717; x_wconf 85' lang='lat' dir='ltr'>cordes</span> <span class='ocrx_word' id='word_1_227' title='bbox 768 2681 1007 2733; x_wconf 62' lang='lat' dir='ltr'>enti-elaqees,</span> 
     </span>
     <span class='ocr_line' id='line_1_49' title="bbox 352 2733 1006 2777; baseline 0.009 -7"><span class='ocrx_word' id='word_1_228' title='bbox 352 2740 522 2772; x_wconf 86' lang='lat' dir='ltr'>couverts</span> <span class='ocrx_word' id='word_1_229' title='bbox 543 2733 589 2771; x_wconf 85' lang='lat' dir='ltr'>de</span> <span class='ocrx_word' id='word_1_230' title='bbox 609 2738 690 2772; x_wconf 87' lang='lat' dir='ltr'>cuir</span> <span class='ocrx_word' id='word_1_231' title='bbox 702 2744 737 2774; x_wconf 86' lang='lat' dir='ltr'>et</span> <span class='ocrx_word' id='word_1_232' title='bbox 754 2737 800 2774; x_wconf 89' lang='lat' dir='ltr'>de</span> <span class='ocrx_word' id='word_1_233' title='bbox 815 2737 1006 2777; x_wconf 80' lang='lat' dir='ltr'>disserents</span> 
     </span>
    </p>
   </div>
   <div class='ocr_carea' id='block_1_12' title="bbox 1697 548 1742 583">
    <p class='ocr_par' dir='ltr' id='par_1_15' title="bbox 1697 548 1742 583">
     <span class='ocr_line' id='line_1_50' title="bbox 1697 548 1742 583; baseline 0.044 -2"><span class='ocrx_word' id='word_1_234' title='bbox 1697 548 1742 583; x_wconf 90' lang='lat'>80</span> 
     </span>
    </p>
   </div>
   <div class='ocr_carea' id='block_1_13' title="bbox 1069 881 1753 1611">
    <p class='ocr_par' dir='ltr' id='par_1_16' title="bbox 1069 881 1753 1611">
     <span class='ocr_line' id='line_1_51' title="bbox 1085 881 1736 933; baseline -0.002 -14"><span class='ocrx_word' id='word_1_235' title='bbox 1085 883 1246 928; x_wconf 79' lang='lat' dir='ltr'>formes,</span> <span class='ocrx_word' id='word_1_236' title='bbox 1275 895 1349 933; x_wconf 88' lang='lat' dir='ltr'>que</span> <span class='ocrx_word' id='word_1_237' title='bbox 1373 881 1426 918; x_wconf 88' lang='lat' dir='ltr'>les</span> <span class='ocrx_word' id='word_1_238' title='bbox 1446 882 1576 919; x_wconf 84' lang='lat' dir='ltr'>Perses</span> <span class='ocrx_word' id='word_1_239' title='bbox 1597 895 1643 918; x_wconf 88' lang='lat' dir='ltr'>en</span> <span class='ocrx_word' id='word_1_240' title='bbox 1666 883 1736 919; x_wconf 82' lang='lat' dir='ltr'>fai-</span> 
     </span>
     <span class='ocr_line' id='line_1_52' title="bbox 1084 938 1753 989; baseline -0.003 -13"><span class='ocrx_word' id='word_1_241' title='bbox 1084 941 1205 976; x_wconf 86' lang='lat' dir='ltr'>soient</span> <span class='ocrx_word' id='word_1_242' title='bbox 1231 951 1307 974; x_wconf 86' lang='lat' dir='ltr'>une</span> <span class='ocrx_word' id='word_1_243' title='bbox 1334 945 1432 975; x_wconf 87' lang='lat' dir='ltr'>sorte</span> <span class='ocrx_word' id='word_1_244' title='bbox 1464 938 1512 975; x_wconf 90' lang='lat' dir='ltr'>de</span> <span class='ocrx_word' id='word_1_245' title='bbox 1550 938 1753 989; x_wconf 75' lang='lat' dir='ltr'>palisade3.</span> 
     </span>
     <span class='ocr_line' id='line_1_53' title="bbox 1085 994 1737 1048; baseline 0 -16"><span class='ocrx_word' id='word_1_246' title='bbox 1085 996 1199 1048; x_wconf 88' lang='lat' dir='ltr'>qu’ou</span> <span class='ocrx_word' id='word_1_247' title='bbox 1238 996 1290 1032; x_wconf 91' lang='lat' dir='ltr'>les</span> <span class='ocrx_word' id='word_1_248' title='bbox 1319 994 1448 1031; x_wconf 84' lang='lat' dir='ltr'>fichoit</span> <span class='ocrx_word' id='word_1_249' title='bbox 1488 1008 1535 1030; x_wconf 86' lang='lat' dir='ltr'>en</span> <span class='ocrx_word' id='word_1_250' title='bbox 1573 1002 1670 1031; x_wconf 88' lang='lat' dir='ltr'>terre</span> <span class='ocrx_word' id='word_1_251' title='bbox 1701 1002 1737 1032; x_wconf 84' lang='lat' dir='ltr'>et</span> 
     </span>
     <span class='ocr_line' id='line_1_54' title="bbox 1084 1052 1735 1104; baseline -0.003 -15"><span class='ocrx_word' id='word_1_252' title='bbox 1084 1053 1201 1104; x_wconf 88' lang='lat' dir='ltr'>qu&#39;on</span> <span class='ocrx_word' id='word_1_253' title='bbox 1230 1052 1282 1088; x_wconf 82' lang='lat' dir='ltr'>les</span> <span class='ocrx_word' id='word_1_254' title='bbox 1302 1052 1445 1088; x_wconf 85' lang='lat' dir='ltr'>retiroit</span> <span class='ocrx_word' id='word_1_255' title='bbox 1474 1064 1564 1087; x_wconf 78' lang='lat' dir='ltr'>avec</span> <span class='ocrx_word' id='word_1_256' title='bbox 1584 1052 1735 1099; x_wconf 78' lang='lat' dir='ltr'>facilite&#39;,</span> 
     </span>
     <span class='ocr_line' id='line_1_55' title="bbox 1083 1109 1735 1160; baseline -0.005 -14"><span class='ocrx_word' id='word_1_257' title='bbox 1083 1122 1157 1160; x_wconf 89' lang='lat' dir='ltr'>que</span> <span class='ocrx_word' id='word_1_258' title='bbox 1186 1115 1283 1146; x_wconf 84' lang='lat' dir='ltr'>cette</span> <span class='ocrx_word' id='word_1_259' title='bbox 1302 1121 1535 1144; x_wconf 86' lang='lat' dir='ltr'>manoeuvre</span> <span class='ocrx_word' id='word_1_260' title='bbox 1562 1109 1735 1144; x_wconf 87' lang='lat' dir='ltr'>militaire</span> 
     </span>
     <span class='ocr_line' id='line_1_56' title="bbox 1081 1163 1735 1216; baseline 0 -15"><span class='ocrx_word' id='word_1_261' title='bbox 1081 1178 1121 1202; x_wconf 88' lang='lat' dir='ltr'>se</span> <span class='ocrx_word' id='word_1_262' title='bbox 1142 1165 1303 1216; x_wconf 70' lang='lat' dir='ltr'>repetoit</span> <span class='ocrx_word' id='word_1_263' title='bbox 1331 1163 1352 1200; x_wconf 73' lang='grc' dir='ltr'>ἓι</span> <span class='ocrx_word' id='word_1_264' title='bbox 1373 1165 1553 1215; x_wconf 87' lang='lat' dir='ltr'>plusieurs</span> <span class='ocrx_word' id='word_1_265' title='bbox 1579 1166 1735 1214; x_wconf 85' lang='lat' dir='ltr'>reprises</span> 
     </span>
     <span class='ocr_line' id='line_1_57' title="bbox 1084 1219 1734 1270; baseline 0 -12"><span class='ocrx_word' id='word_1_266' title='bbox 1084 1229 1120 1258; x_wconf 87' lang='lat' dir='ltr'>et</span> <span class='ocrx_word' id='word_1_267' title='bbox 1148 1221 1169 1257; x_wconf 71' lang='lat' dir='ltr'>a</span> <span class='ocrx_word' id='word_1_268' title='bbox 1210 1220 1274 1257; x_wconf 87' lang='lat' dir='ltr'>des</span> <span class='ocrx_word' id='word_1_269' title='bbox 1306 1219 1489 1257; x_wconf 87' lang='lat' dir='ltr'>distances</span> <span class='ocrx_word' id='word_1_270' title='bbox 1528 1220 1575 1256; x_wconf 89' lang='lat' dir='ltr'>de</span> <span class='ocrx_word' id='word_1_271' title='bbox 1611 1227 1734 1270; x_wconf 80' lang='lat' dir='ltr'>temps</span> 
     </span>
     <span class='ocr_line' id='line_1_58' title="bbox 1082 1276 1735 1328; baseline -0.003 -14"><span class='ocrx_word' id='word_1_272' title='bbox 1082 1291 1182 1314; x_wconf 85' lang='lat' dir='ltr'>assez</span> <span class='ocrx_word' id='word_1_273' title='bbox 1195 1276 1487 1328; x_wconf 71' lang='lat' dir='ltr'>rapprochees.“</span> <span class='ocrx_word' id='word_1_274' title='bbox 1519 1276 1611 1313; x_wconf 87' lang='lat' dir='ltr'>Inde</span> <span class='ocrx_word' id='word_1_275' title='bbox 1632 1276 1735 1313; x_wconf 79' lang='lat' dir='ltr'>idem</span> 
     </span>
     <span class='ocr_line' id='line_1_59' title="bbox 1081 1334 1733 1371; baseline -0.003 0"><span class='ocrx_word' id='word_1_276' title='bbox 1081 1342 1252 1371; x_wconf 86' lang='lat' dir='ltr'>nostrum</span> <span class='ocrx_word' id='word_1_277' title='bbox 1279 1335 1408 1370; x_wconf 89' lang='lat' dir='ltr'>locum</span> <span class='ocrx_word' id='word_1_278' title='bbox 1428 1335 1478 1370; x_wconf 88' lang='lat' dir='ltr'>sic</span> <span class='ocrx_word' id='word_1_279' title='bbox 1501 1334 1642 1370; x_wconf 84' lang='lat' dir='ltr'>Gallice</span> <span class='ocrx_word' id='word_1_280' title='bbox 1665 1345 1733 1369; x_wconf 84' lang='lat' dir='ltr'>ex-</span> 
     </span>
     <span class='ocr_line' id='line_1_60' title="bbox 1081 1389 1734 1441; baseline 0 -14"><span class='ocrx_word' id='word_1_281' title='bbox 1081 1391 1230 1441; x_wconf 84' lang='lat' dir='ltr'>pressit:</span> <span class='ocrx_word' id='word_1_282' title='bbox 1281 1392 1410 1426; x_wconf 77' lang='lat' dir='ltr'>s&#39;e&#39;tant</span> <span class='ocrx_word' id='word_1_283' title='bbox 1439 1389 1514 1439; x_wconf 80' lang='lat' dir='ltr'>fait</span> <span class='ocrx_word' id='word_1_284' title='bbox 1549 1402 1616 1426; x_wconf 78' lang='lat' dir='ltr'>une</span> <span class='ocrx_word' id='word_1_285' title='bbox 1645 1394 1734 1427; x_wconf 80' lang='lat' dir='ltr'>sorte</span> 
     </span>
     <span class='ocr_line' id='line_1_61' title="bbox 1080 1446 1733 1496; baseline -0.003 -12"><span class='ocrx_word' id='word_1_286' title='bbox 1080 1448 1121 1484; x_wconf 79' lang='lat' dir='ltr'>cle</span> <span class='ocrx_word' id='word_1_287' title='bbox 1154 1447 1319 1496; x_wconf 68' lang='lat' dir='ltr'>pali-sade</span> <span class='ocrx_word' id='word_1_288' title='bbox 1355 1446 1396 1483; x_wconf 71' lang='lat' dir='ltr'>tle</span> <span class='ocrx_word' id='word_1_289' title='bbox 1436 1446 1528 1483; x_wconf 77' lang='lat' dir='ltr'>leurs</span> <span class='ocrx_word' id='word_1_290' title='bbox 1580 1446 1733 1495; x_wconf 68' lang='lat' dir='ltr'>gerdoes,</span> 
     </span>
     <span class='ocr_line' id='line_1_62' title="bbox 1069 1502 1731 1554; baseline 0.002 -14"><span class='ocrx_word' id='word_1_291' title='bbox 1069 1504 1204 1554; x_wconf 81' lang='lat' dir='ltr'>former</span> <span class='ocrx_word' id='word_1_292' title='bbox 1233 1516 1299 1540; x_wconf 81' lang='lat' dir='ltr'>une</span> <span class='ocrx_word' id='word_1_293' title='bbox 1315 1503 1478 1553; x_wconf 76' lang='lat' dir='ltr'>palz&#39;sacle</span> <span class='ocrx_word' id='word_1_294' title='bbox 1513 1502 1555 1539; x_wconf 82' lang='lat' dir='ltr'>de</span> <span class='ocrx_word' id='word_1_295' title='bbox 1581 1503 1731 1551; x_wconf 71' lang='lat' dir='ltr'>gerrlaees.</span> 
     </span>
     <span class='ocr_line' id='line_1_63' title="bbox 1078 1555 1730 1611; baseline 0.002 -15"><span class='ocrx_word' id='word_1_296' title='bbox 1078 1582 1130 1588; x_wconf 91' lang='lat'>-—</span> <span class='ocrx_word' id='word_1_297' title='bbox 1159 1562 1204 1596; x_wconf 87' lang='lat' dir='ltr'>In</span> <span class='ocrx_word' id='word_1_298' title='bbox 1225 1573 1330 1611; x_wconf 83' lang='lat' dir='ltr'>seqq.</span> <span class='ocrx_word' id='word_1_299' title='bbox 1352 1558 1401 1596; x_wconf 86' lang='lat' dir='ltr'>ad</span> <span class='ocrx_word' id='word_1_300' title='bbox 1421 1559 1598 1596; x_wconf 86' lang='lat' dir='ltr'>voculam</span> <span class='ocrx_word' id='word_1_301' title='bbox 1627 1555 1730 1598; x_wconf 72' lang='grc' dir='ltr'><em>οὕτω</em></span> 
     </span>
    </p>
   </div>
   <div class='ocr_carea' id='block_1_14' title="bbox 1073 1615 1730 1719">
    <p class='ocr_par' dir='ltr' id='par_1_17' title="bbox 1073 1615 1730 1719">
     <span class='ocr_line' id='line_1_64' title="bbox 1073 1615 1730 1667; baseline -0.002 -15"><span class='ocrx_word' id='word_1_302' title='bbox 1073 1617 1320 1665; x_wconf 80' lang='lat' dir='ltr'>postpositam</span> <span class='ocrx_word' id='word_1_303' title='bbox 1356 1616 1458 1653; x_wconf 81' lang='lat' dir='ltr'>conf.</span> <span class='ocrx_word' id='word_1_304' title='bbox 1497 1628 1595 1667; x_wconf 87' lang='lat' dir='ltr'>quae</span> <span class='ocrx_word' id='word_1_305' title='bbox 1624 1615 1730 1652; x_wconf 89' lang='lat' dir='ltr'>attuli</span> 
     </span>
     <span class='ocr_line' id='line_1_65' title="bbox 1073 1671 1270 1719; baseline 0.005 -12"><span class='ocrx_word' id='word_1_306' title='bbox 1073 1671 1121 1707; x_wconf 87' lang='lat' dir='ltr'>ad</span> <span class='ocrx_word' id='word_1_307' title='bbox 1141 1672 1210 1719; x_wconf 89' lang='lat' dir='ltr'>IV,</span> <span class='ocrx_word' id='word_1_308' title='bbox 1232 1674 1270 1711; x_wconf 82' lang='lat'>3.</span> 
     </span>
    </p>
   </div>
   <div class='ocr_carea' id='block_1_15' title="bbox 1067 1777 1728 2271">
    <p class='ocr_par' dir='ltr' id='par_1_18' title="bbox 1067 1777 1728 2271">
     <span class='ocr_line' id='line_1_66' title="bbox 1127 1777 1727 1832; baseline 0 -12"><span class='ocrx_word' id='word_1_309' title='bbox 1127 1783 1207 1820; x_wconf 79' lang='grc' dir='ltr'>τῶν</span> <span class='ocrx_word' id='word_1_310' title='bbox 1228 1780 1408 1832; x_wconf 82' lang='grc' dir='ltr'><em>σφαγίων</em></span> <span class='ocrx_word' id='word_1_311' title='bbox 1418 1777 1469 1821; x_wconf 86' lang='grc' dir='ltr'>ου’</span> <span class='ocrx_word' id='word_1_312' title='bbox 1486 1779 1727 1832; x_wconf 79' lang='grc' dir='ltr'><em>γινομένων]</em></span> 
     </span>
     <span class='ocr_line' id='line_1_67' title="bbox 1069 1836 1727 1876; baseline 0 -2"><span class='ocrx_word' id='word_1_313' title='bbox 1069 1838 1127 1874; x_wconf 90' lang='lat' dir='ltr'>De</span> <span class='ocrx_word' id='word_1_314' title='bbox 1149 1836 1219 1873; x_wconf 89' lang='lat' dir='ltr'>hac</span> <span class='ocrx_word' id='word_1_315' title='bbox 1247 1838 1438 1874; x_wconf 85' lang='lat' dir='ltr'>locutione</span> <span class='ocrx_word' id='word_1_316' title='bbox 1467 1836 1541 1876; x_wconf 82' lang='lat' dir='ltr'>vid.</span> <span class='ocrx_word' id='word_1_317' title='bbox 1562 1845 1658 1874; x_wconf 84' lang='lat' dir='ltr'>nott.</span> <span class='ocrx_word' id='word_1_318' title='bbox 1680 1837 1727 1874; x_wconf 90' lang='lat' dir='ltr'>ad</span> 
     </span>
     <span class='ocr_line' id='line_1_68' title="bbox 1071 1893 1728 1946; baseline 0 -15"><span class='ocrx_word' id='word_1_319' title='bbox 1071 1895 1160 1942; x_wconf 79' lang='lat' dir='ltr'>vll,</span> <span class='ocrx_word' id='word_1_320' title='bbox 1186 1893 1275 1933; x_wconf 77' lang='lat'>134.</span> <span class='ocrx_word' id='word_1_321' title='bbox 1306 1895 1374 1941; x_wconf 82' lang='lat' dir='ltr'>IX,</span> <span class='ocrx_word' id='word_1_322' title='bbox 1402 1896 1466 1933; x_wconf 78' lang='lat'>62.</span> <span class='ocrx_word' id='word_1_323' title='bbox 1496 1895 1627 1946; x_wconf 87' lang='lat' dir='ltr'>Itaque</span> <span class='ocrx_word' id='word_1_324' title='bbox 1646 1895 1728 1931; x_wconf 86' lang='lat' dir='ltr'>iure</span> 
     </span>
     <span class='ocr_line' id='line_1_69' title="bbox 1070 1948 1725 2001; baseline 0.006 -16"><span class='ocrx_word' id='word_1_325' title='bbox 1070 1951 1227 1996; x_wconf 83' lang='lat' dir='ltr'>mireris,</span> <span class='ocrx_word' id='word_1_326' title='bbox 1254 1948 1356 1985; x_wconf 89' lang='lat' dir='ltr'>unde</span> <span class='ocrx_word' id='word_1_327' title='bbox 1376 1962 1513 1986; x_wconf 79' lang='lat' dir='ltr'>vocem</span> <span class='ocrx_word' id='word_1_328' title='bbox 1534 1953 1725 2001; x_wconf 75' lang='grc' dir='ltr'><em>χρηστῶν,</em></span> 
     </span>
     <span class='ocr_line' id='line_1_70' title="bbox 1070 2005 1725 2057; baseline 0.002 -14"><span class='ocrx_word' id='word_1_329' title='bbox 1070 2020 1144 2057; x_wconf 87' lang='lat' dir='ltr'>qua</span> <span class='ocrx_word' id='word_1_330' title='bbox 1165 2005 1226 2041; x_wconf 90' lang='lat' dir='ltr'>hic</span> <span class='ocrx_word' id='word_1_331' title='bbox 1257 2008 1399 2056; x_wconf 86' lang='lat' dir='ltr'>optime</span> <span class='ocrx_word' id='word_1_332' title='bbox 1428 2007 1568 2043; x_wconf 84' lang='lat' dir='ltr'>carebit</span> <span class='ocrx_word' id='word_1_333' title='bbox 1596 2009 1725 2055; x_wconf 86' lang='lat' dir='ltr'>oratio,</span> 
     </span>
     <span class='ocr_line' id='line_1_71' title="bbox 1069 2063 1724 2113; baseline 0.002 -14"><span class='ocrx_word' id='word_1_334' title='bbox 1069 2064 1140 2099; x_wconf 86' lang='lat' dir='ltr'>arri</span> <span class='ocrx_word' id='word_1_335' title='bbox 1146 2063 1269 2112; x_wconf 88' lang='lat' dir='ltr'>puerit</span> <span class='ocrx_word' id='word_1_336' title='bbox 1280 2063 1430 2099; x_wconf 87' lang='lat' dir='ltr'>Galeus.</span> <span class='ocrx_word' id='word_1_337' title='bbox 1441 2064 1724 2113; x_wconf 73' lang='lat' dir='ltr'>CitantTaylor.</span> 
     </span>
     <span class='ocr_line' id='line_1_72' title="bbox 1070 2117 1722 2168; baseline 0.002 -13"><span class='ocrx_word' id='word_1_338' title='bbox 1070 2119 1118 2156; x_wconf 90' lang='lat' dir='ltr'>ad</span> <span class='ocrx_word' id='word_1_339' title='bbox 1138 2120 1292 2168; x_wconf 81' lang='lat' dir='ltr'>Lysiam</span> <span class='ocrx_word' id='word_1_340' title='bbox 1339 2133 1376 2168; x_wconf 87' lang='lat' dir='ltr'>p.</span> <span class='ocrx_word' id='word_1_341' title='bbox 1399 2121 1450 2157; x_wconf 80' lang='lat'>33</span> <span class='ocrx_word' id='word_1_342' title='bbox 1470 2131 1499 2154; x_wconf 78' lang='lat' dir='ltr'>s,</span> <span class='ocrx_word' id='word_1_343' title='bbox 1520 2121 1572 2158; x_wconf 79' lang='lat'>62</span> <span class='ocrx_word' id='word_1_344' title='bbox 1594 2117 1722 2156; x_wconf 87' lang='lat' dir='ltr'>Reisk.</span> 
     </span>
     <span class='ocr_line' id='line_1_73' title="bbox 1067 2173 1720 2224; baseline -0.002 -12"><span class='ocrx_word' id='word_1_345' title='bbox 1067 2177 1125 2212; x_wconf 87' lang='lat' dir='ltr'>De</span> <span class='ocrx_word' id='word_1_346' title='bbox 1145 2176 1282 2212; x_wconf 83' lang='lat' dir='ltr'>Heraeo</span> <span class='ocrx_word' id='word_1_347' title='bbox 1307 2173 1381 2210; x_wconf 80' lang='lat' dir='ltr'>vid.</span> <span class='ocrx_word' id='word_1_348' title='bbox 1403 2174 1458 2209; x_wconf 88' lang='lat' dir='ltr'>IX</span> <span class='ocrx_word' id='word_1_349' title='bbox 1473 2203 1482 2219; x_wconf 90' lang='lat'>,</span> <span class='ocrx_word' id='word_1_350' title='bbox 1518 2173 1571 2214; x_wconf 76' lang='lat'>52</span> <span class='ocrx_word' id='word_1_351' title='bbox 1592 2182 1627 2210; x_wconf 87' lang='lat' dir='ltr'>et</span> <span class='ocrx_word' id='word_1_352' title='bbox 1650 2187 1720 2224; x_wconf 87' lang='lat' dir='ltr'>po-</span> 
     </span>
     <span class='ocr_line' id='line_1_74' title="bbox 1067 2229 1718 2271; baseline -0.002 -3"><span class='ocrx_word' id='word_1_353' title='bbox 1067 2233 1253 2270; x_wconf 85' lang='lat' dir='ltr'>tissimum</span> <span class='ocrx_word' id='word_1_354' title='bbox 1271 2231 1373 2266; x_wconf 88' lang='lat' dir='ltr'>Plut.</span> <span class='ocrx_word' id='word_1_355' title='bbox 1393 2229 1544 2270; x_wconf 84' lang='lat' dir='ltr'>Aristid.</span> <span class='ocrx_word' id='word_1_356' title='bbox 1569 2233 1620 2271; x_wconf 84' lang='lat'>18</span> <span class='ocrx_word' id='word_1_357' title='bbox 1639 2232 1718 2268; x_wconf 85' lang='lat' dir='ltr'>init.</span> 
     </span>
    </p>
   </div>
   <div class='ocr_carea' id='block_1_16' title="bbox 1271 2320 1512 2371">
    <p class='ocr_par' dir='ltr' id='par_1_19' title="bbox 1271 2320 1512 2371">
     <span class='ocr_line' id='line_1_75' title="bbox 1271 2320 1512 2371; baseline -0.004 -14"><span class='ocrx_word' id='word_1_358' title='bbox 1271 2320 1363 2371; x_wconf 76' lang='lat' dir='ltr'>Gap.</span> <span class='ocrx_word' id='word_1_359' title='bbox 1392 2321 1512 2357; x_wconf 58' lang='grc' dir='ltr'>[ΧΠ.</span> 
     </span>
    </p>
   </div>
   <div class='ocr_carea' id='block_1_17' title="bbox 1062 2395 1715 2734">
    <p class='ocr_par' dir='ltr' id='par_1_20' title="bbox 1062 2395 1715 2734">
     <span class='ocr_line' id='line_1_76' title="bbox 1121 2395 1715 2450; baseline 0 -12"><span class='ocrx_word' id='word_1_360' title='bbox 1121 2396 1481 2449; x_wconf 73' lang='grc' dir='ltr'><em>προεξαναστάντες</em></span> <span class='ocrx_word' id='word_1_361' title='bbox 1513 2395 1715 2450; x_wconf 86' lang='grc' dir='ltr'><em>πρότεροι]</em></span> 
     </span>
     <span class='ocr_line' id='line_1_77' title="bbox 1064 2452 1714 2504; baseline 0 -12"><span class='ocrx_word' id='word_1_362' title='bbox 1064 2457 1108 2492; x_wconf 88' lang='lat' dir='ltr'>In</span> <span class='ocrx_word' id='word_1_363' title='bbox 1128 2457 1206 2493; x_wconf 89' lang='lat' dir='ltr'>aliis</span> <span class='ocrx_word' id='word_1_364' title='bbox 1227 2455 1341 2493; x_wconf 90' lang='lat' dir='ltr'>codd.</span> <span class='ocrx_word' id='word_1_365' title='bbox 1362 2463 1481 2493; x_wconf 84' lang='lat' dir='ltr'>exstat</span> <span class='ocrx_word' id='word_1_366' title='bbox 1502 2452 1714 2504; x_wconf 71' lang='grc' dir='ltr'><em>πρότερυντ</em></span> 
     </span>
     <span class='ocr_line' id='line_1_78' title="bbox 1065 2511 1714 2564; baseline 0 -15"><span class='ocrx_word' id='word_1_367' title='bbox 1065 2511 1112 2549; x_wconf 77' lang='lat' dir='ltr'>de</span> <span class='ocrx_word' id='word_1_368' title='bbox 1134 2526 1210 2564; x_wconf 83' lang='lat' dir='ltr'>quo</span> <span class='ocrx_word' id='word_1_369' title='bbox 1241 2513 1401 2549; x_wconf 84' lang='lat' dir='ltr'>conferri</span> <span class='ocrx_word' id='word_1_370' title='bbox 1431 2513 1561 2550; x_wconf 84' lang='lat' dir='ltr'>volunt</span> <span class='ocrx_word' id='word_1_371' title='bbox 1588 2513 1714 2549; x_wconf 76' lang='lat' dir='ltr'>navis.</span> 
     </span>
     <span class='ocr_line' id='line_1_79' title="bbox 1063 2568 1712 2620; baseline 0 -15"><span class='ocrx_word' id='word_1_372' title='bbox 1063 2568 1110 2605; x_wconf 93' lang='lat' dir='ltr'>ad</span> <span class='ocrx_word' id='word_1_373' title='bbox 1132 2570 1291 2605; x_wconf 81' lang='lat' dir='ltr'>Maxim.</span> <span class='ocrx_word' id='word_1_374' title='bbox 1317 2570 1375 2620; x_wconf 68' lang='lat' dir='ltr'>Ty</span> <span class='ocrx_word' id='word_1_375' title='bbox 1385 2582 1410 2606; x_wconf 90' lang='lat' dir='ltr'>r.</span> <span class='ocrx_word' id='word_1_376' title='bbox 1440 2581 1524 2619; x_wconf 87' lang='lat' dir='ltr'>pag.</span> <span class='ocrx_word' id='word_1_377' title='bbox 1546 2568 1638 2608; x_wconf 85' lang='lat'>507.</span> <span class='ocrx_word' id='word_1_378' title='bbox 1660 2590 1712 2594; x_wconf 93' lang='lat'>—</span> 
     </span>
     <span class='ocr_line' id='line_1_80' title="bbox 1062 2623 1712 2677; baseline -0.002 -15"><span class='ocrx_word' id='word_1_379' title='bbox 1062 2625 1123 2662; x_wconf 89' lang='lat' dir='ltr'>Ad</span> <span class='ocrx_word' id='word_1_380' title='bbox 1139 2628 1263 2677; x_wconf 84' lang='lat' dir='ltr'>ipsum</span> <span class='ocrx_word' id='word_1_381' title='bbox 1279 2623 1458 2677; x_wconf 84' lang='lat' dir='ltr'>loquendi</span> <span class='ocrx_word' id='word_1_382' title='bbox 1477 2637 1594 2674; x_wconf 88' lang='lat' dir='ltr'>genus</span> <span class='ocrx_word' id='word_1_383' title='bbox 1614 2625 1712 2661; x_wconf 85' lang='lat' dir='ltr'>conf.</span> 
     </span>
     <span class='ocr_line' id='line_1_81' title="bbox 1064 2679 1710 2734; baseline -0.006 -15"><span class='ocrx_word' id='word_1_384' title='bbox 1064 2695 1161 2734; x_wconf 81' lang='lat' dir='ltr'>quae</span> <span class='ocrx_word' id='word_1_385' title='bbox 1181 2683 1317 2719; x_wconf 87' lang='lat' dir='ltr'>similia</span> <span class='ocrx_word' id='word_1_386' title='bbox 1337 2682 1445 2717; x_wconf 79' lang='lat' dir='ltr'>allata</span> <span class='ocrx_word' id='word_1_387' title='bbox 1470 2687 1557 2717; x_wconf 81' lang='lat' dir='ltr'>sunt</span> <span class='ocrx_word' id='word_1_388' title='bbox 1577 2679 1623 2716; x_wconf 91' lang='lat' dir='ltr'>ad</span> <span class='ocrx_word' id='word_1_389' title='bbox 1644 2681 1710 2727; x_wconf 78' lang='lat'><em>111,</em></span> 
     </span>
    </p>
   </div>
   <div class='ocr_carea' id='block_1_18' title="bbox 1066 2734 1713 2789">
    <p class='ocr_par' dir='ltr' id='par_1_21' title="bbox 1066 2734 1713 2789">
     <span class='ocr_line' id='line_1_82' title="bbox 1066 2734 1713 2789; baseline -0.005 -10"><span class='ocrx_word' id='word_1_390' title='bbox 1066 2741 1129 2779; x_wconf 84' lang='lat'>16.</span> <span class='ocrx_word' id='word_1_391' title='bbox 1151 2760 1206 2768; x_wconf 92' lang='lat'>—</span> <span class='ocrx_word' id='word_1_392' title='bbox 1224 2740 1268 2776; x_wconf 90' lang='lat' dir='ltr'>Iu</span> <span class='ocrx_word' id='word_1_393' title='bbox 1290 2739 1409 2777; x_wconf 82' lang='lat' dir='ltr'>verbis</span> <span class='ocrx_word' id='word_1_394' title='bbox 1429 2749 1558 2789; x_wconf 87' lang='lat' dir='ltr'>seqq.:</span> <span class='ocrx_word' id='word_1_395' title='bbox 1591 2735 1646 2788; x_wconf 60' lang='grc' dir='ltr'>αἱς</span> <span class='ocrx_word' id='word_1_396' title='bbox 1671 2734 1713 2776; x_wconf 76' lang='grc' dir='ltr'>ὸὲ</span> 
     </span>
    </p>
   </div>
  </div>
 </body>
</html>
