1879 3222
406 162 491 202 27⁰

803 162 1256 202 HERODOTI

404 270 592 326 ,,με’νους
624 269 987 327 διαπρήσσεσθαι,
1026 275 1255 324 ποιεῦντας
1277 273 1398 318 τάδε·
1437 274 1544 330 ἔχειν
1574 275 1658 332 γὰρ

406 337 596 393 »χρυσόν
623 338 787 382 πολλὸν
811 338 890 394 μὲν
917 339 1146 395 ἐπίσημον,
1184 342 1346 385 πολλόν
1376 343 1422 386 δὲ
1459 343 1532 387 καὶ
1560 343 1660 400 ἄση.

407 421 542 461 ,,μον,
581 404 748 450 πολλόν
791 405 838 449 δὲ
874 408 946 451 καὶ
981 406 1177 463 ἄργυρόν
1214 426 1258 453 τε
1294 411 1368 454 καὶ
1405 410 1715 466 έκπώματα·35

409 472 605 525 ,,τούτων
642 473 925 529 φειδομένους
954 475 1158 531 μηδενὸς,
1193 478 1443 533 διαπέμπειν
1480 479 1523 529 ἐς
1555 479 1661 531 τούς

406 540 662 598 ,ξΈλληνας,
693 540 908 598 Ἑλλήνων
936 543 982 586 δὲ
1010 542 1194 597 μάλιστα
1227 545 1269 594 ἐς
1296 546 1400 596 τούς
1424 551 1662 600 προεστεῶ-

405 625 510 660 ,,τας
539 609 586 652 ἐν
614 613 712 667 τῇσι
739 609 909 654 πόλισι·
939 610 1010 653 καὶ
1037 611 1194 665 ταχέως
1222 611 1358 665 σφέας
1384 614 1662 668 παραδώσειν

407 676 513 732 ,,τὴν
526 677 788 734 ἐλευθερίην,
808 678 914 733 μηδὲ
927 676 1285 720 ἀνακινδυνεύειν
1298 680 1662 735 συμβάλλοντας.“

376 746 399 784 4
414 743 584 788 Τούτου
612 746 691 800 μέν
709 763 793 789 νυν
822 746 849 801 ἡ
872 744 978 800 αὐτὴ
995 745 1156 799 ἐγίνετο
1176 746 1249 788 καὶ
1269 749 1470 802 Θηβαίων
1497 751 1657 806 γνώμη,
1673 754 1718 791 40

407 809 465 862 ὥς
494 812 746 866 προειδότος
774 816 909 855 πλεῦν
937 829 978 855 τι
1007 813 1080 856 καὶ
1099 812 1273 856 τούτου.

1332 817 1599 867 Μαρδονίου
1617 818 1663 861 δὲ

407 880 658 937 ἰσχυροτέρη
686 897 729 924 τε
756 880 828 924 καὶ
846 878 1216 938 ἀγνωμονεστέρη,
1247 882 1320 924 καὶ
1345 881 1546 939 οὐδαμῶς
1565 895 1663 939 συγ-

348 1079 417 1116 per
428 1063 530 1103 dedit
541 1067 693 1102 Reuter.
707 1061 753 1100 ad
760 1060 1008 1101 Demosthen.

346 1120 514 1173 Philipp.
535 1125 553 1159 I
575 1124 611 1168 §.
634 1123 683 1160 31
707 1121 873 1170 pag.62.
897 1119 1008 1166 Quod

345 1179 460 1229 paulo
481 1179 577 1215 iufra
605 1177 742 1227 legitur
774 1175 1008 1227 διαπέμπειν

346 1241 422 1271 est:
441 1235 614 1272 dimittere
629 1236 668 1271 iu
684 1233 804 1270 varias
824 1235 904 1274 scil.
918 1246 1008 1283 par-

345 1297 416 1328 tes.
503 1292 605 1336 Quos
644 1288 708 1326 hic
754 1297 866 1326 vocat
913 1286 1008 1336 τούς

344 1350 636 1398 προεστεῶτας,
669 1359 732 1383 eos
760 1347 835 1392 IX,
862 1348 889 1386 2
918 1345 1008 1383 dicit

345 1400 441 1451 τούς
460 1400 788 1449 δυναστεύοντας.

404 1458 434 1511 ἦ
462 1455 565 1511 αὕτη
588 1460 736 1513 ἐγίνετο
762 1456 830 1498 καὶ
854 1458 1009 1510 Θηβαί-

348 1531 405 1555 ων
428 1513 582 1568 γνώμη]
614 1518 715 1553 Olim
740 1513 912 1568 ἐγένετο,
944 1516 1007 1551 in-

345 1573 430 1609 vitis
452 1573 563 1610 codd.
611 1575 668 1609 De
688 1579 913 1622 argumento
933 1572 1009 1608 loci.

347 1629 400 1665 sic
429 1628 801 1676 lVesselz'ngius:
833 1628 937 1674 „Adi
958 1626 1006 1664 ad

346 1685 426 1731 IX,
456 1687 498 1724 2.
546 1686 661 1721 Putes
691 1697 739 1719 ex
765 1682 1007 1733 praecedenti

347 1741 622 1777 consultatione
643 1747 681 1776 et
702 1740 882 1776 Artabazi
902 1740 1006 1784 (lau-

348 1795 530 1833 datissimi
558 1798 629 1835 viri
654 1797 739 1833 Lib.
760 1797 869 1843 VIII,
910 1796 1005 1843 121)

347 1854 554 1900 sententia,
601 1853 762 1889 uberem
801 1853 878 1888 iam
923 1858 1008 1888 tum

347 1909 587 1960 proditorum
602 1910 640 1945 in
658 1909 838 1946 Graeciae
852 1908 1008 1945 urbibus

346 1967 550 2016 pullulasse
570 1972 819 2016 proventum:
843 1966 908 2017 qui
921 1965 1009 2016 qui-

348 2021 439 2059 dem
467 2024 651 2060 succrevit
682 2022 883 2059 laetissime
912 2020 1009 2057 Phi-

346 2079 440 2129 lippi
483 2077 704 2116 Macedonis
751 2091 865 2126 aevo,
914 2084 1008 2114 teste

346 2134 596 2172 Demosthen.
637 2148 706 2187 pro
747 2135 888 2173 Coron.
915 2147 1004 2185 pag.

349 2191 429 2232 145
471 2191 576 2243 [pag.
607 2191 715 2240 245,
758 2194 808 2231 16
844 2190 1004 2241 Reisk.]‚

347 2249 413 2284 ubi
433 2256 558 2285 orator
577 2261 654 2285 nou
676 2247 869 2296 diffitetur,
890 2261 1003 2298 supe-

347 2305 447 2341 riore
487 2305 673 2342 memoria
720 2303 824 2341 haud
866 2316 1006 2354 paucos

349 2361 474 2400 fuisse.
534 2362 633 2407 Quin
654 2360 848 2398 Herodoto
867 2360 1007 2397 horum

351 2417 493 2470 aliquid
528 2419 753 2463 suboluerit,
797 2415 900 2454 haud
934 2430 1009 2453 ne-

351 2476 560 2522 gaverim.“
618 2476 674 2512 Ac
694 2487 784 2512 sane
802 2475 917 2512 verba
937 2472 1008 2510 ad—

351 2530 448 2566 iecta
468 2532 542 2567 tale
563 2530 654 2583 quid
685 2530 851 2568 indicare
871 2530 1007 2567 viden-

349 2591 433 2622 tur:
474 2585 528 2633 ὥς
554 2584 785 2639 προειδότος
814 2589 938 2627 πλεῦν
968 2600 1007 2626 τι

350 2639 419 2680 καὶ
442 2639 584 2681 τούτου
619 2646 642 2681 i.
665 2658 698 2681 e.
719 2648 758 2681 ut
787 2646 849 2694 qui
875 2644 1006 2692 (Arta-

351 2697 484 2745 bazus)
523 2701 627 2736 eliam
654 2701 804 2749 amplius
835 2701 919 2750 quid
945 2700 1007 2738 illo

349 2753 585 2805 (Mardonio)
630 2756 856 2805 praeviderat
894 2770 923 2797 ε.
963 2764 1005 2794 ut

1061 1063 1127 1115 qui
1166 1062 1309 1100 maiora
1347 1061 1442 1100 adeo
1492 1077 1609 1116 quam
1654 1066 1718 1102 ille

1061 1119 1297 1170 praeviderat
1324 1128 1452 1156 mente
1473 1129 1586 1173 atque
1606 1134 1718 1172 prae-

1061 1178 1240 1224 sciverat3
1256 1183 1296 1213 ut
1311 1189 1519 1228 sanequam
1531 1179 1594 1214 ille
1610 1191 1718 1215 com-

1062 1234 1249 1270 mercium
1296 1233 1490 1284 quoddam
1546 1233 1718 1272 habuisse

1062 1289 1236 1327 videatur
1265 1303 1354 1326 cum
1386 1291 1538 1327 Graecis
1561 1292 1717 1342 quibus—

1063 1345 1176 1394 dam,
1209 1347 1273 1398 qui
1306 1348 1344 1382 iu
1374 1347 1530 1396 singulis
1557 1348 1717 1384 civitati-

1063 1403 1134 1440 bus
1171 1404 1337 1439 multum
1376 1404 1577 1454 pollentes,
1620 1405 1719 1441 clam

1063 1473 1154 1496 cum
1185 1461 1301 1496 Persa
1327 1466 1587 1509 transegerant
1619 1461 1721 1498 eius-

1064 1529 1138 1569 que
1160 1523 1282 1566 partes
1299 1517 1468 1567 amplexi
1496 1523 1618 1554 erant.

1120 1570 1347 1623 ἰσχυροτέρη
1377 1587 1418 1611 τε
1441 1571 1506 1611 καὶ
1535 1568 1719 1625 α’γνωμο-

1062 1628 1245 1677 νεστέρη,
1276 1627 1343 1666 καὶ
1365 1625 1553 1678 ου’δαμῶς
1585 1640 1717 1680 συγγι-

1061 1682 1310 1733 νωσκομένη]
1333 1681 1470 1735 γνώμη
1491 1683 1718 1735 ἰσχυροτέρη

1063 1738 1198 1776 dicitur
1228 1742 1345 1776 acrior
1381 1742 1586 1788 sententia,
1625 1753 1718 1789 gra-

1062 1798 1157 1844 vior,
1186 1796 1335 1842 utV11‚
1359 1799 1438 1836 102
1468 1793 1626 1847 ἰσχυρὸς
1652 1792 1718 1836 νό-

1064 1867 1137 1903 μος
1158 1859 1194 1888 et
1213 1851 1285 1899 IV,
1321 1852 1400 1892 205
1427 1852 1581 1904 ἰσχυραὶ
1597 1867 1718 1903 τιμω-

1063 1909 1146 1961 ρίαι
1166 1909 1252 1945 coll.
1271 1909 1310 1955 Ι,
1331 1907 1404 1953 74;
1427 1904 1719 1960 ἀγνωμονεστέ-

1065 1979 1114 2016 ρη
1144 1972 1198 2002 est
1218 1966 1469 2013 arrogantior,
1491 1965 1656 2014 ferocior,
1677 1972 1718 2002 ut

1064 2019 1447 2071 Schweighaeuserus
1492 2022 1719 2072 iuterpreta-

1064 2085 1143 2126 tur3
1164 2085 1207 2115 tu
1227 2077 1328 2115 conf.
1351 2076 1397 2114 de
1416 2079 1572 2114 nomine
1593 2074 1716 2130 α’γνω-

1065 2130 1242 2186 μοσύνης
1265 2140 1358 2170 nott.
1391 2132 1438 2170 ad
1458 2135 1537 2183 ΙΧ,
1567 2132 1605 2173 4.
1635 2135 1715 2179 Vll,

1060 2193 1085 2232 9
1107 2193 1144 2237 ξ.
1166 2194 1204 2231 2.
1228 2185 1414 2240 ου’δαμῶς
1450 2202 1716 2242 συγγινωσκο-

1061 2246 1159 2299 μένη
1191 2246 1326 2283 dicitur
1360 2249 1543 2283 sententia
1581 2249 1718 2284 minime

1060 2305 1257 2341 conveniens
1277 2316 1352 2340 cum
1371 2303 1474 2350 aliis,
1503 2305 1641 2341 minime
1661 2317 1714 2341 ce-

1060 2360 1167 2396 dens:
1205 2360 1252 2396 de
1281 2372 1356 2411 quo
1394 2360 1495 2397 conf.
1535 2353 1630 2397 nott.
1667 2359 1716 2397 ad

1060 2417 1153 2463 VH,
1199 2419 1266 2462 123
1295 2417 1361 2453 etsi
1389 2415 1461 2453 hoc
1489 2415 1715 2468 displicuisse

1061 2473 1172 2510 video
1194 2474 1291 2510 Gail.
1320 2475 1392 2521 (Le
1412 2472 1543 2523 philol.
1571 2473 1603 2510 V
1626 2484 1712 2522 pag.

1062 2531 1186 2578 253),
1223 2530 1287 2580 qui
1315 2530 1458 2580 reliqua
1486 2529 1538 2566 sic
1572 2529 1713 2564 Gallice

1061 2585 1255 2624 reddenda
1301 2593 1430 2636 putat:
1480 2588 1556 2633 trop
1581 2583 1712 2634 ferme,

1061 2647 1137 2693 trop
1164 2644 1369 2692 mergique,
1402 2645 1477 2691 trop
1513 2652 1582 2689 peu
1608 2642 1713 2690 re'fle'-

1061 2700 1129 2738 clu‘.
1147 2721 1203 2728 —
1232 2701 1335 2744 Quae
1355 2696 1455 2747 apud
1475 2695 1710 2733 Herodotum

1060 2762 1270 2809 sequuntur
1305 2754 1442 2793 verba:
1480 2751 1631 2793 δοκέειν
1671 2767 1712 2793 τε
