1879 3222
232 185 316 225 552

235 293 329 332 Pisa,
353 301 432 333 opp.
454 288 580 332 Elidis,
602 289 649 331 11,
671 289 694 324 7
718 293 789 326 not.

237 340 425 374 Piscatores
447 335 646 380 Tirynthii,
677 335 761 377 Vll,
783 334 851 369 137
877 337 947 370 not.

238 385 347 419 Pisces
368 382 533 448 ffregales
564 381 599 414 in
632 381 763 426 stagnis
787 381 950 425 Aegypti,

281 427 336 468 ll,
368 427 413 461 ³3
435 432 505 461 not.
535 427 706 470 lepidotus
736 431 769 462 et
792 428 949 472 anguilla

281 473 393 516 pisces
411 473 502 506 sacri
535 473 626 516 apud
652 474 780 517 Syros,
814 473 850 515 Ι,
882 472 951 506 200

282 522 352 552 not.
377 529 433 562 ap.
458 519 667 563 Aegyptios,
693 519 747 561 11,
769 518 825 552 72.
849 517 951 562 pisci-

282 564 347 597 bus
371 563 462 596 vesci
498 566 594 598 nefas
617 566 765 609 Aegypt.
791 565 951 598 sacerdo-

283 610 388 650 tibus,
411 609 456 651 11,
479 609 524 643 37
544 614 612 643 not.
637 612 717 644 coll.
742 610 787 651 11,
810 610 856 644 77
879 613 951 645 not.

284 666 452 698 papraces
486 660 520 689 et
542 656 663 689 tilonea
686 656 782 699 equis
805 668 867 699 pro
891 666 951 699 pa-

283 701 366 733 bulo
382 701 545 743 praebent
564 703 727 745 Paeones,
751 703 792 746 V,
818 701 862 735 16
883 705 951 734 not.

286 746 331 780 T.
358 746 406 779 111
431 759 465 790 p.
493 747 572 780 812.

240 791 463 834 Ρίεῐειναίιιε,
487 792 641 827 Nestoris
662 793 734 833 fik,
757 792 801 830 V,
824 789 882 824 65.

241 837 467 880 Pisistratus,
501 838 725 882 Hippocratis
758 837 828 877 fit,
872 844 953 869 cum

283 884 446 927 Megacle
486 888 520 917 et
551 885 714 927 Lycurgo
747 881 954 916 factionibus

285 929 442 968 dissidet3
466 929 609 962 Athenis
622 928 760 968 eiectus,
783 939 862 960 cum
878 927 953 960 Me-

284 975 383 1018 gacle
407 974 578 1017 paciscens
608 974 697 1007 miro
721 974 823 1006 modo
852 973 954 1006 redu—

285 1019 395 1060 citur,
428 1021 462 1060 1,
494 1018 551 1053 59.
575 1020 632 1053 60.
666 1020 791 1053 iterum
816 1019 954 1059 eiectus,

284 1064 396 1098 denuo
433 1065 645 1099 Achivorum
676 1065 814 1098 auxiliis
848 1065 955 1097 Athe-

285 1111 337 1144 nis
361 1110 489 1153 potitur
520 1115 553 1145 et
583 1111 800 1155 tyrannidem
828 1111 956 1151 firmat,

286 1167 316 1190 c.
339 1156 501 1190 61—63.
549 1157 683 1191 Naxum
716 1157 779 1190 ins.
812 1156 956 1200 subigit,

285 1206 319 1235 et
336 1202 458 1235 Delum
482 1202 608 1245 expiat,
632 1215 660 1235 c.
685 1201 739 1237 64.
766 1202 955 1242 Cimonem,

285 1248 454 1281 Miltiadis
477 1252 630 1291 patrem,
658 1248 800 1282 Athenis
825 1248 859 1281 in
882 1247 956 1281 exi-

286 1294 373 1326 lium
399 1294 517 1336 pellit,
552 1300 587 1328 at
620 1294 664 1326 ob
699 1294 881 1327 victoriam
906 1293 956 1326 O-

288 1340 481 1383 lympicam
514 1339 580 1373 sibi
610 1351 807 1373 concessam
839 1340 873 1372 in
895 1350 956 1383 pa-

288 1385 393 1418 triam
417 1385 586 1428 restituit,
619 1386 688 1428 vl,
717 1385 794 1420 103.
829 1386 872 1418 cf.
898 1386 956 1427 vl,

289 1429 345 1465 35..
374 1451 413 1456 —
437 1431 574 1474 generis
598 1432 720 1475 origo,
755 1432 794 1472 V,
820 1431 866 1465 65
886 1435 955 1465 not.

288 1476 461 1510 Pisistrati
485 1481 630 1521 tempus,
655 1478 682 1519 1,
705 1476 751 1511 59
773 1482 843 1511 not.
875 1478 918 1512 T.
942 1477 958 1510 Ι

289 1533 322 1565 p.
345 1522 425 1556 927.
447 1542 490 1547 -
512 1523 552 1564 V,
575 1523 620 1556 65
647 1527 716 1557 not.
727 1524 762 1567 *)
786 1522 958 1557 Pisistrati

290 1569 497 1610 eloquentia,
520 1569 548 1609 1,
574 1569 618 1602 59
643 1574 712 1604 not.

249 1614 490 1647 Pisistratidae
513 1615 654 1648 Athenis
678 1614 798 1655 eiecti,
824 1615 868 1655 V,
900 1613 959 1648 63.

290 1658 335 1692 65
359 1663 427 1692 not.
450 1670 542 1702 seqq.
575 1661 619 1694 ct'.
645 1672 674 1692 c.
697 1659 743 1692 90
767 1670 860 1702 seqq.
899 1660 959 1691 Pi-

290 1704 495 1744 sistratidae,
520 1705 578 1745 qni
600 1710 764 1738 vocentur
787 1707 830 1737 ab
845 1705 960 1737 Hero-

293 1750 385 1789 doto,
412 1749 498 1789 vill,
523 1748 569 1782 52
593 1755 663 1783 not.

248 1796 395 1828 Pistor-es
418 1794 599 1837 dulciarii,
623 1795 706 1836 vll,
729 1794 786 1828 31.
811 1793 959 1837 pistricis

291 1839 410 1918 {kmi
440 1840 575 1885 effigies
607 1851 714 1874 aurea
736 1840 900 1884 Delphis,
930 1841 957 1881 Ι,

319 1886 336 1918 l
360 1889 430 1918 not.

249 1931 416 1974 Pistyrus,
433 1929 608 1964 Thraciae
625 1942 725 1974 opp.3
743 1931 785 1964 ad
800 1931 890 1973 qnod
904 1931 959 1964 la-

292 1989 352 2009 cus
368 1977 476 2010 salsus
492 1982 525 2010 et
541 1977 701 2019 piscosus,
717 1978 789 2018 Vll,
807 1976 874 2010 109
891 1980 960 2010 not.

250 2023 391 2063 Pitana,
415 2033 494 2065 opp.
517 2023 629 2064 Aeol„
654 2022 682 2063 Ι,
708 2022 775 2056 149
800 2028 868 2055 not.

253 2068 393 2108 Pitane,
424 2068 533 2101 tribus
558 2069 670 2101 Lacon
688 2093 697 2109 ‚
719 2069 788 2110 Ill,
822 2066 867 2102 55
892 2070 961 2101 not.

292 2113 529 2147 Pitanetarum
552 2115 727 2157 manipulo
749 2114 901 2157 praefuit
916 2115 962 2147 A·

292 2160 572 2203 rnompharetus‚
599 2159 670 2201 lx,
693 2160 738 2194 53
758 2164 827 2194 not.

251 2205 407 2239 Pittacus
434 2205 662 2249 Mitylenaeus
683 2206 808 2239 callido
833 2204 962 2238 monito

293 2251 458 2284 Croesum
482 2251 629 2284 deterret
666 2263 688 2285 a
710 2253 802 2286 bello
825 2251 964 2286 Ionibus

295 2295 461 2329 insulanis
486 2296 682 2340 inferendo,
706 2298 745 2340 Ι,
768 2297 824 2331 27.

255 2342 405 2375 pituitae
428 2343 540 2375 ssnxus
563 2343 754 2378 remedium
775 2354 831 2388 ap.
854 2344 963 2389 Liby-

298 2399 346 2429 es,
370 2387 432 2430 lv,
457 2387 537 2422 187.

760 181 788 221 Ι.
817 180 978 218 INDEX
1007 181 1197 221 RERUM.

1002 289 1068 324 Pix-
1104 289 1245 329 Pien’a5
1287 288 1345 333 pix
1385 299 1406 322 e
1436 288 1515 323 lacu
1547 289 1716 334 Cyl-aunis

1047 337 1111 370 ins.
1137 342 1171 370 et
1193 334 1363 380 Zacynthi
1386 335 1540 378 collecta,
1566 336 1626 378 lv,
1649 334 1716 372 195

1050 386 1123 416 not.

1006 427 1196 461 Pixodarus
1220 425 1440 469 cincinnate,
1473 426 1619 460 Caribus
1651 426 1718 461 bo-

1051 484 1132 505 num
1165 473 1225 506 dat
1246 472 1446 512 consilium,
1480 472 1521 513 V,
1557 472 1624 507 118
1646 476 1716 510 not.

1007 521 1191 555 Placentae
1214 517 1248 550 in
1264 517 1370 551 sacris
1393 518 1600 560 frequentes,
1622 518 1718 560 vlu,

1051 563 1108 596 41.
1134 582 1179 587 —
1202 563 1399 596 Samiorum
1425 566 1601 606 placentae
1627 564 1720 597 mul-

1052 613 1126 643 tum
1149 609 1351 648 celebratae,
1376 609 1438 652 ΙΙΙ,
1465 608 1510 643 48
1531 614 1599 643 not.
1615 609 1672 653 **)

1008 655 1149 694 Placia,
1181 665 1261 697 opp.
1284 654 1497 697 Hellesponti
1519 666 1541 689 a
1563 654 1721 701 Pelasgis

1030 700 1215 738 conditum,
1240 699 1267 739 l,
1290 698 1336 732 57
1358 705 1427 735 not.

1010 747 1238 784 Plataeenses,
1260 745 1352 777 bello
1375 756 1397 778 a
1423 745 1601 780 Thebanis
1623 757 1722 790 pres-

1054 791 1084 825 si
1116 790 1378 823 Atheniensibus
1419 802 1456 823 se
1488 792 1719 833 tradiderunt3

1056 836 1186 870 auxilio
1210 835 1474 869 Atheniensibus
1505 837 1644 871 veniunt
1677 837 1721 871 ad

1053 882 1316 921 Marathonem,
1347 882 1410 923 vl,
1445 881 1523 918 108.
1556 881 1591 915 in
1613 883 1722 916 classe

1056 929 1272 962 Graecorum
1305 927 1348 960 ad
1374 927 1595 960 Artemisium
1628 927 1723 962 mili-

1055 978 1150 1014 tant,
1174 973 1274 1014 illl,
1298 973 1319 1006 1
1343 977 1412 1006 not.
1437 973 1493 1006 sed
1520 984 1656 1018 pugnae
1678 973 1722 1007 ad

1054 1019 1267 1053 Salaminem
1291 1029 1356 1051 non
1390 1019 1596 1060 interfuere,
1632 1018 1722 1062 vm,

1054 1064 1111 1098 44.
1135 1076 1253 1098 eorum
1278 1065 1359 1098 urbs
1383 1064 1592 1107 incenditur,
1613 1076 1642 1100 c.
1667 1063 1723 1099 50.

1055 1111 1205 1145 sexcenti
1237 1111 1271 1144 in
1298 1110 1371 1144 acie
1396 1111 1628 1152 Graecorum,
1661 1110 1724 1151 lx,

1055 1157 1111 1191 28.
1165 1156 1204 1189 In
1236 1157 1472 1190 Plataeensem
1503 1167 1628 1200 agrum
1660 1157 1725 1190 de-

1055 1203 1218 1236 scendunt
1241 1201 1380 1243 Graeci,
1410 1203 1472 1244 lx,
1497 1202 1554 1236 25.
1601 1203 1726 1247 Pugna

1055 1249 1098 1282 ad
1117 1250 1286 1287 Plataeas,
1310 1248 1370 1288 lX,
1392 1247 1437 1281 53
1450 1259 1542 1292 seqq.
1568 1247 1614 1282 59
1629 1259 1724 1291 seqq.

1056 1306 1226 1337 quaenam
1261 1299 1380 1333 gentes
1412 1293 1563 1328 Plataeis
1594 1304 1725 1339 pugna·-

1056 1340 1138 1382 rint,
1162 1339 1224 1381 lx,
1248 1339 1292 1373 28
1310 1344 1376 1372 not.
1401 1345 1484 1382 quot
1501 1340 1639 1382 fuerint,
1663 1339 1726 1381 lx,

1057 1385 1114 1419 29.
1139 1386 1218 1418 coll.
1243 1386 1298 1419 61.
1324 1386 1418 1418 locus
1441 1396 1580 1430 pugnae
1603 1396 1643 1419 ac
1667 1396 1727 1418 re—

1057 1432 1137 1476 gio,
1171 1432 1241 1472 lx,
1273 1430 1316 1464 51
1341 1435 1410 1466 not.
1433 1451 1479 1458 ·—
1510 1435 1727 1466 mortuorum

1058 1477 1198 1518 tumuli,
1222 1478 1283 1517 lx,
1305 1475 1360 1510 85.

1013 1522 1186 1557 Platanns
1209 1534 1313 1556 aurea
1335 1527 1437 1565 atque
1460 1521 1553 1564 vitis,
1580 1520 1657 1565 vn,
1680 1520 1728 1555 27

1059 1575 1129 1602 not.
1155 1569 1310 1611 platanus
1325 1579 1431 1602 {niteo
1457 1573 1580 1602 ornatu
1604 1579 1626 1602 a
1642 1569 1727 1601 Xer-

1057 1626 1101 1649 xe
1125 1615 1272 1654 donata,
1307 1614 1387 1655 3⁷11,
1410 1614 1453 1646 31
1479 1620 1549 1647 not.
1572 1613 1727 1656 amplum

1059 1661 1291 1703 platanetum,
1326 1661 1364 1699 V,
1398 1659 1476 1692 119.
1508 1659 1638 1701 platani
1665 1669 1728 1702 per

1061 1705 1257 1744 Graeciam,
1287 1703 1361 1744 VII,
1385 1704 1429 1737 31
1454 1709 1522 1740 not.

1015 1748 1150 1790 Platea,
1176 1750 1307 1793 Libyae
1331 1749 1394 1782 ins.
1417 1760 1438 1783 a
1454 1748 1625 1783 Theraeis
1647 1760 1728 1782 con-

1059 1795 1148 1836 dita,
1181 1795 1242 1836 IV,
1276 1793 1343 1828 151
1366 1798 1436 1828 not.
1461 1793 1529 1828 153
1551 1800 1621 1829 not.
1645 1795 1726 1829 156.

1060 1840 1141 1873 169.

1016 1886 1181 1918 Plaustra
1204 1884 1436 1929 Scytharum,
1461 1885 1521 1925 IV,
1543 1883 1590 1918 75
1613 1887 1683 1919 not.

1017 1931 1263 1974 Pleistarchus‚
1298 1930 1469 1965 Leonidae
1491 1930 1556 1973 fil„
1581 1930 1652 1973 IX,
1683 1930 1730 1965 1⁰

1064 1984 1134 2010 not.

1018 2023 1222 2064 Pleistorus,
1247 2022 1508 2056 Absinthiorum
1531 2022 1636 2064 (leus,
1666 2022 1729 2065 lx,

1018 2114 1250 2154 Plesirrhous,
1282 2112 1449 2147 Herodoti
1471 2114 1594 2147 haeres
1623 2116 1658 2147 et
1691 2123 1730 2147 n-

1064 2160 1203 2200 masius,
1230 2161 1363 2193 Comm.
1391 2161 1423 2200 §.
1446 2158 1481 2192 6.

1019 2206 1241 2240 Plinthinetes
1264 2206 1357 2238 sinus
1380 2206 1579 2250 Aegyptum
1609 2203 1731 2238 termi-

1064 2256 1133 2290 nat,
1156 2251 1204 2291 ΙΙ,
1228 2250 1251 2284 6
1274 2255 1342 2285 not.

1020 2297 1149 2331 Plumis
1178 2301 1272 2330 terra
1301 2301 1336 2331 et
1368 2298 1428 2332 aet
1457 2295 1638 2340 oppletus,
1667 2293 1728 2337 IV,

1064 2342 1096 2375 7.
1121 2341 1165 2374 31
1190 2346 1259 2376 not.

1021 2388 1200 2422 Plutarchi
1223 2388 1282 2432 qui
1305 2388 1414 2423 fertur
1435 2386 1575 2421 libellus
1596 2386 1640 2419 (le
1657 2385 1728 2420 He-

345 2579 446 2632 ‘)·Cf..
462 2579 618 2632 Yoemel.
637 2579 785 2632 Exercit.
807 2578 1012 2623 chronolog.
1040 2579 1083 2612 de
1102 2580 1230 2613 Solone
1260 2586 1294 2613 et
1316 2581 1441 2614 Croeso
1470 2589 1549 2632 pag.
1569 2576 1612 2611 13
1631 2587 1727 2621 seqq.

255 2624 312 2664 22,
331 2635 388 2667 qui
404 2626 617 2658 Pisistratum
639 2633 737 2669 ponit
754 2637 925 2658 reversum
942 2626 1092 2659 Athenas
1111 2626 1179 2661 553
1196 2639 1228 2661 a.
1245 2626 1325 2662 Chr.
1352 2632 1388 2660 et
1406 2631 1541 2658 ternum
1560 2633 1728 2668 occupan-

257 2677 325 2703 tem
342 2670 553 2713 tyrannidem
574 2671 652 2713 541,
667 2678 836 2704 mortuum
854 2672 920 2706 527
940 2684 959 2705 a
977 2672 1055 2704 Chr.

346 2727 399 2768 **)
419 2725 505 2759 Add.
522 2727 660 2768 Pollux,
678 2729 743 2769 vl,
761 2729 806 2763 78
826 2728 907 2761 coll.
937 2728 1062 2760 Athen.
1080 2729 1128 2761 lv
1146 2740 1179 2772 p.
1203 2729 1267 2763 130
1282 2729 1325 2762 D.
1348 2733 1382 2760 et
1400 2724 1572 2759 Plutarch.
1608 2725 1659 2758 De
1674 2736 1729 2759 aa·

260 2771 321 2805 nit.
341 2771 458 2805 tuend.
480 2783 534 2816 cp.
551 2773 584 2815 6,
605 2784 690 2816 quae
708 2775 826 2806 attulit
842 2774 965 2818 Bergk.
983 2774 1026 2807 ad
1043 2778 1245 2807 Anacreont.
1262 2773 1395 2817 Reliqq.
1413 2783 1448 2815 p.
1469 2771 1543 2806 104.
