1996 3238
418 1066 484 1114 85

544 279 626 318 116
940 274 1397 311 HERODOTI

513 383 735 439 Ξναχθεῖς,
772 384 848 437 νηῒ
875 380 1087 437 ἐμβάλλει.
1148 382 1468 436 συμπλακείσης
1507 379 1552 424 δὲ
1581 382 1656 435 τῆς
1684 379 1799 435 νηὸς,

541 453 617 496 καὶ
647 450 700 495 οὐ
740 450 995 505 δυναμένων
1025 448 1346 504 ἀπαλλαγῆναι,
1378 448 1492 491 οὕτω
1525 447 1577 503 δὴ
1608 448 1652 489 οἱ
1681 445 1802 490 ἄλλοι

515 519 734 575 3Ἀμεινίῃ
756 518 1017 574 βοηθέοντες
1042 516 1313 570 συνέμισγον.
1370 515 1595 572 Ἀθηναῖοι
1624 514 1702 570 μὲν
1732 513 1858 558 οὕ-35

541 603 602 630 τω
631 587 807 641 λέγουσι
835 589 909 640 τῆς
938 585 1178 639 ναυμαχίης
1202 582 1402 638 γενέσθαι
1431 584 1510 640 τὴν
1540 582 1695 638 ἀρχήν·
1727 584 1802 625 Αἰ-

544 657 716 710 γινῆται
760 652 828 702 δὲ,
877 650 956 706 τὴν
990 651 1099 693 κατὰ
1129 651 1233 700 τούς
1270 654 1479 702 Αἰακίδας
1515 648 1802 706 ἀποδημήσα-

545 734 627 766 σαν
662 721 704 771 ἐς
737 721 941 773 Αἴγιναν,
971 719 1134 774 ταύτην
1164 716 1274 761 εἶναι
1304 717 1382 773 τήν
1413 716 1618 770 ἄρξασαν.
1679 716 1803 772 Λέγε-

515 791 616 832 titan
656 788 700 832 δὲ
737 787 807 830 καὶ
854 784 976 834 τάδε,
1019 784 1077 836 ὥς
1110 786 1263 840 φάσμα
1294 798 1372 840 σφι
1402 786 1609 840 γυναικὸς
1640 784 1800 841 ἐφάνη·

545 861 759 912 φανεῖσαν
789 853 834 896 δὲ
865 853 1250 904 διακελεύσασθαι,
1283 852 1389 895 ὥστε
1419 852 1491 895 καὶ
1521 852 1637 895 ἅπαν
1666 852 1798 896 ἄκοῦ-
1814 856 1860 893 4ο

544 936 616 967 σαι
661 923 709 966 τὸ
753 924 839 963 τῶν
883 918 1108 975 Ἑλλήνων
1148 919 1465 973 στρατόπεδον,
1525 918 1803 963 ὀνειδίσασαν

544 991 762 1046 πρότερον
790 989 910 1032 τάδε·
941 985 1018 1040 ,ΞΩ
1047 988 1279 1044 δαιμόνιοι,
1309 989 1431 1043 μέχρι,
1447 987 1581 1031 κόσου
1609 987 1671 1031 ἔτι
1690 985 1804 1042 πρύ-

542 1076 684 1114 ,,μνην
712 1055 1072 1113 ἀνακρούεσθε;“
1104 1056 1228 1100 Κατὰ
1253 1057 1331 1112 μὲν
1360 1055 1413 1111 δὴ
1439 1054 1692 1112 Ἀθηναίους
1720 1054 1804 1099 ἐτε-

485 1209 639 1244 fratrem
678 1205 852 1257 perhibet
881 1206 1038 1247 Diodor.
1074 1209 1143 1256 XI,

487 1267 540 1304 37
561 1265 647 1300 coll.
667 1266 715 1304 18
738 1264 803 1301 fin.
833 1264 1045 1316 Aeschylus
1065 1266 1144 1315 ipse

485 1321 608 1357 fratris
636 1320 780 1357 facinus
813 1328 958 1364 tacens,
987 1322 1144 1357 Persam

485 1375 603 1413 modo
617 1375 807 1413 dicentem
818 1378 905 1413 facit
917 1376 1143 1427 (Pers-409)

484 1427 605 1484 ’ἧρξεν
626 1432 796 1483 ἐμβολῆς
811 1430 1018 1484 Ἑλληνική
1031 1435 1143 1481 ναῦς,

474 1490 553 1525 -ubi
585 1496 692 1526 vetus
724 1488 922 1526 scholiasta
955 1492 1144 1541 Lycome-

486 1544 562 1582 den
580 1552 702 1593 vocat,
726 1547 840 1598 quiin
856 1547 1054 1583 Artemisia
1071 1560 1144 1596 pu-

484 1614 561 1652 gna
600 1604 743 1652 primus
782 1616 919 1640 navem
953 1604 1143 1639 Persicam

486 1659 628 1708 cepisse
677 1657 814 1696 dicitur
852 1661 898 1696 ab
947 1659 1142 1696 Herodoto

485 1715 585 1759 vlu,
605 1717 667 1754 11.

543 1769 803 1820 ἐξαναχθεὶς]
858 1771 882 1806 i.
925 1783 958 1807 e.
1003 1771 1143 1819 longius

485 1825 595 1877 (prae
627 1828 757 1863 ceteris
787 1840 836 1862 ex
866 1826 971 1878 acie)
993 1832 1141 1864 evectus.

486 1883 544 1920 Cf.
565 1882 751 1930 V11,194.
781 1884 886 1928 Quae
909 1892 1140 1935 sequuntur:

486 1939 774 1990 συμπλακείσης
819 1942 892 1988 τῆς
934 1938 1032 1989 νηὸς
1073 1954 1142 1976 va·-

484 1996 586 2033 lent:
616 2008 694 2032 cum
714 1998 816 2033 navis
835 1997 1007 2046 implicita
1027 2012 1055 2033 s.
1077 1999 1142 2034 im-

480 2056 594 2102 pacta
633 2054 754 2089 rostris
807 2053 999 2090 inhaereret
1035 2054 1143 2090 alteri

484 2111 584 2148 navi.
641 2109 761 2145 Paulo
786 2109 892 2145 aliter
922 2108 1025 2146 idem
1054 2124 1140 2146 ver—

484 2165 578 2201 bum
600 2164 664 2212 111,
685 2167 752 2206 78.

542 2217 682 2272 φάσμα
705 2233 777 2269 σφι
790 2218 975 2272 γυναικὸς
987 2216 1135 2271 ἐφάνη]

483 2278 540 2313 De
577 2290 671 2314 voce
692 2275 832 2326 φάσμα
858 2276 933 2315 vid.
966 2285 1059 2314 nott.
1091 2278 1138 2316 ad

483 2335 546 2380 VI,
568 2336 633 2374 69.
668 2334 725 2370 Ac
745 2335 831 2370 satis
852 2335 1057 2384 probabile,
1082 2336 1138 2370 in-

482 2391 600 2440 telligi
615 2389 676 2427 hic
696 2388 880 2427 Minervae
892 2397 955 2426 aut
967 2391 1058 2426 alius
1070 2404 1138 2426 cu-

481 2447 594 2483 iusvis
640 2445 734 2483 deae
777 2447 998 2495 imaginem,
1041 2460 1137 2497 quae

484 2504 637 2539 Graecis
654 2503 909 2553 pugnantibus
925 2505 1138 2552 apparuerit

483 2572 620 2609 easque
642 2559 688 2595 ad
710 2572 878 2609 pugnam
896 2561 1016 2595 verbis
1029 2572 1137 2596 com—

481 2616 639 2664 pellarit,
652 2616 776 2667 qualia
795 2617 832 2651 iu
850 2616 1060 2652 Homericis
1080 2616 1138 2651 le-

481 2672 519 2720 gi
541 2684 654 2707 nemo
675 2673 805 2709 nescit.
837 2673 879 2707 In
900 2685 978 2723 seq.
1001 2685 1021 2707 e
1050 2673 1136 2709 Flo-

482 2728 650 2774 rentino,
681 2729 759 2763 aliis
776 2727 863 2763 dedi
889 2725 932 2767 τό
958 2730 1038 2766 τῶν
1055 2726 1136 2767 Ἑλ-

478 2779 612 2834 λήνων
631 2778 902 2833 στρατὸπεδον,
927 2785 1128 2835 ubivulgo,

475 2837 519 2880 τό
540 2835 804 2893 στρατόπεδον
819 2842 897 2879 τῶν
914 2838 1125 2892 Ἑλλήνων,

1201 1207 1304 1260 quod
1344 1220 1432 1245 cum
1472 1206 1678 1244 Schaefero
1705 1206 1859 1243 retinuit

1199 1264 1393 1302 Matthiae.
1454 1266 1539 1314 Ipsa
1564 1265 1742 1301 orationis
1761 1269 1859 1300 stru-

1201 1329 1307 1358 ctura
1345 1321 1516 1357 similiter
1553 1323 1695 1357 variata
1743 1327 1858 1371 atque

1199 1379 1297 1425 vlu,
1321 1380 1423 1424 1183
1458 1390 1549 1413 nam
1568 1378 1726 1413 verbum
1749 1375 1856 1426 λε’)ἐ-

1200 1449 1263 1473 ται
1302 1435 1469 1484 primum
1508 1435 1647 1484 excipit
1674 1433 1856 1483 particula

1202 1489 1256 1537 ὥς
1277 1503 1365 1526 cum
1385 1490 1500 1526 verbo
1515 1490 1633 1537 finito,
1662 1496 1745 1526 tum
1766 1501 1855 1526 vero

1199 1549 1238 1583 iu
1275 1548 1532 1583 accusativum
1561 1553 1598 1583 et
1624 1546 1856 1582 infinitivum

1200 1605 1318 1640 oratio
1340 1604 1481 1639 transit.
1512 1602 1574 1639 Ad
1595 1602 1855 1639 eandemsen-

1199 1673 1261 1697 sus
1305 1667 1529 1696 structuram
1569 1658 1664 1695 illud
1700 1671 1855 1711 quoque

1199 1717 1372 1766 pertinet,
1415 1714 1517 1767 quod
1547 1728 1682 1752 vocem
1713 1712 1854 1764 φάσμα

1199 1769 1392 1824 γυναικός
1420 1773 1590 1823 sequitur
1614 1773 1853 1823 participium

1200 1833 1408 1878 φανεῖσαν.
1452 1827 1529 1865 Sed
1550 1829 1637 1865 talia
1657 1831 1854 1864 nemiuem

1196 1899 1306 1936 spero
1329 1884 1537 1921 offendent.

1253 1938 1506 1981 ὀνειδίσασαν
1525 1935 1718 1991 πρότερον
1738 1935 1850 1990 τάδε]

1196 1999 1222 2034 i.
1245 2012 1277 2035 e.
1292 2002 1473 2048 postquam
1491 2000 1594 2048 prius
1609 1997 1755 2034 Graecis
1768 1996 1853 2033 haec

1195 2056 1445 2104 exprobrasset.
1492 2053 1646 2090 Primum
1666 2055 1769 2089 enim
1787 2053 1853 2089 illa

1195 2112 1362 2147 mulieris
1381 2112 1521 2161 species
1547 2111 1699 2147 Graecis
1722 2110 1851 2159 segui-

1194 2169 1286 2204 tiem
1299 2169 1550 2218 exprobravit,
1571 2166 1645 2218 quai
1657 2166 1769 2202 remis
1787 2166 1850 2201 in-

1194 2223 1386 2270 hibebant,
1415 2223 1539 2260 deinde
1566 2235 1654 2258 vero
1686 2235 1748 2259 eos
1779 2234 1850 2258 ex-

1194 2279 1340 2316 hortata
1370 2287 1444 2325 est,
1492 2287 1531 2316 ut
1562 2279 1648 2315 forti
1669 2285 1705 2315 et
1727 2278 1849 2315 coufi-

1195 2335 1297 2372 denti
1319 2337 1446 2372 animo
1464 2337 1500 2371 in
1513 2335 1636 2372 hostes
1653 2336 1846 2372 irruerent.

1193 2391 1286 2428 Inde
1307 2400 1440 2442 sponte
1462 2393 1624 2443 patebit,
1653 2387 1848 2443 πρότερον

1193 2447 1296 2485 haud
1318 2450 1455 2485 mutari
1478 2462 1585 2500 posse
1607 2450 1645 2484 in
1666 2444 1846 2499 πικρότε-

1194 2520 1264 2552 ρον
1278 2513 1341 2542 aut
1354 2502 1669 2556 προθυμότερον,
1687 2511 1728 2540 ut
1738 2505 1846 2540 Reis-

1193 2560 1258 2598 kio
1289 2569 1443 2599 venerat
1473 2563 1512 2597 in
1543 2568 1724 2598 mentem.
1782 2558 1844 2596 Ad

1192 2631 1324 2654 vocem
1348 2613 1549 2668 δαιμόνιοι
1568 2617 1666 2656 conf.
1679 2623 1773 2653 nott.
1795 2615 1844 2654 ad

1190 2675 1252 2723 lV,
1282 2677 1370 2716 126.

1358 2763 1450 2815 cap.
1478 2763 1675 2800 Lxxxv.

1226 2838 1324 2881 κατιὶ
1343 2839 1419 2894 μὲν
1440 2839 1490 2893 δή
1509 2837 1768 2894 Ἀθηναίους]
1779 2843 1840 2881 Le.
