<?xml version="1.0" encoding="UTF-8"?>
<!DOCTYPE html PUBLIC "-//W3C//DTD XHTML 1.0 Transitional//EN"
    "http://www.w3.org/TR/xhtml1/DTD/xhtml1-transitional.dtd">
<html xmlns="http://www.w3.org/1999/xhtml" xml:lang="en" lang="en">
 <head>
  <title>
</title>
<meta http-equiv="Content-Type" content="text/html;charset=utf-8" />
  <meta name='ocr-system' content='tesseract 3.04.00' />
  <meta name='ocr-capabilities' content='ocr_page ocr_carea ocr_par ocr_line ocrx_word'/>
</head>
<body>
  <div class='ocr_page' id='page_1' title='image "./musaeherodoto04hero/musaeherodoto04hero_0086.png"; bbox 0 0 1996 3238; ppageno 0'>
   <div class='ocr_carea' id='block_1_1' title="bbox 298 356 366 402">
    <p class='ocr_par' dir='ltr' id='par_1_1' title="bbox 298 356 366 402">
     <span class='ocr_line' id='line_1_1' title="bbox 298 356 366 402; baseline 0 0"><span class='ocrx_word' id='word_1_1' title='bbox 298 356 366 402; x_wconf 81' lang='lat'><em>58</em></span> 
     </span>
    </p>
   </div>
   <div class='ocr_carea' id='block_1_2' title="bbox 91 419 370 518">
    <p class='ocr_par' dir='ltr' id='par_1_2' title="bbox 91 419 370 518">
     <span class='ocr_line' id='line_1_2' title="bbox 92 419 358 449; baseline 0.004 -1"><span class='ocrx_word' id='word_1_2' title='bbox 92 420 156 448; x_wconf 79' lang='lat' dir='ltr'><em>Eur</em></span> <span class='ocrx_word' id='word_1_3' title='bbox 177 419 259 448; x_wconf 73' lang='lat' dir='ltr'>biadi</span> <span class='ocrx_word' id='word_1_4' title='bbox 310 430 358 449; x_wconf 79' lang='lat' dir='ltr'><em>er-</em></span> 
     </span>
     <span class='ocr_line' id='line_1_3' title="bbox 92 457 370 488; baseline 0.004 -7"><span class='ocrx_word' id='word_1_5' title='bbox 92 462 146 482; x_wconf 76' lang='lat' dir='ltr'><em>sua</em></span> <span class='ocrx_word' id='word_1_6' title='bbox 171 457 212 488; x_wconf 83' lang='lat' dir='ltr'><em>et,</em></span> <span class='ocrx_word' id='word_1_7' title='bbox 231 459 262 482; x_wconf 86' lang='lat' dir='ltr'><em>ut</em></span> <span class='ocrx_word' id='word_1_8' title='bbox 281 465 289 479; x_wconf 76' lang='grc' dir='ltr'><em>ι</em></span> <span class='ocrx_word' id='word_1_9' title='bbox 302 463 370 483; x_wconf 77' lang='grc' dir='ltr'><em>υοεει</em></span> 
     </span>
     <span class='ocr_line' id='line_1_4' title="bbox 91 487 369 518; baseline 0.007 -4"><span class='ocrx_word' id='word_1_10' title='bbox 91 487 122 514; x_wconf 63' lang='lat' dir='ltr'><em>In</em></span> <span class='ocrx_word' id='word_1_11' title='bbox 137 488 295 518; x_wconf 74' lang='lat' dir='ltr'><strong>concilium</strong></span> <span class='ocrx_word' id='word_1_12' title='bbox 318 489 369 517; x_wconf 82' lang='lat' dir='ltr'><em>de-</em></span> 
     </span>
    </p>
   </div>
   <div class='ocr_carea' id='block_1_3' title="bbox 90 526 272 557">
    <p class='ocr_par' dir='ltr' id='par_1_3' title="bbox 90 526 272 557">
     <span class='ocr_line' id='line_1_5' title="bbox 90 526 272 557; baseline 0.005 -8"><span class='ocrx_word' id='word_1_13' title='bbox 90 529 150 549; x_wconf 88' lang='lat' dir='ltr'><em>nuo</em></span> <span class='ocrx_word' id='word_1_14' title='bbox 167 526 272 557; x_wconf 75' lang='lat' dir='ltr'><strong>cogat:</strong></span> 
     </span>
    </p>
   </div>
   <div class='ocr_carea' id='block_1_4' title="bbox 87 1084 332 1190">
    <p class='ocr_par' dir='ltr' id='par_1_4' title="bbox 87 1084 332 1190">
     <span class='ocr_line' id='line_1_6' title="bbox 89 1084 332 1112; baseline 0.004 -1"><span class='ocrx_word' id='word_1_15' title='bbox 89 1084 139 1111; x_wconf 80' lang='lat' dir='ltr'><em>ubi</em></span> <span class='ocrx_word' id='word_1_16' title='bbox 164 1092 229 1112; x_wconf 84' lang='lat' dir='ltr'><em>cum</em></span> <span class='ocrx_word' id='word_1_17' title='bbox 262 1085 332 1112; x_wconf 82' lang='lat' dir='ltr'><em>Adi-</em></span> 
     </span>
     <span class='ocr_line' id='line_1_7' title="bbox 88 1119 325 1152; baseline 0.008 -7"><span class='ocrx_word' id='word_1_18' title='bbox 88 1122 198 1152; x_wconf 78' lang='lat' dir='ltr'><strong>manto,</strong></span> <span class='ocrx_word' id='word_1_19' title='bbox 219 1119 325 1147; x_wconf 87' lang='lat' dir='ltr'><strong>Corin-</strong></span> 
     </span>
     <span class='ocr_line' id='line_1_8' title="bbox 87 1151 322 1190; baseline 0.013 -12"><span class='ocrx_word' id='word_1_20' title='bbox 87 1151 219 1181; x_wconf 82' lang='lat' dir='ltr'><strong>thiorum</strong></span> <span class='ocrx_word' id='word_1_21' title='bbox 236 1152 322 1190; x_wconf 82' lang='lat' dir='ltr'><em>duce,</em></span> 
     </span>
    </p>
   </div>
   <div class='ocr_carea' id='block_1_5' title="bbox 423 180 479 220">
    <p class='ocr_par' dir='ltr' id='par_1_5' title="bbox 423 180 479 220">
     <span class='ocr_line' id='line_1_9' title="bbox 423 180 479 220; baseline -0.018 0"><span class='ocrx_word' id='word_1_22' title='bbox 423 180 479 220; x_wconf 74' lang='lat'><em>76</em></span> 
     </span>
    </p>
   </div>
   <div class='ocr_carea' id='block_1_6' title="bbox 826 178 1287 217">
    <p class='ocr_par' dir='ltr' id='par_1_6' title="bbox 826 178 1287 217">
     <span class='ocr_line' id='line_1_10' title="bbox 826 178 1287 217; baseline 0.002 -3"><span class='ocrx_word' id='word_1_23' title='bbox 826 178 1287 217; x_wconf 83' lang='lat' dir='ltr'><strong>HERODOTI</strong></span> 
     </span>
    </p>
   </div>
   <div class='ocr_carea' id='block_1_7' title="bbox 425 285 1692 346">
    <p class='ocr_par' dir='ltr' id='par_1_7' title="bbox 425 285 1692 346">
     <span class='ocr_line' id='line_1_11' title="bbox 425 285 1692 346; baseline 0.002 -16"><span class='ocrx_word' id='word_1_24' title='bbox 425 286 802 344; x_wconf 86' lang='grc' dir='ltr'><em>,,βεβουλευμε’να,</em></span> <span class='ocrx_word' id='word_1_25' title='bbox 839 287 896 342; x_wconf 78' lang='grc' dir='ltr'><em>ἤν</em></span> <span class='ocrx_word' id='word_1_26' title='bbox 933 304 1019 339; x_wconf 80' lang='grc' dir='ltr'><em>κως</em></span> <span class='ocrx_word' id='word_1_27' title='bbox 1049 287 1160 346; x_wconf 83' lang='grc' dir='ltr'><em>δύνῃ</em></span> <span class='ocrx_word' id='word_1_28' title='bbox 1192 285 1443 343; x_wconf 73' lang='grc' dir='ltr'><em>ἀναγνῶσαι</em></span> <span class='ocrx_word' id='word_1_29' title='bbox 1472 285 1692 344; x_wconf 79' lang='grc' dir='ltr'><em>Εὐρυβιά-</em></span> 
     </span>
    </p>
   </div>
   <div class='ocr_carea' id='block_1_8' title="bbox 422 557 859 683">
    <p class='ocr_par' dir='ltr' id='par_1_8' title="bbox 422 557 859 683">
     <span class='ocr_line' id='line_1_12' title="bbox 424 557 656 614; baseline 0 -13"><span class='ocrx_word' id='word_1_30' title='bbox 424 557 656 614; x_wconf 77' lang='grc' dir='ltr'><em>ρυβιάδεω.</em></span> 
     </span>
     <span class='ocr_line' id='line_1_13' title="bbox 422 630 859 683; baseline -0.002 -13"><span class='ocrx_word' id='word_1_31' title='bbox 422 631 599 682; x_wconf 81' lang='grc' dir='ltr'><em>πρῆγμα</em></span> <span class='ocrx_word' id='word_1_32' title='bbox 642 630 859 683; x_wconf 83' lang='grc' dir='ltr'><em>συμμίξαι.</em></span> 
     </span>
    </p>
   </div>
   <div class='ocr_carea' id='block_1_9' title="bbox 423 353 1748 684">
    <p class='ocr_par' dir='ltr' id='par_1_9' title="bbox 423 353 1748 684">
     <span class='ocr_line' id='line_1_14' title="bbox 423 353 1692 411; baseline 0.002 -13"><span class='ocrx_word' id='word_1_33' title='bbox 423 358 531 408; x_wconf 86' lang='grc' dir='ltr'><em>,,δεα</em></span> <span class='ocrx_word' id='word_1_34' title='bbox 561 353 1006 409; x_wconf 79' lang='grc' dir='ltr'><em>μεταβουλεύσασθαι,</em></span> <span class='ocrx_word' id='word_1_35' title='bbox 1039 357 1147 400; x_wconf 76' lang='grc' dir='ltr'><em>ὥστε</em></span> <span class='ocrx_word' id='word_1_36' title='bbox 1168 354 1309 399; x_wconf 77' lang='grc' dir='ltr'><em>αὐτοῦ</em></span> <span class='ocrx_word' id='word_1_37' title='bbox 1338 356 1544 411; x_wconf 82' lang='grc' dir='ltr'><em>μενέειν.“</em></span> <span class='ocrx_word' id='word_1_38' title='bbox 1575 356 1692 410; x_wconf 77' lang='grc' dir='ltr'><em>Κάρ-</em></span> 
     </span>
     <span class='ocr_line' id='line_1_15' title="bbox 426 421 1748 481; baseline 0.001 -15"><span class='ocrx_word' id='word_1_39' title='bbox 426 440 478 467; x_wconf 88' lang='grc' dir='ltr'><em>τα</em></span> <span class='ocrx_word' id='word_1_40' title='bbox 508 421 561 477; x_wconf 82' lang='grc' dir='ltr'><em>δὴ</em></span> <span class='ocrx_word' id='word_1_41' title='bbox 591 425 652 477; x_wconf 80' lang='grc' dir='ltr'><em>τῷ</em></span> <span class='ocrx_word' id='word_1_42' title='bbox 684 425 963 478; x_wconf 74' lang='grc' dir='ltr'><em>Θεμιστοκλέι·</em></span> <span class='ocrx_word' id='word_1_43' title='bbox 991 423 1113 481; x_wconf 79' lang='grc' dir='ltr'><em>ἤρεσε</em></span> <span class='ocrx_word' id='word_1_44' title='bbox 1147 425 1172 481; x_wconf 83' lang='grc' dir='ltr'><strong><em>ἡ</em></strong></span> <span class='ocrx_word' id='word_1_45' title='bbox 1202 423 1428 481; x_wconf 82' lang='grc' dir='ltr'><em>ὑποθήκη·</em></span> <span class='ocrx_word' id='word_1_46' title='bbox 1462 425 1535 468; x_wconf 84' lang='grc' dir='ltr'><em>καὶ</em></span> <span class='ocrx_word' id='word_1_47' title='bbox 1565 423 1748 467; x_wconf 76' lang='grc' dir='ltr'><em>οὐδὲν25</em></span> 
     </span>
     <span class='ocr_line' id='line_1_16' title="bbox 426 490 1691 549; baseline 0.002 -15"><span class='ocrx_word' id='word_1_48' title='bbox 426 491 536 544; x_wconf 79' lang='grc' dir='ltr'><em>πρὸς</em></span> <span class='ocrx_word' id='word_1_49' title='bbox 563 493 700 533; x_wconf 87' lang='grc' dir='ltr'><em>ταῦτα</em></span> <span class='ocrx_word' id='word_1_50' title='bbox 730 490 1035 548; x_wconf 79' lang='grc' dir='ltr'><em>οἷμειψοὲμενος,</em></span> <span class='ocrx_word' id='word_1_51' title='bbox 1064 493 1128 549; x_wconf 80' lang='grc' dir='ltr'><em>ἤϊε</em></span> <span class='ocrx_word' id='word_1_52' title='bbox 1158 492 1226 534; x_wconf 78' lang='grc' dir='ltr'><em>ἐπὶ</em></span> <span class='ocrx_word' id='word_1_53' title='bbox 1256 493 1337 549; x_wconf 78' lang='grc' dir='ltr'><em>τὴν</em></span> <span class='ocrx_word' id='word_1_54' title='bbox 1368 497 1453 548; x_wconf 83' lang='grc' dir='ltr'><em>νῆα</em></span> <span class='ocrx_word' id='word_1_55' title='bbox 1491 492 1570 549; x_wconf 84' lang='grc' dir='ltr'><em>τὴν</em></span> <span class='ocrx_word' id='word_1_56' title='bbox 1605 493 1691 536; x_wconf 84' lang='grc' dir='ltr'><em>Εὐ-</em></span> 
     </span>
     <span class='ocr_line' id='line_1_17' title="bbox 716 558 1691 615; baseline 0.002 -13"><span class='ocrx_word' id='word_1_57' title='bbox 716 558 980 615; x_wconf 76' lang='grc' dir='ltr'><em>οέπικόμενος</em></span> <span class='ocrx_word' id='word_1_58' title='bbox 1012 560 1071 613; x_wconf 80' lang='grc' dir='ltr'><em>δὲ,</em></span> <span class='ocrx_word' id='word_1_59' title='bbox 1102 560 1185 615; x_wconf 76' lang='grc' dir='ltr'><em>ἔφη</em></span> <span class='ocrx_word' id='word_1_60' title='bbox 1215 561 1360 604; x_wconf 83' lang='grc' dir='ltr'><em>θέλειν</em></span> <span class='ocrx_word' id='word_1_61' title='bbox 1398 564 1440 604; x_wconf 78' lang='grc' dir='ltr'><em>οἱ</em></span> <span class='ocrx_word' id='word_1_62' title='bbox 1469 560 1621 604; x_wconf 86' lang='grc' dir='ltr'><em>κοινόν</em></span> <span class='ocrx_word' id='word_1_63' title='bbox 1650 578 1691 604; x_wconf 91' lang='grc' dir='ltr'><em>τι</em></span> 
     </span>
     <span class='ocr_line' id='line_1_18' title="bbox 920 627 1691 684; baseline 0.001 -13"><span class='ocrx_word' id='word_1_64' title='bbox 920 628 943 671; x_wconf 88' lang='grc' dir='ltr'>ὁ</span> <span class='ocrx_word' id='word_1_65' title='bbox 976 628 1018 671; x_wconf 81' lang='grc' dir='ltr'><em>δ’</em></span> <span class='ocrx_word' id='word_1_66' title='bbox 1052 627 1187 670; x_wconf 83' lang='grc' dir='ltr'><em>αὐτὸν</em></span> <span class='ocrx_word' id='word_1_67' title='bbox 1219 628 1260 678; x_wconf 80' lang='grc' dir='ltr'><em>ἐς</em></span> <span class='ocrx_word' id='word_1_68' title='bbox 1297 628 1374 683; x_wconf 90' lang='grc' dir='ltr'><em>τὴν</em></span> <span class='ocrx_word' id='word_1_69' title='bbox 1409 633 1494 684; x_wconf 86' lang='grc' dir='ltr'><em>νῆα</em></span> <span class='ocrx_word' id='word_1_70' title='bbox 1524 628 1691 673; x_wconf 81' lang='grc' dir='ltr'><em>ἐκέλευε</em></span> 
     </span>
    </p>
   </div>
   <div class='ocr_carea' id='block_1_10' title="bbox 396 693 1743 820">
    <p class='ocr_par' dir='ltr' id='par_1_10' title="bbox 396 693 1743 820">
     <span class='ocr_line' id='line_1_19' title="bbox 396 693 1689 754; baseline 0.004 -18"><span class='ocrx_word' id='word_1_71' title='bbox 396 693 616 750; x_wconf 70' lang='grc' dir='ltr'><em>Ξέσβάντα</em></span> <span class='ocrx_word' id='word_1_72' title='bbox 632 695 771 750; x_wconf 85' lang='grc' dir='ltr'><em>λέγειν</em></span> <span class='ocrx_word' id='word_1_73' title='bbox 799 698 839 739; x_wconf 81' lang='grc' dir='ltr'><em>εἴ</em></span> <span class='ocrx_word' id='word_1_74' title='bbox 864 713 906 739; x_wconf 93' lang='grc' dir='ltr'><em>τι</em></span> <span class='ocrx_word' id='word_1_75' title='bbox 934 697 1064 739; x_wconf 87' lang='grc' dir='ltr'><em>θέλει.</em></span> <span class='ocrx_word' id='word_1_76' title='bbox 1096 695 1287 738; x_wconf 78' lang='grc' dir='ltr'><em>ἐνθαῦτα</em></span> <span class='ocrx_word' id='word_1_77' title='bbox 1321 693 1345 737; x_wconf 84' lang='grc' dir='ltr'>ὁ</span> <span class='ocrx_word' id='word_1_78' title='bbox 1375 698 1689 754; x_wconf 78' lang='grc' dir='ltr'><em>Θεμιστοκλέης</em></span> 
     </span>
     <span class='ocr_line' id='line_1_20' title="bbox 420 762 1743 820; baseline 0 -15"><span class='ocrx_word' id='word_1_79' title='bbox 420 763 706 818; x_wconf 78' lang='grc' dir='ltr'><em>παριζόμενός</em></span> <span class='ocrx_word' id='word_1_80' title='bbox 735 765 778 807; x_wconf 84' lang='grc' dir='ltr'><em>οἷ</em></span> <span class='ocrx_word' id='word_1_81' title='bbox 806 764 1028 819; x_wconf 80' lang='grc' dir='ltr'><em>καταλέγει</em></span> <span class='ocrx_word' id='word_1_82' title='bbox 1057 762 1177 806; x_wconf 79' lang='grc' dir='ltr'><em>κεῖνά</em></span> <span class='ocrx_word' id='word_1_83' title='bbox 1208 779 1252 806; x_wconf 91' lang='grc' dir='ltr'><em>τε</em></span> <span class='ocrx_word' id='word_1_84' title='bbox 1273 763 1416 806; x_wconf 77' lang='grc' dir='ltr'><em>πάντα</em></span> <span class='ocrx_word' id='word_1_85' title='bbox 1449 765 1502 807; x_wconf 78' lang='grc' dir='ltr'><em>τοὶ</em></span> <span class='ocrx_word' id='word_1_86' title='bbox 1524 764 1684 820; x_wconf 79' lang='grc' dir='ltr'><em>ἤκουσε</em></span> <span class='ocrx_word' id='word_1_87' title='bbox 1698 773 1743 805; x_wconf 86' lang='grc'><em>30</em></span> 
     </span>
    </p>
   </div>
   <div class='ocr_carea' id='block_1_11' title="bbox 421 829 1828 887">
    <p class='ocr_par' dir='ltr' id='par_1_11' title="bbox 421 829 1828 887">
     <span class='ocr_line' id='line_1_21' title="bbox 421 829 1828 887; baseline -0.003 -13"><span class='ocrx_word' id='word_1_88' title='bbox 421 834 731 887; x_wconf 84' lang='grc' dir='ltr'><em>Μνησιφίλου,</em></span> <span class='ocrx_word' id='word_1_89' title='bbox 777 831 946 874; x_wconf 78' lang='grc' dir='ltr'><em>ἑωυτοῦ</em></span> <span class='ocrx_word' id='word_1_90' title='bbox 979 831 1261 887; x_wconf 80' lang='grc' dir='ltr'><em>ποιεύμενος,</em></span> <span class='ocrx_word' id='word_1_91' title='bbox 1303 832 1376 874; x_wconf 87' lang='grc' dir='ltr'><em>καὶ</em></span> <span class='ocrx_word' id='word_1_92' title='bbox 1415 832 1525 874; x_wconf 78' lang='grc' dir='ltr'><em>ἄλλα</em></span> <span class='ocrx_word' id='word_1_93' title='bbox 1554 831 1692 876; x_wconf 77' lang='grc' dir='ltr'><em>πολλὰ</em></span> <span class='ocrx_word' id='word_1_94' title='bbox 1749 829 1828 872; x_wconf 90' lang='grc'><em>644</em></span> 
     </span>
    </p>
   </div>
   <div class='ocr_carea' id='block_1_12' title="bbox 295 898 1745 1229">
    <p class='ocr_par' dir='ltr' id='par_1_12' title="bbox 295 898 1745 1229">
     <span class='ocr_line' id='line_1_22' title="bbox 421 898 1692 956; baseline 0.002 -14"><span class='ocrx_word' id='word_1_95' title='bbox 421 902 695 953; x_wconf 80' lang='grc' dir='ltr'><em>προστιθείς·</em></span> <span class='ocrx_word' id='word_1_96' title='bbox 739 899 781 949; x_wconf 79' lang='grc' dir='ltr'><em>ἐς</em></span> <span class='ocrx_word' id='word_1_97' title='bbox 802 898 826 943; x_wconf 85' lang='grc' dir='ltr'>ὃ</span> <span class='ocrx_word' id='word_1_98' title='bbox 856 899 1075 956; x_wconf 83' lang='grc' dir='ltr'><em>οἷνὲγνωσε</em></span> <span class='ocrx_word' id='word_1_99' title='bbox 1104 902 1291 955; x_wconf 76' lang='grc' dir='ltr'><em>χρηΐζων</em></span> <span class='ocrx_word' id='word_1_100' title='bbox 1334 899 1380 941; x_wconf 78' lang='grc' dir='ltr'><em>ἔκ</em></span> <span class='ocrx_word' id='word_1_101' title='bbox 1413 915 1455 942; x_wconf 89' lang='grc' dir='ltr'><em>τε</em></span> <span class='ocrx_word' id='word_1_102' title='bbox 1486 903 1560 954; x_wconf 81' lang='grc' dir='ltr'><em>τῆς</em></span> <span class='ocrx_word' id='word_1_103' title='bbox 1588 900 1692 956; x_wconf 80' lang='grc' dir='ltr'><em>νηὸς</em></span> 
     </span>
     <span class='ocr_line' id='line_1_23' title="bbox 421 966 1691 1023; baseline 0.001 -13"><span class='ocrx_word' id='word_1_104' title='bbox 421 966 599 1023; x_wconf 77' lang='grc' dir='ltr'><em>ἐκβῆναι</em></span> <span class='ocrx_word' id='word_1_105' title='bbox 617 1001 627 1020; x_wconf 86' lang='grc'>,</span> <span class='ocrx_word' id='word_1_106' title='bbox 668 967 866 1019; x_wconf 80' lang='grc' dir='ltr'><em>συλλέξαι</em></span> <span class='ocrx_word' id='word_1_107' title='bbox 896 984 941 1011; x_wconf 89' lang='grc' dir='ltr'><em>τε</em></span> <span class='ocrx_word' id='word_1_108' title='bbox 970 967 1073 1018; x_wconf 78' lang='grc' dir='ltr'><em>τούς</em></span> <span class='ocrx_word' id='word_1_109' title='bbox 1109 967 1375 1022; x_wconf 78' lang='grc' dir='ltr'><em>στρατηγούς</em></span> <span class='ocrx_word' id='word_1_110' title='bbox 1415 967 1457 1018; x_wconf 78' lang='grc' dir='ltr'><em>ἐς</em></span> <span class='ocrx_word' id='word_1_111' title='bbox 1487 967 1536 1012; x_wconf 88' lang='grc' dir='ltr'><em>τὸ</em></span> <span class='ocrx_word' id='word_1_112' title='bbox 1564 968 1691 1011; x_wconf 79' lang='grc' dir='ltr'><em>συνέ-</em></span> 
     </span>
     <span class='ocr_line' id='line_1_24' title="bbox 295 1019 1690 1092; baseline 0.001 -14"><span class='ocrx_word' id='word_1_113' title='bbox 295 1019 362 1066; x_wconf 79' lang='lat'><em>59</em></span> <span class='ocrx_word' id='word_1_114' title='bbox 424 1036 562 1089; x_wconf 79' lang='grc' dir='ltr'><em>δριον.</em></span> <span class='ocrx_word' id='word_1_115' title='bbox 631 1034 708 1086; x_wconf 54' lang='grc' dir='ltr'><em>Ὡις</em></span> <span class='ocrx_word' id='word_1_116' title='bbox 738 1036 783 1078; x_wconf 78' lang='grc' dir='ltr'><em>δὲ</em></span> <span class='ocrx_word' id='word_1_117' title='bbox 822 1035 908 1089; x_wconf 74' lang='grc' dir='ltr'><em>ἄρα</em></span> <span class='ocrx_word' id='word_1_118' title='bbox 939 1036 1272 1092; x_wconf 76' lang='grc' dir='ltr'><em>συνελέχθησαν,</em></span> <span class='ocrx_word' id='word_1_119' title='bbox 1304 1036 1409 1090; x_wconf 79' lang='grc' dir='ltr'><em>πρὶν</em></span> <span class='ocrx_word' id='word_1_120' title='bbox 1438 1036 1466 1092; x_wconf 80' lang='grc' dir='ltr'><strong><em>ἢ</em></strong></span> <span class='ocrx_word' id='word_1_121' title='bbox 1495 1035 1571 1080; x_wconf 85' lang='grc' dir='ltr'><em>τὸν</em></span> <span class='ocrx_word' id='word_1_122' title='bbox 1604 1036 1690 1079; x_wconf 81' lang='grc' dir='ltr'><em>Εὐ-</em></span> 
     </span>
     <span class='ocr_line' id='line_1_25' title="bbox 424 1103 1745 1160; baseline -0.001 -15"><span class='ocrx_word' id='word_1_123' title='bbox 424 1103 639 1158; x_wconf 78' lang='grc' dir='ltr'><em>ρυβιάδεα</em></span> <span class='ocrx_word' id='word_1_124' title='bbox 687 1109 922 1156; x_wconf 80' lang='grc' dir='ltr'><em>προθεῖναι</em></span> <span class='ocrx_word' id='word_1_125' title='bbox 959 1106 1037 1148; x_wconf 86' lang='grc' dir='ltr'><em>τὸν</em></span> <span class='ocrx_word' id='word_1_126' title='bbox 1075 1104 1208 1159; x_wconf 83' lang='grc' dir='ltr'><em>λόγον</em></span> <span class='ocrx_word' id='word_1_127' title='bbox 1253 1108 1341 1146; x_wconf 82' lang='grc' dir='ltr'><em>τῶν</em></span> <span class='ocrx_word' id='word_1_128' title='bbox 1379 1106 1522 1147; x_wconf 73' lang='grc' dir='ltr'><em>εἵνεκα</em></span> <span class='ocrx_word' id='word_1_129' title='bbox 1560 1104 1745 1160; x_wconf 66' lang='grc' dir='ltr'><em>συνῆ-35</em></span> 
     </span>
     <span class='ocr_line' id='line_1_26' title="bbox 422 1167 1694 1229; baseline 0.001 -15"><span class='ocrx_word' id='word_1_130' title='bbox 422 1187 527 1226; x_wconf 85' lang='grc' dir='ltr'><em>γαγε</em></span> <span class='ocrx_word' id='word_1_131' title='bbox 559 1171 663 1222; x_wconf 78' lang='grc' dir='ltr'><em>τούς</em></span> <span class='ocrx_word' id='word_1_132' title='bbox 693 1171 973 1229; x_wconf 73' lang='grc' dir='ltr'><em>στρατηγούς,</em></span> <span class='ocrx_word' id='word_1_133' title='bbox 1003 1172 1143 1225; x_wconf 78' lang='grc' dir='ltr'><em>πολύς</em></span> <span class='ocrx_word' id='word_1_134' title='bbox 1172 1167 1228 1229; x_wconf 76' lang='grc' dir='ltr'><em>ἦν</em></span> <span class='ocrx_word' id='word_1_135' title='bbox 1258 1172 1281 1216; x_wconf 88' lang='grc' dir='ltr'>ὁ</span> <span class='ocrx_word' id='word_1_136' title='bbox 1309 1172 1618 1229; x_wconf 81' lang='grc' dir='ltr'><em>Θεμιστοκλέης</em></span> <span class='ocrx_word' id='word_1_137' title='bbox 1646 1174 1694 1216; x_wconf 80' lang='grc' dir='ltr'><em>ἐν</em></span> 
     </span>
    </p>
   </div>
   <div class='ocr_carea' id='block_1_13' title="bbox 387 1293 638 1299">
    <p class='ocr_par' dir='ltr' id='par_1_13' title="bbox 387 1293 638 1299">
     <span class='ocr_line' id='line_1_27' title="bbox 387 1293 638 1299; baseline 0 0"><span class='ocrx_word' id='word_1_138' title='bbox 387 1293 638 1299; x_wconf 95' lang='lat' dir='ltr'><em> </em></span> 
     </span>
    </p>
   </div>
   <div class='ocr_carea' id='block_1_14' title="bbox 361 1380 1029 2000">
    <p class='ocr_par' dir='ltr' id='par_1_14' title="bbox 361 1380 1029 2000">
     <span class='ocr_line' id='line_1_28' title="bbox 365 1380 1025 1431; baseline 0.003 -14"><span class='ocrx_word' id='word_1_139' title='bbox 365 1380 506 1418; x_wconf 79' lang='lat' dir='ltr'><em>decreta</em></span> <span class='ocrx_word' id='word_1_140' title='bbox 536 1381 747 1431; x_wconf 73' lang='lat' dir='ltr'><em>perturbare</em></span> <span class='ocrx_word' id='word_1_141' title='bbox 768 1409 784 1426; x_wconf 85' lang='lat'><em>,</em></span> <span class='ocrx_word' id='word_1_142' title='bbox 823 1381 1025 1430; x_wconf 77' lang='lat' dir='ltr'><strong><em>rescindere,</em></strong></span> 
     </span>
     <span class='ocr_line' id='line_1_29' title="bbox 362 1438 1026 1486; baseline 0 -11"><span class='ocrx_word' id='word_1_143' title='bbox 362 1440 471 1476; x_wconf 80' lang='lat' dir='ltr'><em>irrita</em></span> <span class='ocrx_word' id='word_1_144' title='bbox 503 1438 657 1476; x_wconf 79' lang='lat' dir='ltr'><em>reddere.</em></span> <span class='ocrx_word' id='word_1_145' title='bbox 714 1439 801 1475; x_wconf 81' lang='lat' dir='ltr'><strong>Alio</strong></span> <span class='ocrx_word' id='word_1_146' title='bbox 822 1453 934 1476; x_wconf 81' lang='lat' dir='ltr'><strong>sensu</strong></span> <span class='ocrx_word' id='word_1_147' title='bbox 963 1441 1026 1486; x_wconf 83' lang='lat' dir='ltr'><em>Vl,</em></span> 
     </span>
     <span class='ocr_line' id='line_1_30' title="bbox 365 1493 1029 1548; baseline -0.002 -14"><span class='ocrx_word' id='word_1_148' title='bbox 365 1496 460 1534; x_wconf 80' lang='lat'>119.</span> <span class='ocrx_word' id='word_1_149' title='bbox 517 1496 638 1545; x_wconf 78' lang='lat' dir='ltr'><strong>Magis</strong></span> <span class='ocrx_word' id='word_1_150' title='bbox 665 1493 740 1532; x_wconf 84' lang='lat' dir='ltr'><em>huo</em></span> <span class='ocrx_word' id='word_1_151' title='bbox 770 1496 879 1543; x_wconf 81' lang='lat' dir='ltr'><strong>facit,</strong></span> <span class='ocrx_word' id='word_1_152' title='bbox 923 1496 1029 1548; x_wconf 85' lang='lat' dir='ltr'><em>quod</em></span> 
     </span>
     <span class='ocr_line' id='line_1_31' title="bbox 363 1551 1026 1605; baseline 0.003 -17"><span class='ocrx_word' id='word_1_153' title='bbox 363 1551 597 1602; x_wconf 85' lang='lat' dir='ltr'><em>Wesseling.</em></span> <span class='ocrx_word' id='word_1_154' title='bbox 648 1551 757 1589; x_wconf 79' lang='lat' dir='ltr'><strong>affert</strong></span> <span class='ocrx_word' id='word_1_155' title='bbox 802 1567 822 1588; x_wconf 82' lang='lat' dir='ltr'><em>e</em></span> <span class='ocrx_word' id='word_1_156' title='bbox 867 1554 1026 1605; x_wconf 88' lang='lat' dir='ltr'>Dionys.</span> 
     </span>
     <span class='ocr_line' id='line_1_32' title="bbox 364 1609 1026 1660; baseline 0.003 -16"><span class='ocrx_word' id='word_1_157' title='bbox 364 1609 488 1645; x_wconf 75' lang='lat' dir='ltr'><strong>Halic.</strong></span> <span class='ocrx_word' id='word_1_158' title='bbox 524 1609 572 1645; x_wconf 91' lang='lat' dir='ltr'><em>A.</em></span> <span class='ocrx_word' id='word_1_159' title='bbox 601 1610 647 1646; x_wconf 86' lang='lat' dir='ltr'><em>R.</em></span> <span class='ocrx_word' id='word_1_160' title='bbox 677 1611 731 1645; x_wconf 92' lang='lat'>111</span> <span class='ocrx_word' id='word_1_161' title='bbox 769 1610 831 1657; x_wconf 85' lang='lat'><em>[6]</em></span> <span class='ocrx_word' id='word_1_162' title='bbox 866 1624 903 1660; x_wconf 88' lang='lat' dir='ltr'><em>p.</em></span> <span class='ocrx_word' id='word_1_163' title='bbox 935 1610 1026 1649; x_wconf 90' lang='grc'><strong>141.</strong></span> 
     </span>
     <span class='ocr_line' id='line_1_33' title="bbox 363 1661 1024 1718; baseline -0.002 -15"><span class='ocrx_word' id='word_1_164' title='bbox 363 1664 506 1718; x_wconf 80' lang='grc' dir='ltr'><em>διέχειν</em></span> <span class='ocrx_word' id='word_1_165' title='bbox 545 1661 594 1703; x_wconf 66' lang='lat' dir='ltr'><em>to?</em></span> <span class='ocrx_word' id='word_1_166' title='bbox 644 1662 894 1718; x_wconf 81' lang='grc' dir='ltr'><em>βουλεύματα</em></span> <span class='ocrx_word' id='word_1_167' title='bbox 937 1667 1024 1703; x_wconf 80' lang='lat' dir='ltr'><strong>coll.</strong></span> 
     </span>
     <span class='ocr_line' id='line_1_34' title="bbox 363 1719 1022 1773; baseline 0.005 -16"><span class='ocrx_word' id='word_1_168' title='bbox 363 1719 647 1773; x_wconf 79' lang='lat' dir='ltr'><em>Theophylact.</em></span> <span class='ocrx_word' id='word_1_169' title='bbox 677 1723 829 1771; x_wconf 84' lang='lat' dir='ltr'><strong>Simoc.</strong></span> <span class='ocrx_word' id='word_1_170' title='bbox 858 1724 913 1771; x_wconf 84' lang='grc' dir='ltr'><em>ΙΙ,</em></span> <span class='ocrx_word' id='word_1_171' title='bbox 960 1725 1022 1763; x_wconf 78' lang='lat'><em>13.</em></span> 
     </span>
     <span class='ocr_line' id='line_1_35' title="bbox 362 1779 539 1826; baseline 0.011 -13"><span class='ocrx_word' id='word_1_172' title='bbox 362 1779 438 1826; x_wconf 83' lang='grc' dir='ltr'>ΙΙΙ,</span> <span class='ocrx_word' id='word_1_173' title='bbox 472 1781 539 1818; x_wconf 83' lang='grc'><strong>91.</strong></span> 
     </span>
     <span class='ocr_line' id='line_1_36' title="bbox 363 1834 1024 1886; baseline 0.002 -13"><span class='ocrx_word' id='word_1_174' title='bbox 363 1839 463 1874; x_wconf 81' lang='grc' dir='ltr'><em>σθαι</em></span> <span class='ocrx_word' id='word_1_175' title='bbox 508 1834 613 1872; x_wconf 80' lang='lat' dir='ltr'><em>idem</em></span> <span class='ocrx_word' id='word_1_176' title='bbox 651 1837 884 1886; x_wconf 82' lang='lat' dir='ltr'><em>Wesseling.</em></span> <span class='ocrx_word' id='word_1_177' title='bbox 924 1844 1024 1874; x_wconf 81' lang='lat' dir='ltr'><em>recte</em></span> 
     </span>
     <span class='ocr_line' id='line_1_37' title="bbox 363 1890 1021 1946; baseline 0.011 -19"><span class='ocrx_word' id='word_1_178' title='bbox 363 1892 511 1928; x_wconf 84' lang='lat' dir='ltr'>confert</span> <span class='ocrx_word' id='word_1_179' title='bbox 559 1893 652 1942; x_wconf 89' lang='lat' dir='ltr'><strong>VII,</strong></span> <span class='ocrx_word' id='word_1_180' title='bbox 697 1896 772 1934; x_wconf 83' lang='lat'><em>12:</em></span> <span class='ocrx_word' id='word_1_181' title='bbox 824 1890 920 1946; x_wconf 73' lang='grc' dir='ltr'><em>μετοέ</em></span> <span class='ocrx_word' id='word_1_182' title='bbox 971 1892 1021 1946; x_wconf 73' lang='grc' dir='ltr'><em>δή</em></span> 
     </span>
     <span class='ocr_line' id='line_1_38' title="bbox 361 1945 584 2000; baseline 0.009 -13"><span class='ocrx_word' id='word_1_183' title='bbox 361 1945 584 2000; x_wconf 77' lang='grc' dir='ltr'><em>βουλεύεαι.</em></span> 
     </span>
    </p>
   </div>
   <div class='ocr_carea' id='block_1_15' title="bbox 565 2040 814 2091">
    <p class='ocr_par' dir='ltr' id='par_1_15' title="bbox 565 2040 814 2091">
     <span class='ocr_line' id='line_1_39' title="bbox 565 2040 814 2091; baseline 0 -14"><span class='ocrx_word' id='word_1_184' title='bbox 565 2040 659 2091; x_wconf 79' lang='lat' dir='ltr'><strong>cap.</strong></span> <span class='ocrx_word' id='word_1_185' title='bbox 680 2041 814 2078; x_wconf 81' lang='lat' dir='ltr'><strong>Lvm.</strong></span> 
     </span>
    </p>
   </div>
   <div class='ocr_carea' id='block_1_16' title="bbox 355 2118 1026 2854">
    <p class='ocr_par' dir='ltr' id='par_1_16' title="bbox 355 2118 1026 2341">
     <span class='ocr_line' id='line_1_40' title="bbox 419 2118 1024 2170; baseline 0 -12"><span class='ocrx_word' id='word_1_186' title='bbox 419 2118 626 2170; x_wconf 80' lang='grc' dir='ltr'><em>συμμίξαι]</em></span> <span class='ocrx_word' id='word_1_187' title='bbox 650 2120 675 2155; x_wconf 92' lang='lat' dir='ltr'><em>i.</em></span> <span class='ocrx_word' id='word_1_188' title='bbox 698 2132 732 2156; x_wconf 87' lang='lat' dir='ltr'><em>e.</em></span> <span class='ocrx_word' id='word_1_189' title='bbox 753 2132 922 2158; x_wconf 81' lang='lat' dir='ltr'><em>sermones</em></span> <span class='ocrx_word' id='word_1_190' title='bbox 942 2133 1024 2158; x_wconf 83' lang='lat' dir='ltr'><strong>con-</strong></span> 
     </span>
     <span class='ocr_line' id='line_1_41' title="bbox 355 2174 1026 2226; baseline 0.001 -13"><span class='ocrx_word' id='word_1_191' title='bbox 355 2174 452 2226; x_wconf 80' lang='lat' dir='ltr'><em>ferre</em></span> <span class='ocrx_word' id='word_1_192' title='bbox 471 2191 500 2213; x_wconf 79' lang='lat' dir='ltr'><em>s.</em></span> <span class='ocrx_word' id='word_1_193' title='bbox 517 2189 622 2225; x_wconf 80' lang='lat' dir='ltr'><em>agere</em></span> <span class='ocrx_word' id='word_1_194' title='bbox 641 2188 718 2213; x_wconf 85' lang='lat' dir='ltr'><em>cum</em></span> <span class='ocrx_word' id='word_1_195' title='bbox 737 2176 800 2213; x_wconf 75' lang='lat' dir='ltr'><em>illo</em></span> <span class='ocrx_word' id='word_1_196' title='bbox 815 2177 857 2214; x_wconf 79' lang='lat' dir='ltr'><em>de</em></span> <span class='ocrx_word' id='word_1_197' title='bbox 877 2190 912 2214; x_wconf 85' lang='lat' dir='ltr'><em>re</em></span> <span class='ocrx_word' id='word_1_198' title='bbox 933 2190 1026 2214; x_wconf 87' lang='lat' dir='ltr'><strong>com-</strong></span> 
     </span>
     <span class='ocr_line' id='line_1_42' title="bbox 364 2232 1024 2281; baseline 0.002 -12"><span class='ocrx_word' id='word_1_199' title='bbox 364 2235 472 2270; x_wconf 80' lang='lat' dir='ltr'><em>muni.</em></span> <span class='ocrx_word' id='word_1_200' title='bbox 531 2234 597 2269; x_wconf 93' lang='lat' dir='ltr'><em>Tu</em></span> <span class='ocrx_word' id='word_1_201' title='bbox 617 2232 695 2269; x_wconf 85' lang='lat' dir='ltr'><em>vid.</em></span> <span class='ocrx_word' id='word_1_202' title='bbox 712 2234 767 2281; x_wconf 82' lang='lat'>11,</span> <span class='ocrx_word' id='word_1_203' title='bbox 792 2233 857 2273; x_wconf 83' lang='grc'><em>64.</em></span> <span class='ocrx_word' id='word_1_204' title='bbox 879 2234 948 2281; x_wconf 86' lang='lat' dir='ltr'><em>IV,</em></span> <span class='ocrx_word' id='word_1_205' title='bbox 970 2237 1024 2274; x_wconf 77' lang='lat'><em>23</em></span> 
     </span>
     <span class='ocr_line' id='line_1_43' title="bbox 362 2290 940 2341; baseline 0.002 -16"><span class='ocrx_word' id='word_1_206' title='bbox 362 2290 491 2341; x_wconf 84' lang='lat' dir='ltr'><strong>ibique</strong></span> <span class='ocrx_word' id='word_1_207' title='bbox 513 2290 637 2327; x_wconf 79' lang='lat' dir='ltr'><strong>allata.</strong></span> <span class='ocrx_word' id='word_1_208' title='bbox 658 2291 766 2338; x_wconf 85' lang='lat' dir='ltr'><strong>VIII,</strong></span> <span class='ocrx_word' id='word_1_209' title='bbox 788 2291 854 2330; x_wconf 88' lang='grc'><em>67.</em></span> <span class='ocrx_word' id='word_1_210' title='bbox 876 2292 940 2330; x_wconf 84' lang='grc'><em>79.</em></span> 
     </span>
    </p>

    <p class='ocr_par' dir='ltr' id='par_1_17' title="bbox 361 2345 1025 2854">
     <span class='ocr_line' id='line_1_44' title="bbox 421 2345 1023 2398; baseline -0.005 -13"><span class='ocrx_word' id='word_1_211' title='bbox 421 2345 546 2398; x_wconf 82' lang='grc' dir='ltr'><em>λέγειν</em></span> <span class='ocrx_word' id='word_1_212' title='bbox 578 2346 616 2385; x_wconf 74' lang='grc' dir='ltr'><em>εἴ</em></span> <span class='ocrx_word' id='word_1_213' title='bbox 641 2361 677 2385; x_wconf 84' lang='grc' dir='ltr'><em>τι</em></span> <span class='ocrx_word' id='word_1_214' title='bbox 707 2345 834 2393; x_wconf 77' lang='grc' dir='ltr'><em>θέλει]</em></span> <span class='ocrx_word' id='word_1_215' title='bbox 869 2348 964 2394; x_wconf 80' lang='lat' dir='ltr'><strong>„Est</strong></span> <span class='ocrx_word' id='word_1_216' title='bbox 983 2347 1023 2382; x_wconf 89' lang='lat' dir='ltr'><em>in</em></span> 
     </span>
     <span class='ocr_line' id='line_1_45' title="bbox 363 2400 1025 2454; baseline 0.003 -17"><span class='ocrx_word' id='word_1_217' title='bbox 363 2400 420 2438; x_wconf 86' lang='lat' dir='ltr'><em>his</em></span> <span class='ocrx_word' id='word_1_218' title='bbox 442 2410 478 2440; x_wconf 83' lang='lat' dir='ltr'><em>et</em></span> <span class='ocrx_word' id='word_1_219' title='bbox 497 2405 536 2439; x_wconf 89' lang='lat' dir='ltr'><em>iu</em></span> <span class='ocrx_word' id='word_1_220' title='bbox 552 2404 684 2441; x_wconf 85' lang='lat' dir='ltr'><strong>vicinis</strong></span> <span class='ocrx_word' id='word_1_221' title='bbox 697 2403 890 2439; x_wconf 77' lang='lat' dir='ltr'><strong>familiaris</strong></span> <span class='ocrx_word' id='word_1_222' title='bbox 902 2416 1025 2454; x_wconf 83' lang='lat' dir='ltr'><em>quae-</em></span> 
     </span>
     <span class='ocr_line' id='line_1_46' title="bbox 363 2455 1024 2508; baseline 0.008 -14"><span class='ocrx_word' id='word_1_223' title='bbox 363 2457 454 2495; x_wconf 85' lang='lat' dir='ltr'><em>dam</em></span> <span class='ocrx_word' id='word_1_224' title='bbox 495 2467 530 2497; x_wconf 84' lang='lat' dir='ltr'><em>et</em></span> <span class='ocrx_word' id='word_1_225' title='bbox 576 2461 797 2497; x_wconf 81' lang='lat' dir='ltr'><strong>suavissima</strong></span> <span class='ocrx_word' id='word_1_226' title='bbox 845 2455 1024 2508; x_wconf 76' lang='grc' dir='ltr'><em>α’φέλεια,</em></span> 
     </span>
     <span class='ocr_line' id='line_1_47' title="bbox 363 2516 1023 2567; baseline 0.005 -17"><span class='ocrx_word' id='word_1_227' title='bbox 363 2517 517 2567; x_wconf 82' lang='lat' dir='ltr'>qualem</span> <span class='ocrx_word' id='word_1_228' title='bbox 537 2524 671 2554; x_wconf 80' lang='lat' dir='ltr'><strong>natura</strong></span> <span class='ocrx_word' id='word_1_229' title='bbox 685 2516 889 2554; x_wconf 61' lang='lat' dir='ltr'><em>dictabatf‘</em></span> <span class='ocrx_word' id='word_1_230' title='bbox 924 2517 978 2554; x_wconf 67' lang='lat' dir='ltr'><em>Va</em></span> <span class='ocrx_word' id='word_1_231' title='bbox 991 2517 1023 2553; x_wconf 78' lang='lat' dir='ltr'><em>l-</em></span> 
     </span>
     <span class='ocr_line' id='line_1_48' title="bbox 363 2572 1022 2623; baseline 0.002 -14"><span class='ocrx_word' id='word_1_232' title='bbox 363 2572 578 2610; x_wconf 79' lang='lat' dir='ltr'><em>ckenaer.</em></span> <span class='ocrx_word' id='word_1_233' title='bbox 616 2575 734 2611; x_wconf 82' lang='lat' dir='ltr'><strong>citans</strong></span> <span class='ocrx_word' id='word_1_234' title='bbox 777 2574 908 2623; x_wconf 79' lang='lat' dir='ltr'><em>virgil.</em></span> <span class='ocrx_word' id='word_1_235' title='bbox 939 2575 1022 2610; x_wconf 87' lang='lat' dir='ltr'><strong>Ecl.</strong></span> 
     </span>
     <span class='ocr_line' id='line_1_49' title="bbox 362 2629 1021 2678; baseline 0.002 -12"><span class='ocrx_word' id='word_1_236' title='bbox 362 2630 440 2677; x_wconf 87' lang='lat' dir='ltr'><em>IX,</em></span> <span class='ocrx_word' id='word_1_237' title='bbox 463 2633 528 2670; x_wconf 79' lang='lat'><em>32.</em></span> <span class='ocrx_word' id='word_1_238' title='bbox 550 2631 622 2677; x_wconf 84' lang='lat'>111,</span> <span class='ocrx_word' id='word_1_239' title='bbox 661 2631 726 2670; x_wconf 77' lang='lat'><em>52.</em></span> <span class='ocrx_word' id='word_1_240' title='bbox 759 2629 954 2669; x_wconf 80' lang='lat' dir='ltr'><em>Theocrit.</em></span> <span class='ocrx_word' id='word_1_241' title='bbox 976 2631 1021 2678; x_wconf 88' lang='lat' dir='ltr'><em>V,</em></span> 
     </span>
     <span class='ocr_line' id='line_1_50' title="bbox 363 2685 1021 2737; baseline 0.003 -16"><span class='ocrx_word' id='word_1_242' title='bbox 363 2688 430 2727; x_wconf 88' lang='lat'><em>78.</em></span> <span class='ocrx_word' id='word_1_243' title='bbox 451 2685 624 2736; x_wconf 85' lang='lat' dir='ltr'><em>Euripid.</em></span> <span class='ocrx_word' id='word_1_244' title='bbox 644 2686 815 2737; x_wconf 79' lang='lat' dir='ltr'><em>Iphig.i11</em></span> <span class='ocrx_word' id='word_1_245' title='bbox 828 2688 914 2723; x_wconf 85' lang='lat' dir='ltr'><strong>Aul.</strong></span> <span class='ocrx_word' id='word_1_246' title='bbox 928 2691 1021 2734; x_wconf 78' lang='grc'>877,</span> 
     </span>
     <span class='ocr_line' id='line_1_51' title="bbox 361 2742 1022 2794; baseline -0.002 -14"><span class='ocrx_word' id='word_1_247' title='bbox 361 2743 446 2780; x_wconf 75' lang='lat' dir='ltr'><strong>alla.</strong></span> <span class='ocrx_word' id='word_1_248' title='bbox 494 2742 601 2780; x_wconf 85' lang='lat' dir='ltr'><strong>Idem</strong></span> <span class='ocrx_word' id='word_1_249' title='bbox 623 2742 806 2780; x_wconf 79' lang='lat' dir='ltr'><em>Valcken.</em></span> <span class='ocrx_word' id='word_1_250' title='bbox 835 2745 873 2780; x_wconf 89' lang='lat' dir='ltr'><em>in</em></span> <span class='ocrx_word' id='word_1_251' title='bbox 896 2744 1022 2794; x_wconf 85' lang='lat' dir='ltr'><strong>proxi-</strong></span> 
     </span>
     <span class='ocr_line' id='line_1_52' title="bbox 361 2799 1021 2854; baseline 0.005 -16"><span class='ocrx_word' id='word_1_252' title='bbox 361 2812 427 2838; x_wconf 83' lang='lat' dir='ltr'><em>me</em></span> <span class='ocrx_word' id='word_1_253' title='bbox 445 2813 551 2854; x_wconf 83' lang='lat' dir='ltr'><strong>seqq.</strong></span> <span class='ocrx_word' id='word_1_254' title='bbox 582 2799 745 2852; x_wconf 81' lang='lat' dir='ltr'><em>praefert</em></span> <span class='ocrx_word' id='word_1_255' title='bbox 761 2800 941 2840; x_wconf 75' lang='grc' dir='ltr'><em>ἐνθαῦτα</em></span> <span class='ocrx_word' id='word_1_256' title='bbox 972 2799 1021 2841; x_wconf 81' lang='grc' dir='ltr'><em>δὲ</em></span> 
     </span>
    </p>
   </div>
   <div class='ocr_carea' id='block_1_17' title="bbox 1079 1380 1748 1774">
    <p class='ocr_par' dir='ltr' id='par_1_18' title="bbox 1079 1380 1748 1774">
     <span class='ocr_line' id='line_1_53' title="bbox 1084 1380 1748 1434; baseline 0 -16"><span class='ocrx_word' id='word_1_257' title='bbox 1084 1381 1172 1432; x_wconf 85' lang='lat' dir='ltr'><strong>(pro</strong></span> <span class='ocrx_word' id='word_1_258' title='bbox 1217 1380 1255 1434; x_wconf 85' lang='grc' dir='ltr'><em>ὁ)</em></span> <span class='ocrx_word' id='word_1_259' title='bbox 1301 1380 1596 1433; x_wconf 81' lang='grc' dir='ltr'><em>Θεμιστοκλέης.</em></span> <span class='ocrx_word' id='word_1_260' title='bbox 1654 1382 1748 1418; x_wconf 84' lang='lat' dir='ltr'><em>Mox</em></span> 
     </span>
     <span class='ocr_line' id='line_1_54' title="bbox 1085 1435 1744 1491; baseline -0.002 -16"><span class='ocrx_word' id='word_1_261' title='bbox 1085 1438 1161 1476; x_wconf 82' lang='lat' dir='ltr'><em>duo</em></span> <span class='ocrx_word' id='word_1_262' title='bbox 1183 1438 1294 1478; x_wconf 88' lang='lat' dir='ltr'>codd.</span> <span class='ocrx_word' id='word_1_263' title='bbox 1334 1435 1598 1491; x_wconf 76' lang='grc' dir='ltr'><em>παριζόμενος</em></span> <span class='ocrx_word' id='word_1_264' title='bbox 1619 1438 1744 1490; x_wconf 88' lang='lat' dir='ltr'><strong>(quod</strong></span> 
     </span>
     <span class='ocr_line' id='line_1_55' title="bbox 1084 1496 1748 1545; baseline 0 -13"><span class='ocrx_word' id='word_1_265' title='bbox 1084 1497 1173 1544; x_wconf 84' lang='lat' dir='ltr'><em>VII⁷</em></span> <span class='ocrx_word' id='word_1_266' title='bbox 1212 1499 1261 1536; x_wconf 78' lang='grc'><strong>18</strong></span> <span class='ocrx_word' id='word_1_267' title='bbox 1284 1509 1416 1533; x_wconf 80' lang='lat' dir='ltr'><strong>omnes</strong></span> <span class='ocrx_word' id='word_1_268' title='bbox 1438 1496 1643 1545; x_wconf 83' lang='lat' dir='ltr'><strong>afferunt);</strong></span> <span class='ocrx_word' id='word_1_269' title='bbox 1684 1508 1748 1532; x_wconf 81' lang='lat' dir='ltr'><em>re-</em></span> 
     </span>
     <span class='ocr_line' id='line_1_56' title="bbox 1082 1549 1746 1604; baseline 0.003 -16"><span class='ocrx_word' id='word_1_270' title='bbox 1082 1553 1177 1604; x_wconf 84' lang='lat' dir='ltr'><strong>liqui</strong></span> <span class='ocrx_word' id='word_1_271' title='bbox 1227 1549 1510 1603; x_wconf 74' lang='grc' dir='ltr'><em>παρεζόμενος.</em></span> <span class='ocrx_word' id='word_1_272' title='bbox 1568 1554 1627 1588; x_wconf 86' lang='lat' dir='ltr'><em>De</em></span> <span class='ocrx_word' id='word_1_273' title='bbox 1669 1565 1746 1604; x_wconf 88' lang='lat' dir='ltr'><em>quo</em></span> 
     </span>
     <span class='ocr_line' id='line_1_57' title="bbox 1085 1608 1746 1661; baseline 0 -15"><span class='ocrx_word' id='word_1_274' title='bbox 1085 1609 1188 1661; x_wconf 88' lang='lat' dir='ltr'><em>quod</em></span> <span class='ocrx_word' id='word_1_275' title='bbox 1209 1611 1334 1659; x_wconf 78' lang='lat' dir='ltr'><strong>posuit</strong></span> <span class='ocrx_word' id='word_1_276' title='bbox 1359 1608 1746 1659; x_wconf 78' lang='lat' dir='ltr'><em>Schweighaeuserus</em></span> 
     </span>
     <span class='ocr_line' id='line_1_58' title="bbox 1081 1665 1746 1713; baseline 0 -11"><span class='ocrx_word' id='word_1_277' title='bbox 1081 1665 1305 1713; x_wconf 75' lang='lat' dir='ltr'><strong>discrimen,</strong></span> <span class='ocrx_word' id='word_1_278' title='bbox 1343 1667 1502 1703; x_wconf 73' lang='lat' dir='ltr'>allatum</span> <span class='ocrx_word' id='word_1_279' title='bbox 1521 1668 1562 1702; x_wconf 87' lang='lat' dir='ltr'><em>in</em></span> <span class='ocrx_word' id='word_1_280' title='bbox 1590 1673 1668 1704; x_wconf 84' lang='lat' dir='ltr'><em>not.</em></span> <span class='ocrx_word' id='word_1_281' title='bbox 1696 1665 1746 1702; x_wconf 85' lang='lat' dir='ltr'><em>ad</em></span> 
     </span>
     <span class='ocr_line' id='line_1_59' title="bbox 1079 1722 1745 1774; baseline 0.002 -15"><span class='ocrx_word' id='word_1_282' title='bbox 1079 1724 1152 1770; x_wconf 84' lang='lat' dir='ltr'><em>IV,</em></span> <span class='ocrx_word' id='word_1_283' title='bbox 1183 1722 1272 1771; x_wconf 82' lang='lat'>145,</span> <span class='ocrx_word' id='word_1_284' title='bbox 1294 1736 1448 1772; x_wconf 76' lang='lat' dir='ltr'><em>vereor,</em></span> <span class='ocrx_word' id='word_1_285' title='bbox 1471 1730 1513 1761; x_wconf 86' lang='lat' dir='ltr'><em>ut</em></span> <span class='ocrx_word' id='word_1_286' title='bbox 1529 1725 1627 1760; x_wconf 82' lang='lat' dir='ltr'><strong>tueri</strong></span> <span class='ocrx_word' id='word_1_287' title='bbox 1652 1735 1745 1774; x_wconf 89' lang='lat' dir='ltr'><strong>pos-</strong></span> 
     </span>
    </p>
   </div>
   <div class='ocr_carea' id='block_1_18' title="bbox 598 1775 1163 1830">
    <p class='ocr_par' dir='ltr' id='par_1_19' title="bbox 598 1775 1163 1830">
     <span class='ocr_line' id='line_1_60' title="bbox 598 1775 1163 1830; baseline -0.004 -12"><span class='ocrx_word' id='word_1_288' title='bbox 598 1778 661 1815; x_wconf 85' lang='lat' dir='ltr'><em>Ad</em></span> <span class='ocrx_word' id='word_1_289' title='bbox 703 1775 1023 1830; x_wconf 76' lang='grc' dir='ltr'><em>μεταβουλεύσα-</em></span> <span class='ocrx_word' id='word_1_290' title='bbox 1076 1781 1163 1817; x_wconf 87' lang='lat' dir='ltr'><em>sim.</em></span> 
     </span>
    </p>
   </div>
   <div class='ocr_carea' id='block_1_19' title="bbox 1080 1832 1744 2173">
    <p class='ocr_par' dir='ltr' id='par_1_20' title="bbox 1080 1832 1744 2173">
     <span class='ocr_line' id='line_1_61' title="bbox 1146 1832 1744 1887; baseline -0.002 -11"><span class='ocrx_word' id='word_1_291' title='bbox 1146 1836 1302 1876; x_wconf 67' lang='grc' dir='ltr'><em>ἑωυτοῦ</em></span> <span class='ocrx_word' id='word_1_292' title='bbox 1340 1832 1608 1887; x_wconf 73' lang='grc' dir='ltr'><em>ποιεύμενος]</em></span> <span class='ocrx_word' id='word_1_293' title='bbox 1652 1837 1678 1874; x_wconf 90' lang='lat' dir='ltr'><em>i.</em></span> <span class='ocrx_word' id='word_1_294' title='bbox 1710 1851 1744 1875; x_wconf 88' lang='lat' dir='ltr'><em>e.</em></span> 
     </span>
     <span class='ocr_line' id='line_1_62' title="bbox 1081 1893 1744 1944; baseline 0 -13"><span class='ocrx_word' id='word_1_295' title='bbox 1081 1898 1250 1944; x_wconf 76' lang='lat' dir='ltr'><em>tanqua-m</em></span> <span class='ocrx_word' id='word_1_296' title='bbox 1271 1907 1337 1931; x_wconf 80' lang='lat' dir='ltr'><em>sua</em></span> <span class='ocrx_word' id='word_1_297' title='bbox 1352 1896 1463 1943; x_wconf 78' lang='lat' dir='ltr'><em>ipsius</em></span> <span class='ocrx_word' id='word_1_298' title='bbox 1475 1894 1579 1931; x_wconf 85' lang='lat' dir='ltr'><em>verba</em></span> <span class='ocrx_word' id='word_1_299' title='bbox 1587 1893 1744 1942; x_wconf 78' lang='lat' dir='ltr'><em>faciem,</em></span> 
     </span>
     <span class='ocr_line' id='line_1_63' title="bbox 1083 1948 1744 2001; baseline 0.002 -13"><span class='ocrx_word' id='word_1_300' title='bbox 1083 1964 1172 2001; x_wconf 75' lang='lat' dir='ltr'><em>quae</em></span> <span class='ocrx_word' id='word_1_301' title='bbox 1192 1951 1252 1988; x_wconf 67' lang='lat' dir='ltr'><em>ille</em></span> <span class='ocrx_word' id='word_1_302' title='bbox 1283 1951 1446 1999; x_wconf 75' lang='lat' dir='ltr'><em>dixerat,</em></span> <span class='ocrx_word' id='word_1_303' title='bbox 1485 1952 1565 1989; x_wconf 87' lang='lat' dir='ltr'><strong>scil.</strong></span> <span class='ocrx_word' id='word_1_304' title='bbox 1588 1948 1634 1989; x_wconf 76' lang='grc' dir='ltr'><em>τοὲ</em></span> <span class='ocrx_word' id='word_1_305' title='bbox 1668 1952 1744 1990; x_wconf 81' lang='grc' dir='ltr'><em>τοῦ</em></span> 
     </span>
     <span class='ocr_line' id='line_1_64' title="bbox 1082 2006 1743 2058; baseline -0.002 -12"><span class='ocrx_word' id='word_1_306' title='bbox 1082 2008 1350 2057; x_wconf 80' lang='grc' dir='ltr'><em>Μνησιφίλου</em></span> <span class='ocrx_word' id='word_1_307' title='bbox 1367 2006 1452 2058; x_wconf 77' lang='grc' dir='ltr'><em>ἔπη.</em></span> <span class='ocrx_word' id='word_1_308' title='bbox 1472 2027 1521 2036; x_wconf 92' lang='lat'><em>·-</em></span> <span class='ocrx_word' id='word_1_309' title='bbox 1564 2008 1623 2045; x_wconf 88' lang='lat' dir='ltr'><em>Cf.</em></span> <span class='ocrx_word' id='word_1_310' title='bbox 1639 2007 1743 2045; x_wconf 84' lang='lat' dir='ltr'><strong>Plut.</strong></span> 
     </span>
     <span class='ocr_line' id='line_1_65' title="bbox 1080 2063 1744 2115; baseline 0 -15"><span class='ocrx_word' id='word_1_311' title='bbox 1080 2066 1191 2101; x_wconf 82' lang='lat' dir='ltr'><strong>Brut.</strong></span> <span class='ocrx_word' id='word_1_312' title='bbox 1217 2067 1241 2104; x_wconf 83' lang='lat'><strong>3</strong></span> <span class='ocrx_word' id='word_1_313' title='bbox 1273 2065 1338 2102; x_wconf 87' lang='lat' dir='ltr'><em>fin.</em></span> <span class='ocrx_word' id='word_1_314' title='bbox 1371 2066 1415 2100; x_wconf 85' lang='lat' dir='ltr'><em>In</em></span> <span class='ocrx_word' id='word_1_315' title='bbox 1446 2077 1552 2115; x_wconf 81' lang='lat' dir='ltr'><strong>seqq.</strong></span> <span class='ocrx_word' id='word_1_316' title='bbox 1589 2063 1638 2101; x_wconf 84' lang='lat' dir='ltr'><em>ad</em></span> <span class='ocrx_word' id='word_1_317' title='bbox 1672 2064 1744 2101; x_wconf 86' lang='lat' dir='ltr'><em>du·</em></span> 
     </span>
     <span class='ocr_line' id='line_1_66' title="bbox 1081 2121 1742 2173; baseline 0 -16"><span class='ocrx_word' id='word_1_318' title='bbox 1081 2122 1173 2173; x_wconf 78' lang='lat' dir='ltr'><em>plex</em></span> <span class='ocrx_word' id='word_1_319' title='bbox 1193 2135 1232 2160; x_wconf 86' lang='grc' dir='ltr'><em>τε</em></span> <span class='ocrx_word' id='word_1_320' title='bbox 1248 2135 1353 2159; x_wconf 89' lang='grc' dir='ltr'><em>-τε</em></span> <span class='ocrx_word' id='word_1_321' title='bbox 1379 2121 1482 2158; x_wconf 72' lang='lat' dir='ltr'><em>conf.</em></span> <span class='ocrx_word' id='word_1_322' title='bbox 1506 2121 1585 2169; x_wconf 87' lang='lat' dir='ltr'><strong>VII,</strong></span> <span class='ocrx_word' id='word_1_323' title='bbox 1608 2124 1633 2162; x_wconf 88' lang='grc'>8</span> <span class='ocrx_word' id='word_1_324' title='bbox 1651 2122 1686 2166; x_wconf 65' lang='grc' dir='ltr'><em>ξ.</em></span> <span class='ocrx_word' id='word_1_325' title='bbox 1706 2123 1742 2160; x_wconf 86' lang='grc'><strong>1.</strong></span> 
     </span>
    </p>
   </div>
   <div class='ocr_carea' id='block_1_20' title="bbox 1300 2209 1521 2260">
    <p class='ocr_par' dir='ltr' id='par_1_21' title="bbox 1300 2209 1521 2260">
     <span class='ocr_line' id='line_1_67' title="bbox 1300 2209 1521 2260; baseline -0.005 -14"><span class='ocrx_word' id='word_1_326' title='bbox 1300 2209 1392 2260; x_wconf 84' lang='lat' dir='ltr'><strong>cap.</strong></span> <span class='ocrx_word' id='word_1_327' title='bbox 1414 2210 1521 2246; x_wconf 90' lang='lat' dir='ltr'><strong>LIX.</strong></span> 
     </span>
    </p>
   </div>
   <div class='ocr_carea' id='block_1_21' title="bbox 1076 2285 1742 2840">
    <p class='ocr_par' dir='ltr' id='par_1_22' title="bbox 1076 2285 1742 2840">
     <span class='ocr_line' id='line_1_68' title="bbox 1138 2285 1742 2342; baseline -0.003 -12"><span class='ocrx_word' id='word_1_328' title='bbox 1138 2287 1265 2337; x_wconf 77' lang='grc' dir='ltr'><em>πολῦς</em></span> <span class='ocrx_word' id='word_1_329' title='bbox 1303 2285 1356 2342; x_wconf 73' lang='grc' dir='ltr'><em>ἦν</em></span> <span class='ocrx_word' id='word_1_330' title='bbox 1397 2289 1420 2330; x_wconf 79' lang='grc' dir='ltr'><em>ὅ</em></span> <span class='ocrx_word' id='word_1_331' title='bbox 1457 2287 1742 2342; x_wconf 82' lang='grc' dir='ltr'><em>Θεμιστοκλέης</em></span> 
     </span>
     <span class='ocr_line' id='line_1_69' title="bbox 1081 2343 1741 2399; baseline -0.005 -12"><span class='ocrx_word' id='word_1_332' title='bbox 1081 2346 1125 2387; x_wconf 79' lang='grc' dir='ltr'><em>ἒν</em></span> <span class='ocrx_word' id='word_1_333' title='bbox 1154 2351 1255 2386; x_wconf 86' lang='grc' dir='ltr'><em>τοῖσι</em></span> <span class='ocrx_word' id='word_1_334' title='bbox 1294 2344 1470 2399; x_wconf 78' lang='grc' dir='ltr'><em>λόγοισι,</em></span> <span class='ocrx_word' id='word_1_335' title='bbox 1519 2343 1585 2386; x_wconf 83' lang='grc' dir='ltr'><em>οἷα</em></span> <span class='ocrx_word' id='word_1_336' title='bbox 1614 2343 1741 2398; x_wconf 73' lang='grc' dir='ltr'><em>κᾶρτοι</em></span> 
     </span>
     <span class='ocr_line' id='line_1_70' title="bbox 1082 2401 1740 2454; baseline -0.008 -10"><span class='ocrx_word' id='word_1_337' title='bbox 1082 2401 1300 2454; x_wconf 79' lang='grc' dir='ltr'><em>δεόμενος]</em></span> <span class='ocrx_word' id='word_1_338' title='bbox 1331 2406 1356 2441; x_wconf 89' lang='lat' dir='ltr'><em>i.</em></span> <span class='ocrx_word' id='word_1_339' title='bbox 1398 2418 1431 2441; x_wconf 83' lang='lat' dir='ltr'><em>e.</em></span> <span class='ocrx_word' id='word_1_340' title='bbox 1456 2405 1568 2442; x_wconf 82' lang='lat' dir='ltr'><em>multa</em></span> <span class='ocrx_word' id='word_1_341' title='bbox 1602 2404 1740 2441; x_wconf 69' lang='lat' dir='ltr'><em>dicebat</em></span> 
     </span>
     <span class='ocr_line' id='line_1_71' title="bbox 1081 2459 1736 2510; baseline -0.002 -13"><span class='ocrx_word' id='word_1_342' title='bbox 1081 2460 1255 2510; x_wconf 82' lang='lat' dir='ltr'>(multus</span> <span class='ocrx_word' id='word_1_343' title='bbox 1318 2468 1396 2497; x_wconf 76' lang='lat' dir='ltr'><em>erat</em></span> <span class='ocrx_word' id='word_1_344' title='bbox 1444 2462 1483 2497; x_wconf 85' lang='lat' dir='ltr'><em>in</em></span> <span class='ocrx_word' id='word_1_345' title='bbox 1545 2459 1736 2508; x_wconf 82' lang='lat' dir='ltr'><em>dicendo)</em></span> 
     </span>
     <span class='ocr_line' id='line_1_72' title="bbox 1080 2515 1737 2568; baseline -0.002 -15"><span class='ocrx_word' id='word_1_346' title='bbox 1080 2521 1207 2568; x_wconf 71' lang='lat' dir='ltr'><em>quippe</em></span> <span class='ocrx_word' id='word_1_347' title='bbox 1245 2518 1430 2555; x_wconf 77' lang='lat' dir='ltr'><strong><em>admodum</em></strong></span> <span class='ocrx_word' id='word_1_348' title='bbox 1467 2519 1618 2555; x_wconf 68' lang='lat' dir='ltr'><em>instans.</em></span> <span class='ocrx_word' id='word_1_349' title='bbox 1675 2515 1737 2553; x_wconf 88' lang='lat' dir='ltr'><em>Ad</em></span> 
     </span>
     <span class='ocr_line' id='line_1_73' title="bbox 1078 2572 1737 2621; baseline -0.005 -10"><span class='ocrx_word' id='word_1_350' title='bbox 1078 2575 1314 2612; x_wconf 76' lang='lat' dir='ltr'><em>locutionem</em></span> <span class='ocrx_word' id='word_1_351' title='bbox 1343 2574 1442 2611; x_wconf 86' lang='lat' dir='ltr'><strong>conf.</strong></span> <span class='ocrx_word' id='word_1_352' title='bbox 1464 2575 1554 2621; x_wconf 72' lang='lat' dir='ltr'><em>vn,</em></span> <span class='ocrx_word' id='word_1_353' title='bbox 1591 2572 1668 2614; x_wconf 85' lang='lat'><em>158</em></span> <span class='ocrx_word' id='word_1_354' title='bbox 1702 2579 1737 2609; x_wconf 88' lang='lat' dir='ltr'><em>et</em></span> 
     </span>
     <span class='ocr_line' id='line_1_74' title="bbox 1079 2625 1740 2684; baseline 0 -16"><span class='ocrx_word' id='word_1_355' title='bbox 1079 2633 1118 2668; x_wconf 91' lang='lat' dir='ltr'><em>in</em></span> <span class='ocrx_word' id='word_1_356' title='bbox 1142 2645 1248 2684; x_wconf 83' lang='lat' dir='ltr'><strong>seqq.</strong></span> <span class='ocrx_word' id='word_1_357' title='bbox 1282 2631 1330 2667; x_wconf 77' lang='lat' dir='ltr'><em>ad</em></span> <span class='ocrx_word' id='word_1_358' title='bbox 1357 2631 1522 2668; x_wconf 87' lang='lat' dir='ltr'><strong>sormam</strong></span> <span class='ocrx_word' id='word_1_359' title='bbox 1549 2625 1740 2679; x_wconf 61' lang='grc' dir='ltr'><em>Θεμιστό*</em></span> 
     </span>
     <span class='ocr_line' id='line_1_75' title="bbox 1078 2687 1735 2737; baseline -0.009 -10"><span class='ocrx_word' id='word_1_360' title='bbox 1078 2692 1186 2735; x_wconf 73' lang='grc' dir='ltr'><em>ςιλεες</em></span> <span class='ocrx_word' id='word_1_361' title='bbox 1207 2687 1340 2725; x_wconf 75' lang='lat' dir='ltr'><strong>Matth.</strong></span> <span class='ocrx_word' id='word_1_362' title='bbox 1364 2689 1497 2726; x_wconf 82' lang='lat' dir='ltr'><em>Gr.Gr.</em></span> <span class='ocrx_word' id='word_1_363' title='bbox 1521 2689 1556 2732; x_wconf 68' lang='grc' dir='ltr'><em>ξ.</em></span> <span class='ocrx_word' id='word_1_364' title='bbox 1580 2689 1632 2726; x_wconf 84' lang='grc'><em>78</em></span> <span class='ocrx_word' id='word_1_365' title='bbox 1648 2700 1735 2737; x_wconf 75' lang='lat' dir='ltr'><strong>pag.</strong></span> 
     </span>
     <span class='ocr_line' id='line_1_76' title="bbox 1080 2743 1733 2786; baseline -0.012 0"><span class='ocrx_word' id='word_1_366' title='bbox 1080 2749 1175 2786; x_wconf 76' lang='lat'><em>176.</em></span> <span class='ocrx_word' id='word_1_367' title='bbox 1210 2746 1409 2781; x_wconf 74' lang='lat' dir='ltr'><em>Caeterum</em></span> <span class='ocrx_word' id='word_1_368' title='bbox 1440 2743 1623 2780; x_wconf 79' lang='lat' dir='ltr'><em>Herodoti</em></span> <span class='ocrx_word' id='word_1_369' title='bbox 1646 2756 1733 2779; x_wconf 84' lang='lat' dir='ltr'><em>cum</em></span> 
     </span>
     <span class='ocr_line' id='line_1_77' title="bbox 1076 2798 1736 2840; baseline -0.003 -1"><span class='ocrx_word' id='word_1_370' title='bbox 1076 2803 1292 2839; x_wconf 80' lang='lat' dir='ltr'><strong>narratione</strong></span> <span class='ocrx_word' id='word_1_371' title='bbox 1312 2803 1526 2840; x_wconf 78' lang='lat' dir='ltr'><strong>conferatur</strong></span> <span class='ocrx_word' id='word_1_372' title='bbox 1542 2798 1736 2838; x_wconf 80' lang='lat' dir='ltr'><strong>Plutarch.</strong></span> 
     </span>
    </p>
   </div>
   <div class='ocr_carea' id='block_1_22' title="bbox 1937 940 1996 3238">
    <p class='ocr_par' dir='ltr' id='par_1_23' title="bbox 1937 940 1996 3238">
     <span class='ocr_line' id='line_1_78' title="bbox 1937 940 1996 3238; baseline 0 0"><span class='ocrx_word' id='word_1_373' title='bbox 1937 940 1996 3238; x_wconf 95' lang='lat' dir='ltr'><em> </em></span> 
     </span>
    </p>
   </div>
  </div>
 </body>
</html>
