1996 3238
548 222 892 259 URANIA.
950 221 1081 258 VIII.
1391 222 1449 261 49

189 335 450 389 προκείμενα
486 331 651 375 ἔσωθεν
687 330 734 373 ἐκ
773 332 854 372 τοῦ
893 329 1088 384 μεγάρου
1128 329 1452 385 ἐξενηνειγμένα

162 404 290 458 Ξὶρὰ,
319 406 404 445 τῶν
434 398 515 443 οὐκ
546 399 672 442 ὅσιον
693 394 747 454 ἦν
778 397 989 440 ἅπτεσθαι
1019 396 1265 452 ἀνθρώπων
1288 398 1449 443 ου’ὁενί.

191 471 215 516 ὁ
246 471 323 526 μὲν
353 468 404 524 δὴ
434 467 500 524 ἤΐε
529 471 717 523 Δελφῶν
745 473 858 508 τοῖσι
896 469 1107 519 παρεοῦσι
1140 469 1365 522 σημανέων
1403 467 1508 512 τόὃο

188 540 325 592 τέρας.
384 538 436 579 Οἱ
464 536 508 579 δὲ
535 535 753 591 βάρβαροι
783 534 926 588 ἐπειδή
956 533 1150 589 ἐγίνοντο
1182 534 1451 590 ἐπειγόμενοι

187 604 296 649 κατά
338 604 386 647 τὸ
431 605 529 658 ἱρόν
570 609 643 659 τῆς
687 604 910 657 Προνηίης
935 600 1186 659 Ἀθηναίης,
1219 604 1451 659 ἐπιγίνεταί

189 686 270 728 σφι
308 671 431 726 τέρεα
470 673 530 716 ἔτι
559 675 728 728 ῗμέζυνα
767 674 846 713 τοῦ
888 670 994 722 πρὶν
1024 672 1262 726 γενομένου
1292 673 1450 724 τέρεος.

160 741 355 795 ὃθώυμα
394 740 471 796 μὲν
501 741 583 795 γάρ
616 741 688 782 καὶ
717 743 846 781 τοῦτο
877 739 1012 792 κάρτα
1041 739 1148 791 ἐστὶ,
1178 738 1291 783 ὅπλα
1322 739 1508 795 ἀρήϊα85

189 809 413 863 αὐτόματα
445 812 638 863 φανῆναι
659 808 736 860 ἔξω
766 809 1028 862 προκείμενα
1047 812 1124 851 τοῦ
1155 812 1288 863 νηοῦ·
1321 809 1372 850 τὰ
1405 808 1451 852 ὁὲ

189 875 241 931 δή
275 876 342 918 ἐπὶ
371 878 510 932 τούτῳ
543 875 721 930 δεύτερα
751 874 1043 930 ἐπιγενόμενα,
1074 875 1147 919 καὶ
1177 876 1250 918 διὰ
1274 876 1453 919 πάντων

160 941 438 999 4φασμάτων
475 944 572 996 ἄξια
600 943 834 996 θωυμάσαι
865 943 1059 998 μάλιστα.
1117 942 1240 987 Ἐπεὶ
1284 946 1367 999 γάρ
1400 944 1452 1001 δὴ

187 1006 301 1067 ἦσαν
331 1011 520 1064 ἐπιόντες
551 1013 595 1056 οἱ
628 1011 846 1070 βάρβαροι
875 1011 985 1056 κατὰ
1015 1012 1063 1056 τὸ
1096 1011 1196 1068 ἱρὸν
1231 1015 1306 1069 τῆς
1337 1016 1453 1069 Προ-

133 1189 267 1227 homini
283 1188 384 1239 nefas
407 1189 592 1226 (lucebant.
627 1189 701 1225 L'bi
720 1201 793 1226 vo-

135 1260 220 1284 cem
243 1246 407 1293 ἔσωθεν,
429 1259 545 1298 quam
570 1247 609 1281 in
642 1245 792 1293 ἔξωθεν

133 1305 272 1340 mutari
290 1304 460 1340 voluerat
477 1301 704 1353 Stephanus,
722 1304 792 1339 be-

132 1373 183 1396 ne
212 1367 338 1396 tuetur
368 1361 614 1410 wesseling,
644 1361 674 1396 si
705 1361 793 1411 qui-

135 1416 224 1454 dem
260 1429 364 1453 arma
387 1424 521 1467 sponte
549 1429 616 1453 sua
646 1430 666 1452 e
694 1424 795 1452 tem-

133 1475 188 1525 pli
224 1474 408 1524 penetrali
440 1473 620 1521 (ἔσωθεν
653 1472 694 1512 ἐν.
721 1475 795 1511 τοῦ

135 1527 329 1582 μεγάρου)
351 1532 484 1566 exiisse
497 1529 687 1566 dicuntur.
708 1530 795 1566 Vox

137 1585 203 1636 ἱρὰ
232 1599 310 1623 non
328 1589 408 1622 sine
428 1587 467 1622 vi
484 1585 649 1638 quadam
665 1588 717 1622 ita
734 1587 794 1622 vi-

135 1643 245 1681 detur
265 1656 343 1680 esse
364 1645 583 1694 postposita.
640 1642 702 1679 Ad
723 1656 795 1679 vo-

136 1714 221 1738 cem
243 1696 430 1752 μεγάρου,
463 1700 694 1751 qustinterior
706 1703 794 1737 tem-

129 1757 187 1809 pli
198 1771 286 1808 pars
306 1770 334 1793 s.
352 1757 531 1807 penetrale
550 1756 709 1793 indicari
729 1770 794 1793 so-

134 1816 200 1861 let,
231 1814 332 1852 conf.
368 1820 463 1850 nott.
498 1813 546 1850 ad
576 1815 605 1862 1,
628 1813 694 1854 65.
729 1814 792 1861 VI,

141 1869 232 1911 134.
320 1869 399 1908 Sed
456 1872 560 1921 νηοῦ
607 1871 794 1907 vocabulo

139 1940 296 1964 omnem
312 1926 372 1964 hic
392 1928 527 1978 templi
553 1928 697 1964 molem
717 1929 796 1964 sive

140 1985 328 2020 ambitum
358 1983 539 2020 declarari
569 1991 712 2034 putem,
753 1991 797 2021 ut

138 2041 238 2086 wll,
270 2042 322 2080 39
361 2054 455 2077 voce
497 2040 600 2091 ἷροῦ.
658 2042 708 2077 Ut
748 2040 796 2077 ad

139 2098 266 2147 ipsum
299 2096 463 2148 denique
493 2103 711 2146 portentum
731 2111 795 2134 ve-

139 2155 256 2199 niam,
278 2154 400 2189 simile
421 2152 514 2204 quid
535 2151 678 2189 Thebis
709 2160 797 2189 ante

138 2210 379 2246 Leuctricam
417 2221 588 2260 pugnam
620 2209 798 2246 accidisse

139 2273 267 2303 narrat
299 2266 429 2302 Cicero
457 2268 514 2302 De
535 2266 664 2302 Divin.
688 2267 718 2313 I,
743 2265 797 2306 34

142 2336 164 2360 a
194 2321 470 2360 Valckenaerio
499 2322 694 2370 laudatus3
756 2324 796 2358 in

140 2381 285 2431 templo
331 2380 503 2416 Herculis
551 2380 629 2416 scil.
668 2379 796 2417 valvas

141 2438 285 2474 clausas
316 2437 503 2486 repagulis
533 2436 656 2472 subito
676 2450 715 2473 se
736 2437 796 2487 ip-

141 2506 199 2531 sas
228 2494 415 2544 aperuisse
454 2505 659 2544 armaque,
700 2506 798 2545 quae

141 2550 219 2587 fixa
250 2552 290 2586 iu
318 2550 522 2600 parietibus
551 2549 712 2598 fuerint,
753 2562 798 2585 ea

145 2620 224 2644 esse
257 2605 366 2643 humi
390 2608 558 2646 inventa.
617 2607 681 2642 Tu
721 2605 799 2643 vid.

146 2676 298 2715 quoque
318 2664 497 2714 Xenoph.
517 2663 666 2699 Hellen.
688 2664 749 2710 VI,
760 2662 797 2711 4,

145 2723 183 2761 7.
212 2719 368 2759 Diodor.
399 2722 471 2757 XV
503 2733 587 2770 cap.
619 2720 683 2765 53,
706 2732 799 2771 quos

147 2775 196 2812 ad
231 2778 420 2815 Ciceronis
458 2778 589 2815 locum
626 2778 800 2816 Davisius

145 2832 325 2871 laudavit.
398 2826 402 2830 ’

203 2891 424 2928 Henono‘r.
443 2889 512 2930 IV.

902 1190 975 1239 τῆς
1007 1188 1216 1240 Προνηίης
1248 1184 1506 1242 Ἀθηναίης]

851 1247 1060 1297 Προνηΐης
1085 1253 1121 1282 et
1142 1244 1180 1281 h.
1202 1246 1227 1282 l.
1255 1253 1290 1282 et
1312 1248 1424 1297 paulo
1446 1249 1509 1282 in-

848 1302 963 1339 ferius
1004 1303 1092 1348 (nbi
1132 1301 1359 1340 Schaeferus
1403 1302 1508 1341 haud

848 1360 918 1396 sibi
947 1366 1120 1396 constans
1151 1358 1307 1396 dederat
1329 1358 1510 1411 Προναί-

850 1417 914 1465 ης)
936 1417 1085 1467 reposui
1106 1429 1194 1452 cum
1211 1417 1326 1453 Gaisf.
1347 1424 1382 1453 et
1403 1416 1511 1453 Bek-

851 1471 960 1509 kero.
996 1474 1040 1509 In
1061 1472 1326 1519 Flor.‚Medic.
1345 1474 1425 1509 aliis
1446 1475 1510 1509 in·-

850 1530 1000 1565 venitur
1020 1529 1238 1580 Προναίης,
1269 1529 1374 1580 quod
1401 1543 1510 1567 rece-

850 1586 905 1636 pit
924 1585 1126 1632 Matthiae,
1167 1587 1207 1621 in
1229 1586 1308 1623 aliis
1333 1589 1510 1637 Προνοι-

849 1643 982 1692 ἰ”ηςζεῖ
1021 1642 1236 1694 Προνοίας.
1322 1644 1386 1680 Tu
1426 1643 1505 1681 vid.

849 1701 1073 1750 Harpocrat.
1117 1713 1145 1738 s,
1177 1713 1214 1736 v.
1252 1697 1434 1751 Πρόνοια
1474 1707 1511 1738 et

849 1757 1021 1807 inprimis
1061 1757 1226 1793 Pausan.
1258 1758 1307 1803 X,
1345 1760 1368 1799 8
1402 1759 1439 1803 §.
1470 1756 1509 1806 4,

850 1814 917 1850 ubi
938 1820 1127 1850 memorat
1160 1815 1349 1864 templum
1381 1809 1510 1863 Ἀθη-

852 1872 925 1916 νᾶς
959 1871 1183 1919 Προνοίαςς
1221 1873 1273 1907 sic
1315 1872 1417 1908 enim
1456 1872 1509 1907 ibi

853 1926 956 1964 dedit
993 1928 1151 1965 Siebelis
1189 1941 1276 1978 pag.
1322 1929 1395 1968 181
1427 1941 1509 1980 seq.

851 1985 977 2034 plures
1018 1986 1185 2021 excitans
1224 1987 1323 2021 viros
1364 1983 1508 2033 doctos,

853 2042 918 2092 qui
959 2041 1178 2077 alterutram
1228 2042 1395 2092 amplexi
1437 2043 1513 2079 siut

850 2098 1073 2142 lectionem,
1112 2097 1284 2150 illudque
1313 2097 1507 2147 adficiens,

852 2160 1054 2203 cognatam
1109 2153 1229 2189 videri
1299 2155 1511 2192 Minervam

852 2206 1034 2260 πρόναον
1071 2210 1111 2245 in
1139 2211 1326 2260 Apollinis
1355 2213 1511 2249 Ismenii

851 2267 994 2316 templo
1027 2266 1128 2317 apud
1165 2269 1326 2305 Pausan.
1356 2269 1424 2314 IX,
1457 2271 1509 2309 10

854 2324 888 2369 ξ.
913 2327 949 2363 2.
1011 2324 1121 2364 Conf.
1152 2332 1248 2361 nott.
1278 2323 1325 2361 ad
1366 2324 1509 2363 Herod.

851 2381 881 2427 I,
914 2382 979 2419 92.
1013 2380 1081 2419 Cr.
1114 2379 1188 2417 hoc
1222 2383 1306 2418 loco
1346 2382 1509 2418 conferri

852 2437 934 2472 vult
959 2435 1023 2474 the
1056 2438 1221 2474 classical
1249 2440 1403 2475 Iournal
1425 2439 1508 2476 Vol.

853 2495 909 2530 XI
930 2507 966 2543 p.
994 2493 1084 2534 151.
1104 2516 1160 2522 ——
1179 2494 1241 2531 Ad
1256 2495 1419 2532 formam
1438 2509 1510 2547 ge-

854 2551 962 2586 nitivi
990 2549 1122 2600 τέρεος
1151 2552 1251 2589 conf.
1282 2553 1417 2590 Matth.
1441 2555 1508 2592 Gr.

856 2608 922 2643 Gr.
948 2608 982 2652 §.
1004 2607 1069 2653 84,
1091 2614 1171 2644 not.
1194 2609 1217 2647 3
1240 2622 1326 2660 pag.
1353 2613 1442 2654 187,
1471 2617 1507 2648 et

854 2662 902 2700 ad
951 2664 1183 2700 locutionem
1225 2663 1291 2704 διά
1345 2663 1510 2707 πάντων

855 2717 1074 2771 φασμάτων
1095 2728 1186 2758 nott.
1209 2721 1257 2759 ad
1280 2723 1422 2760 Herod.
1446 2725 1508 2772 Vl,

855 2779 922 2817 63.
981 2778 1055 2813 Pro
1096 2780 1220 2829 θαῖμα
1254 2787 1291 2816 et
1319 2776 1509 2829 θωμάσαι

852 2835 1004 2885 reposui
1021 2829 1172 2888 θώυμα
1193 2842 1231 2872 et
1250 2833 1482 2890 θωυμάσαι.

1210 2892 1238 2934 4

1986 2535 1990 2579 Ξ

1984 2612 1992 2758 Ξ

1990 2771 1991 2781 1

1989 2840 1992 2854 l
