1996 3238
431 247 487 285 44
831 243 1288 279 IIERODOTI

431 357 523 404 λιν,
553 350 662 394 κατὰ
692 351 737 392 δὲ
772 349 1029 406 Χαράδρην,

1070 351 1142 394 καὶ
1162 350 1370 405 ’Έρωχον,
1402 351 1474 392 καὶ
1509 350 1686 403 Τεθρώ-

434 437 544 467 νιον,
574 419 646 462 καὶ
672 417 948 472 Ἀμφίκαιαν,
979 419 1051 462 καὶ
1081 420 1246 466 Νέωνα,
1277 419 1349 460 καὶ
1379 418 1582 468 Πεδιέας,
1615 419 1687 460 καὶ

441 487 634 541 Τριτέας,
666 486 739 528 καὶ
763 483 999 537 Ἐλάτειαν,
1033 488 1104 529 καὶ
1130 485 1387 540 Ὑάμπολιν,
1430 486 1501 527 καὶ
1541 490 1686 540 Παρα-

407 563 429 594 Q
442 556 697 609 ποταμίους,
738 554 810 595 καὶ
840 552 973 609 ’Ἄβας
984 569 992 578 ·

1722 559 1740 592 (ss

1059 555 1165 596 ἔνθα
1200 548 1254 608 ἦν
1284 552 1384 606 ἱρόν
1417 552 1716 604 Ἀπόλλωνος3

433 621 664 672 πλούσιον,
704 623 968 676 θησαυροῖσί
1007 637 1050 664 τε
1089 621 1161 663 καὶ
1200 618 1452 676 ἀναθήμασι
1490 625 1686 663 πολλοῖσι

432 689 847 744 κατεσκευασμένον·
897 683 950 744 ἦν
990 689 1035 731 δὲ

434 754 696 812 χρηστήριον
735 755 912 798 αὐτόθι·
956 757 1027 799 καὶ
1056 759 1184 798 τοῦτο
1223 754 1271 796 τὸ
1312 755 1408 809 ἵρὸυ
1430 755 1690 810 συλήσαντες

1076 688 1148 731 καὶ
1187 686 1300 737 τότε,
1352 687 1425 730 καὶ
1461 691 1543 729 νῦν
1586 688 1686 739 ἐστὶ,

405 824 692 880 3ἑνέπρησαν·
723 824 797 866 καί
825 840 943 874 τινας
973 822 1201 874 διώκοντες
1230 819 1345 865 εἷλον
1375 827 1463 866 τῶν
1499 824 1689 867 Φωκέων

376 1030 477 1068 Dadi
496 1032 533 1067 in
556 1032 651 1068 colle
680 1032 779 1070 sitas.
836 1032 887 1068 At
915 1033 1034 1069 Kruse

378 1088 406 1124 l.
427 1089 450 1124 1.
473 1102 509 1139 p.
531 1091 555 1128 8
575 1090 719 1125 mavult
747 1089 902 1138 cogitari
923 1089 969 1125 de
989 1102 1034 1125 eo

376 1144 474 1191 loco,
490 1146 554 1195 qui
576 1158 751 1182 occasum
771 1159 896 1182 versus
919 1147 1034 1182 avico

379 1201 559 1238 Ternitza
573 1215 689 1252 prope
705 1203 902 1251 Oglunitza
921 1215 1036 1253 quas—

381 1256 471 1294 dam
504 1257 632 1308 oppidi
662 1259 837 1309 reliquias
864 1260 904 1294 iu
940 1259 1036 1295 colle

379 1316 582 1362 contineat,
623 1314 714 1351 duas
742 1314 852 1351 horas
890 1328 911 1350 a
938 1314 1037 1351 Dadi

378 1378 554 1417 remotas,
588 1384 685 1422 quae
706 1372 785 1421 ipsa
803 1372 925 1407 multo
946 1384 1036 1421 pro-

379 1428 464 1477 pior
490 1428 641 1463 Lilaeae
671 1428 730 1463 sit.
760 1429 817 1463 De
839 1426 957 1464 Neone
979 1427 1038 1463 di-

379 1485 507 1520 ximus
538 1483 586 1520 ad
616 1484 714 1530 VIII,
744 1487 809 1524 32.
871 1482 1040 1530 Πεδιέας

381 1547 418 1576 et
444 1539 600 1591 Τριτέας
629 1541 797 1589 neglexit
823 1541 1039 1577 Pausanias.

380 1595 443 1632 Ad
465 1596 534 1632 hos
559 1595 663 1647 quod
691 1596 857 1632 referunt
884 1600 1041 1646 Τριται-

380 1651 449 1699 έας
484 1652 585 1702 apud
613 1651 833 1702 Thucydid.
861 1653 926 1699 III,
961 1655 1036 1692 101

381 1708 466 1757 (ubi
482 1708 556 1746 vid.
578 1709 819 1759 interprett.)‚
846 1716 947 1745 recte
969 1709 1039 1745 ob-

382 1778 531 1802 servare
552 1765 700 1802 videtur
721 1767 839 1801 Kruse
861 1766 884 1802 l.
906 1766 932 1801 l.
952 1778 1038 1815 pag.

383 1824 437 1863 88
458 1821 572 1859 hosce
593 1820 831 1872 Thucydidis
850 1822 1039 1858 Trz'taeen-

384 1891 436 1915 ses
471 1880 561 1915 alios
592 1892 669 1915 esse
709 1885 822 1929 atque
855 1877 1041 1914 Herodoti

388 1935 574 1980 Trz'tenses‚
613 1936 678 1986 qui
717 1941 808 1970 teste
844 1933 1039 1984 Stephano

382 1992 478 2042 1352.
511 1991 559 2028 ad
587 1993 726 2027 Locros
761 1992 893 2028 Ozolas
923 1992 1041 2041 perti-

383 2049 556 2094 nuerint,
600 2060 764 2098 euinque
794 2047 872 2083 fere
913 2048 1041 2083 locum

385 2106 589 2151 tenuerint,
613 2117 726 2155 quein
750 2117 852 2139 nuuc
875 2105 1042 2140 obtineat

385 2174 505 2211 pagus
527 2159 774 2196 Turcochori.
795 2159 903 2196 Idem
923 2162 1042 2196 Kruse

387 2219 411 2254 1.
432 2219 456 2253 I.
479 2231 517 2267 p.
540 2219 591 2256 89
621 2216 805 2252 podienses
822 2217 918 2251 intra
938 2218 1042 2252 Neo-

386 2286 476 2310 nem
524 2272 722 2320 (Belitza)
766 2279 802 2308 et
847 2274 1041 2309 Tritaeam

389 2327 669 2380 (suroochori)
693 2329 864 2366 conocat.

444 2439 739 2490 καὶΈλάτειαυ]
763 2441 895 2478 ΕΙαΐεα
916 2441 1042 2477 omni-

393 2512 458 2534 um
473 2499 645 2536 Phocidis
660 2506 778 2535 terrae
791 2499 941 2534 urbium
960 2510 1042 2533 ma-

393 2557 494 2591 ssima
530 2556 745 2605 perhibetur
777 2556 861 2591 loco
897 2556 966 2590 sita
995 2552 1043 2588 ad

392 2613 589 2648 Boeotiam
627 2610 882 2647 invadendam
933 2609 1044 2646 valde

394 2675 621 2717 opportuno.
639 2666 722 2702 vid.
746 2669 906 2703 Pausan.
922 2668 972 2712 X,
993 2664 1045 2705 34

393 2726 432 2769 ξ.
463 2728 472 2763 l
499 2725 626 2775 ibique
647 2724 802 2759 Siebelis
823 2737 860 2772 p.
877 2726 969 2769 300,
983 2722 1047 2772 qui

400 2782 652 2816 recentiorum
667 2792 817 2830 quoque
830 2780 1049 2829 peregrina-

397 2844 523 2875 torum
544 2838 665 2874 attulit
678 2837 888 2873 testimonia
909 2835 955 2874 de
975 2835 1047 2874 situ

1090 1032 1204 1080 urbis,
1218 1032 1255 1068 in
1269 1030 1372 1068 cuius
1392 1030 1520 1068 locum
1540 1043 1642 1067 nunc
1663 1043 1746 1068 ces-

1090 1091 1179 1126 sisse
1210 1090 1343 1125 volunt
1382 1089 1511 1124 vicum
1552 1087 1687 1124 Eleum
1725 1099 1746 1123 a

1091 1144 1273 1183 Tithorea
1296 1144 1439 1181 duabus
1471 1143 1571 1180 horis
1604 1143 1747 1180 dismil-

1091 1209 1182 1241 tem.
1241 1203 1355 1238 Plura
1388 1203 1507 1237 Kruse
1541 1201 1594 1244 H,
1614 1203 1746 1249 sspag.

1092 1261 1144 1299 76
1174 1272 1253 1309 seq.
1311 1259 1435 1293 Minus
1467 1263 1567 1293 recte
1600 1257 1662 1292 alii
1687 1257 1748 1292 vi-

1092 1328 1181 1351 cum
1202 1312 1437 1351 Turcoch'ori
1472 1312 1546 1349 huc
1567 1314 1747 1349 referunt.

1094 1372 1204 1408 conf.
1244 1369 1381 1407 Clarke
1419 1370 1577 1407 Travels
1626 1370 1673 1415 ΙΙ,
1708 1370 1747 1407 3.

1096 1426 1205 1478 chap.
1247 1429 1272 1468 8
1310 1438 1396 1476 pag.
1437 1425 1531 1472 295,
1572 1426 1638 1476 qui
1670 1426 1750 1474 ipse

1097 1497 1141 1520 eo
1200 1484 1382 1519 inclinare
1436 1480 1598 1518 videtur.
1692 1482 1750 1517 De

1096 1540 1293 1590 Hyampolz'
1326 1537 1404 1575 vid.
1444 1545 1540 1576 nott.
1581 1536 1630 1574 ad
1651 1538 1750 1584 VIII,

1096 1599 1172 1641 233
1222 1596 1268 1632 de
1298 1596 1384 1632 Abz's
1413 1601 1508 1634 nott,
1541 1592 1589 1629 ad
1623 1595 1652 1640 Ι,
1683 1592 1751 1633 46.

1095 1653 1194 1699 VIII,
1246 1654 1312 1692 27.
1382 1650 1650 1699 Parapotamios
1689 1662 1752 1685 re-

1097 1715 1223 1745 censet
1244 1720 1397 1759 quoque
1427 1707 1631 1743 Pausanias
1652 1706 1702 1751 X,
1725 1708 1750 1745 3

1097 1767 1134 1810 ξ.
1183 1767 1222 1804 2.
1266 1767 1317 1804 33
1360 1765 1397 1808 ἓ.
1434 1762 1460 1803 4
1511 1763 1597 1799 coll.
1644 1762 1752 1798 Stra-

1096 1822 1186 1859 bon.
1231 1821 1289 1857 IX
1327 1832 1414 1870 pag.
1462 1817 1542 1858 424
1596 1831 1626 1855 s.
1669 1817 1750 1858 649

1095 1879 1145 1915 A.
1266 1875 1559 1926 Παοαποταμία
1633 1879 1752 1910 exstat

1097 1931 1198 1984 apud
1219 1931 1403 1983 Stephon.
1423 1933 1517 1981 Byz.
1547 1944 1574 1967 s.
1594 1944 1630 1970 v.
1664 1942 1751 1980 pag.

1098 1993 1191 2031 626.
1253 1992 1357 2024 Onne
1395 2001 1416 2023 a
1443 1988 1565 2023 Persis
1598 1987 1753 2023 incensa

1098 2053 1134 2083 et
1163 2053 1245 2096 post
1266 2046 1433 2081 restituta
1451 2043 1521 2080 fuit
1541 2044 1648 2090 urbs,
1669 2043 1754 2079 bel-

1097 2104 1134 2140 lo
1155 2115 1260 2139 sacro
1281 2103 1418 2138 iterum
1440 2112 1565 2137 eversa
1579 2112 1656 2136 non
1668 2111 1753 2135 am-

1098 2161 1196 2209 plius
1223 2158 1401 2204 refloruit,
1424 2169 1513 2193 cum
1541 2156 1752 2192 Pausaniae

1100 2222 1221 2252 aetate
1241 2215 1301 2252 vel
1322 2215 1452 2250 ruinae
1474 2213 1681 2262 periissent,
1710 2217 1753 2247 ut

1098 2286 1148 2308 ne
1170 2273 1272 2308 locus
1294 2268 1467 2321 quidem,
1493 2268 1558 2303 ubi
1578 2269 1646 2303 sita
1668 2267 1754 2303 fue-

1098 2330 1164 2375 rit,
1195 2333 1296 2363 certo
1317 2325 1463 2361 definiri
1483 2325 1609 2375 possit.
1641 2323 1752 2360 Conf-

1099 2384 1256 2421 Siebelis
1286 2381 1333 2417 ad
1356 2383 1518 2417 pausam.
1558 2381 1582 2417 l.
1603 2381 1629 2418 l.
1664 2393 1753 2460 pag.

1097 2440 1178 2480 295
1210 2447 1243 2475 et
1265 2439 1359 2488 poli
1353 2439 1500 2475 simum
1521 2438 1638 2473 Kruse
1655 2438 1752 2482 11,0
1727 2465 1753 2476 ,0

1098 2509 1185 2546 pag.
1178 2498 1247 2535 .72
1268 2509 1386 2546 sum„
1408 2494 1583 2545 quiGeIl.
1605 2499 1753 2529 secutus

1101 2553 1362 2588 urbemn-olio<
1367 2558 1402 2587 at
1423 2553 1460 2586 in
1476 2548 1643 2600 Cephissi
1671 2549 1754 2584 val-

1101 2610 1136 2645 le
1157 2609 1252 2644 infra
1272 2608 1554 2650 Aneinoreiain,
1581 2605 1627 2641 ad
1648 2605 1754 2640 cuius

1102 2667 1248 2702 laevam
1263 2665 1469 2707 castellum,
1491 2661 1592 2713 quod
1613 2663 1649 2696 in
1663 2673 1754 2711 pro-

1103 2722 1262 2758 minenti
1288 2732 1379 2756 saxo
1405 2720 1475 2755 suit
1506 2724 1753 2762 exstructum,

1104 2791 1221 2828 prope
1235 2774 1402 2823 Rides-ch,
1423 2782 1465 2811 ut
1480 2787 1582 2811 nunc
1607 2779 1754 2818 vocant,

1105 2834 1267 2872 duarum
1285 2832 1465 2871 horarum
1484 2830 1681 2868 intervallo
1707 2828 1754 2866 ab

1746 765 1826 805 635
