1996 3238
465 293 549 334 170
865 295 1326 337 HERODOTI

462 416 588 456 μενοι
617 402 662 444 οἱ
689 404 921 460 στρατηγοὶ
950 405 1198 461 διενέμοντο
1227 406 1306 457 τοὶς
1333 404 1513 463 ψήφους
1542 407 1612 451 ἐπὶ
1639 411 1722 452 τοῦ

464 469 766 521 Ποσειδέωνος
793 474 854 529 τῷ
875 475 1020 531 βωμῷ,
1042 473 1120 518 τὸν
1137 478 1312 529 πρῶτον
1331 475 1405 518 καὶ
1423 474 1500 518 τὸν
1517 474 1720 529 δεύτερον
1732 482 1778 518 70

461 538 686 591 κρίνοντες
715 537 762 582 ἐκ
790 538 985 584 πάντων·
1015 541 1209 585 ἐνθαῦτα
1237 547 1319 594 πᾶς
1346 560 1412 595 τις
1443 541 1589 587 αὐτῶν
1619 542 1722 586 ἑωυ-

459 607 519 661 τῷ
548 605 712 650 ἐτίθετο
740 605 821 663 τήν
855 611 1023 663 ψῆφον,
1054 608 1395 664 αὐτόςὲκαστος
1434 611 1602 656 δοκέων
1631 610 1722 665 ἄρι-

460 683 560 724 στος
592 674 814 730 γενέσθαι·
866 675 1048 731 δεύτερα
1077 675 1135 730 δὲ,
1167 678 1210 720 οἱ
1236 680 1391 723 πολλοὶ
1411 678 1722 730 συνεξέπιπτον

432 743 753 797 8Θεμιστοκλέα
780 746 1012 798 κρίνοντες.
1043 745 1087 787 οἱ
1114 745 1192 800 μὲν
1222 746 1275 802 δή
1305 746 1597 801 ἐμουνοῦντο·
1647 750 1723 789 Θε-

460 812 714 868 μιστοκλέης
769 813 815 856 δὲ
861 814 1140 868 δευτερείοισι
1181 811 1498 870 ὑπερεβάλλετο
1539 812 1777 858 πολλόν.75

406 1019 528 1061 1148.
586 1019 698 1058 Redit
729 1015 809 1060 ἆνοὲ
846 1019 920 1059 hoc
949 1034 1062 1059 sensu

404 1090 488 1128 cap.
509 1076 601 1118 124.

463 1132 716 1185 διενέμοντο]
776 1134 909 1170 Plures
949 1133 1062 1174 codd.

404 1188 588 1241 διένεμον
603 1221 614 1239 ,
646 1189 722 1227 duo
744 1203 897 1242 quoque
918 1191 1003 1227 libri
1024 1189 1064 1230 ἔ-

403 1262 543 1299 φερον,
565 1246 669 1300 quod
700 1246 803 1283 idem
824 1249 863 1283 in
884 1248 974 1284 locis
990 1260 1061 1297 ge-

403 1305 518 1341 minis
528 1311 647 1341 exstat
664 1302 858 1340 Plutarchi
870 1302 1059 1344 Themist.

405 1363 457 1401 17
478 1373 517 1412 p.
549 1364 627 1402 120
648 1362 696 1397 D.
724 1359 879 1398 Aristid.
908 1362 944 1396 Π
969 1373 1060 1412 pag.

402 1419 498 1465 218,
529 1418 595 1454 ubi
611 1416 725 1455 duces
747 1431 795 1453 ex
806 1430 870 1453 ara
889 1414 962 1469 τὴν
975 1420 1062 1468 ψῆ-

402 1488 486 1522 φον
505 1472 642 1527 φέρειν
667 1481 880 1512 narrantur.
937 1475 1062 1526 Equi-

402 1528 493 1567 dem
549 1529 723 1567 medium
784 1531 924 1568 retinui
972 1543 1063 1568 cum

410 1586 626 1626 Valcken.
658 1588 711 1625 sic
731 1594 942 1625 statuente:
979 1588 1062 1634 „A-

401 1641 526 1681 thenis
565 1657 678 1681 causa
715 1645 908 1695 utrimque
948 1642 1060 1692 dicta,

401 1700 470 1752 qui
484 1699 672 1737 iudicibus
692 1699 967 1737 distribuebant
981 1701 1062 1736 sin-

401 1757 500 1807 gulis
521 1753 591 1804 τοῖς
608 1752 682 1796 δύο
703 1752 886 1807 ψήφους,
922 1754 962 1792 hi
987 1755 1061 1793 dici

401 1819 579 1864 poterant
639 1811 840 1862 διανέμειν
868 1809 940 1858 τὰς
975 1809 1063 1863 ψή-

401 1884 507 1919 φους
557 1869 690 1920 [conf.
732 1867 979 1906 Schoemann
1029 1876 1066 1906 et

400 1927 523 1964 Meier
540 1925 700 1964 Attisch.
714 1927 884 1963 Process.
899 1940 937 1977 p.
948 1926 1068 1974 676]-

401 1982 483 2021 Sed
512 1983 616 2034 apud
657 1981 897 2020 Herodotum
929 1983 1066 2019 Graeci

402 2039 518 2077 duces
534 2042 624 2077 inter
650 2054 687 2077 se
715 2039 869 2077 calculos
900 2039 1063 2076 dividen-

400 2101 474 2145 tes,
516 2098 651 2149 quibus
689 2097 833 2133 ferrent
871 2095 1062 2146 suffragia,

402 2151 630 2204 διενέμοντο
646 2149 717 2199 τοὶς
736 2148 917 2203 ψήφους,
929 2154 1063 2204 etqui-

403 2208 495 2247 dem
515 2209 579 2250 ἐπὶ
603 2211 676 2249 τοῦ
699 2207 974 2256 Ποσειδέωνος
1007 2210 1063 2263 τῷ

402 2268 526 2319 βωμῷ
558 2267 607 2304 ad
636 2266 751 2303 altare
801 2264 949 2302 Isthmii
983 2263 1061 2302 Ne-

396 2327 521 2375 ptum}
570 2330 612 2361 ut
642 2323 714 2359 Dei
735 2323 931 2360 maiestate
964 2323 1060 2359 moti

400 2387 531 2418 sancte
552 2379 776 2424 iudicarent,
806 2376 877 2419 τόν
899 2381 1061 2430 πρῶτον

402 2436 473 2476 καὶ
520 2434 586 2476 τὸν
631 2431 819 2487 δεύτερον
860 2435 1062 2484 κρίνοντες

404 2494 502 2543 (sive
555 2492 775 2545 κρινέοντες
822 2490 1062 2542 iudicaturi),

405 2549 448 2590 ἐκ
486 2544 663 2589 πάντων.
721 2547 939 2586 Herodotea
970 2549 1065 2584 Plu-

403 2606 556 2644 tarchus
583 2608 850 2657 interpretatur
877 2606 917 2641 in
954 2603 1066 2642 The-

404 2664 566 2701 mistocl.
584 2667 635 2704 17
654 2677 693 2714 p.
717 2665 796 2703 120
830 2664 877 2698 D.
909 2657 1065 2712 ἀναχω-

405 2716 597 2773 ρήσαντες
621 2720 677 2766 εἰς
698 2715 768 2758 τὸν
783 2715 955 2769 Ἰσθμόν
981 2714 1062 2758 dno*

405 2779 479 2816 τοῦ
500 2777 640 2828 βωμοῦ
658 2773 731 2826 τήν
752 2778 899 2826 ψῆφον
917 2774 1064 2826 ἔφερον

407 2833 450 2873 οἷ
464 2832 681 2885 στρατηγοί.
722 2833 804 2868 Hoc
827 2830 985 2868 Athenis
1006 2837 1065 2868 et·-

405 2891 484 2928 iam
503 2900 782 2941 nonuunquam
791 2888 935 2926 factum
946 2889 1064 2941 liquet

1119 1034 1167 1058 ex
1186 1018 1434 1058 Demosthen.
1455 1021 1512 1056 De
1527 1020 1666 1058 Coron.
1688 1032 1777 1071 pag.

1122 1080 1200 1118 162
1216 1076 1268 1128 [p.
1289 1078 1389 1125 271]
1427 1078 1488 1114 Or.
1512 1090 1543 1115 c.
1564 1079 1720 1114 Macart.
1738 1090 1777 1127 p.

1119 1136 1195 1174 601
1224 1135 1299 1184 [p.
1329 1133 1448 1181 1054,
1476 1134 1590 1182 10].“
1649 1135 1778 1184 Atque

1118 1188 1193 1226 hoo
1247 1197 1411 1242 utroque
1474 1190 1560 1226 loco
1605 1190 1778 1227 iuvenies

1120 1243 1203 1285 ἆπό
1248 1249 1319 1286 τοῦ
1354 1247 1495 1298 βωμοῦ
1535 1245 1674 1298 φέρειν
1704 1242 1778 1297 τήν

1115 1305 1276 1370 ψῆφρν·

1174 1357 1295 1406 αυτός
1323 1357 1485 1405 ἕκαστος
1507 1356 1659 1399 δοκέων
1685 1354 1778 1408 ἄρι-

1118 1428 1207 1462 στος
1228 1415 1433 1468 γενέσθαι]
1463 1417 1491 1452 i.
1517 1429 1550 1455 e.
1573 1428 1650 1452 cum
1670 1428 1778 1451 unus-

1119 1476 1263 1524 quisque
1312 1473 1380 1510 sibi
1416 1472 1594 1509 videretur
1629 1474 1778 1522 optimus

1112 1529 1240 1581 fuisse.
1302 1529 1387 1566 Vid.
1419 1530 1466 1566 G.
1487 1530 1698 1565 Hermann.
1729 1527 1779 1564 ad

1119 1588 1244 1637 Vigor.
1278 1599 1316 1637 p.
1339 1588 1434 1626 733.
1463 1607 1519 1613 —
1549 1582 1712 1636 δεύτερα
1733 1581 1777 1624 δὲ

1117 1644 1172 1680 nil
1194 1642 1296 1679 aliud
1328 1655 1406 1678 esse
1426 1649 1519 1693 puto
1534 1643 1604 1678 nisi
1626 1645 1712 1688 tum,
1736 1647 1779 1678 ut

1117 1698 1289 1738 v.²0.VII.
1309 1701 1377 1739 28.
1394 1698 1482 1743 148,
1503 1697 1657 1750 quando
1666 1710 1779 1747 prae-

1118 1754 1218 1792 cedit
1239 1770 1290 1806 πρ
1297 1756 1376 1793 ὦτα
1388 1751 1459 1804 μὲν
1469 1755 1531 1792 vel
1539 1755 1661 1792 simile
1672 1752 1779 1805 quid.

1123 1835 1175 1841 -
1208 1810 1271 1849 Ad
1300 1811 1460 1848 verbum
1496 1809 1779 1858 συνεξέπιπτον

1122 1868 1225 1909 conf,
1246 1869 1324 1904 citt.
1346 1866 1394 1903 ad
1414 1868 1513 1915 VIII,
1535 1868 1601 1908 49.

1178 1920 1484 1975 ὑπερεβάλλετο]
1520 1924 1545 1960 i.
1568 1936 1602 1961 e.
1625 1923 1781 1967 eazircuit,

1121 1981 1188 2017 ubi
1205 1981 1437 2017 accusativus
1452 1993 1637 2031 personae
1655 1979 1781 2028 negli-

1122 2039 1235 2088 gitur,
1264 2036 1330 2074 sed
1361 2036 1508 2074 dativus
1541 2038 1595 2073 rei
1615 2034 1778 2083 additur,

1119 2102 1160 2131 ut
1189 2096 1218 2141 Ι,
1242 2096 1307 2134 61.
1328 2095 1396 2140 ΙΧ,
1424 2097 1490 2134 71.
1550 2094 1656 2130 Unus
1685 2092 1780 2128 liber

1118 2151 1220 2187 male
1241 2149 1305 2187 dat
1325 2148 1579 2201 ὑπερέβαλλε.
1640 2148 1778 2184 Caete-

1119 2221 1206 2244 rum
1236 2220 1316 2243 non
1349 2205 1518 2243 dissentit
1553 2202 1779 2241 Plutarchus

1118 2263 1386 2309 (Themistocl.
1419 2265 1467 2302 17
1496 2262 1582 2300 coll.
1605 2259 1779 2297 Pseudo-

1117 2321 1220 2356 Plut.
1250 2321 1286 2356 ΙΙ
1313 2331 1399 2369 pag.
1422 2320 1498 2359 871
1527 2319 1590 2365 D.)
1620 2318 1666 2354 ab
1698 2318 1779 2353 He-

1118 2376 1266 2423 rodoto,
1279 2388 1434 2412 narrans
1458 2374 1572 2412 duces
1593 2375 1778 2425 primum,

1117 2447 1157 2470 se
1177 2446 1370 2485 quemque
1391 2433 1529 2469 virtute
1542 2432 1777 2483 praestitisse,

1120 2497 1205 2541 post
1224 2503 1263 2526 se
1292 2488 1607 2536 Themistoclem,
1631 2488 1778 2524 statuis-

1120 2560 1186 2596 se3
1215 2545 1318 2583 uude
1356 2547 1495 2597 primas
1527 2545 1575 2582 ad
1613 2542 1778 2581 Themi-

1119 2604 1278 2641 stoclem
1299 2604 1471 2655 quamvis
1491 2603 1626 2640 invitos
1647 2601 1695 2637 ob
1716 2601 1778 2635 iu-

1120 2659 1265 2697 vidiam
1312 2659 1488 2697 detulisse
1527 2658 1640 2695 duces
1673 2654 1778 2693 haud

1119 2718 1255 2753 iniuria
1285 2723 1411 2753 censet
1435 2713 1671 2753 Plutarchus.
1710 2714 1778 2749 Est

1119 2787 1209 2811 vero
1240 2773 1301 2811 hic
1323 2772 1505 2809 Herodoti
1535 2772 1639 2808 locus
1661 2768 1778 2806 docu-

1119 2838 1265 2878 mento,
1297 2828 1536 2868 Herodotum
1567 2827 1673 2863 nullo
1703 2825 1777 2863 du-

1120 2894 1225 2925 ctum
1255 2887 1391 2924 timore
1420 2892 1486 2923 aut
1512 2886 1677 2936 partium
1694 2889 1776 2920 stu-
