1879 3222
660 186 689 222 Ι.
716 185 878 221 INDEX
905 185 1096 224 RERUM.

184 296 267 330 olim
293 295 387 329 Medi
411 292 543 334 vocati,
577 293 655 333 Vll,
689 293 736 326 62
758 294 847 326 conf.

183 349 254 376 not.
280 347 311 375 et
345 341 389 374 T.
415 339 464 372 ΙΙΙ
489 352 520 382 p.
545 337 623 371 823.
661 350 781 371 corum
816 339 851 372 in

183 389 333 421 exercitu
357 384 477 420 xerxis
500 390 680 418 armatura
701 389 735 418 et
773 385 851 425 dux,

185 435 262 471 Vll,
280 433 336 466 (56.
366 431 395 472 ’)

140 481 258 512 Arima
282 477 415 521 Scythis
447 487 553 509 unum
576 475 767 520 significat,
791 477 851 517 IV,

185 526 229 558 27
253 529 320 557 not.

142 570 321 613 Arimaspi,
346 567 411 600 viri
432 567 569 600 unoculi
589 568 622 600 in
639 568 854 610 septemtrio-

184 617 319 649 nalibus
344 615 500 657 Europae
533 613 687 656 partibus
726 615 854 658 Grypis

184 672 305 694 aurum
338 660 548 701 subripiunt,
598 660 663 701 lll,
695 661 773 693 lm.
809 662 854 696 cf.

184 707 243 746 lv,
268 705 322 738 13.
346 705 390 738 27
415 711 485 738 not.
511 707 567 747 *Ἴ

139 752 339 795 Arimaspea
350 751 853 791 carminaAristeae‚1V.14not.

137 799 346 830 Arimnestus
379 797 599 839 Plataeensis,
629 798 690 840 lx,
714 797 760 831 72
784 803 854 832 not.

185 844 230 877 cf.
251 856 281 877 c.
307 843 362 876 «5⁴.

138 890 349 932 Arimphaei,
373 888 432 927 IV,
457 888 504 922 23
527 892 599 922 not.

137 936 377 973 Ariomardus,
392 935 552 977 Artyphii
574 945 768 976 germanus,
787 936 855 969 Ca-

185 981 336 1023 spiorum
353 981 432 1018 dux,
460 981 533 1014 Vll.
557 981 615 1014 67.

138 1027 381 1067 Ariomardus,
419 1026 517 1059 Darii
540 1032 574 1061 et
600 1027 760 1070 Parmyis
793 1027 856 1070 fit,

183 1074 253 1105 dux·
285 1073 507 1106 Moschorum
531 1079 564 1106 et
586 1073 855 1115 Tibmenorum,

185 1119 261 1158 Vll,
286 1117 331 1151 78
354 1121 422 1151 not.

141 1166 244 1197 Arion
268 1165 546 1207 Methymnaeus,
572 1163 802 1202 citharoedus,
828 1164 856 1203 Ῐ,

184 1210 230 1243 23
260 1215 330 1243 not.
363 1210 492 1250 primus
516 1210 632 1243 (locuit
662 1211 857 1254 dithyram-

183 1256 282 1297 burn,
308 1256 391 1289 ibid.
417 1257 580 1299 delphino
604 1268 663 1299 per
686 1269 782 1289 mare
798 1268 856 1289 ve-

183 1306 268 1339 ctus,
300 1301 328 1341 I,
361 1301 405 1334 24
437 1308 508 1335 not.
544 1304 605 1345 *““)
639 1303 713 1335 eius
750 1304 856 1336 dona-

183 1347 275 1380 rium
299 1348 390 1390 apud
415 1349 625 1389 Taenarum,
649 1350 730 1381 ibid.
751 1354 822 1382 not.

139 1394 324 1436 Ariphron,
356 1394 544 1435 Xanthippi
561 1401 667 1436 pater,
694 1394 750 1434 xl,
777 1394 856 1437 131,

186 1438 265 1471 136.
289 1438 366 1478 VII,
390 1439 448 1472 33.
473 1440 565 1479 vul,
598 1440 672 1472 131.

140 1485 262 1518 Arisba
293 1484 327 1516 in
361 1485 472 1518 Lesbo
487 1510 496 1524 ‚
517 1486 599 1519 urbs
614 1487 858 1530 Methymnae-

187 1541 298 1571 orum,
322 1530 349 1569 Ι,
375 1529 441 1563 151
466 1534 534 1564 not.

141 1577 378 1620 Aristagoras,
403 1577 668 1620 Heracli‹lisfil.,
686 1578 858 1611 Cumaeus

186 1627 365 1666 tyrannus,
388 1622 446 1661 lv,
472 1623 551 1658 138.
575 1625 655 1657 dolo
679 1628 798 1666 captus
823 1626 858 1656 et

187 1667 322 1700 civibus
344 1668 500 1708 traditum,
525 1670 565 1702 V.
582 1668 638 1703 37.
663 1673 699 1703 at
722 1669 857 1703 incolu-

186 1713 252 1747 mis
275 1712 447 1757 dimissus,
462 1715 544 1748 ibid.
559 1713 617 1748 38.

1541 183 1624 224 457

908 294 1131 339 Aristagoras
1156 293 1357 338 CyzicenuS,
1383 292 1443 333 IV,
1466 291 1546 325 138.

908 341 1143 383 Aristagoras,
1156 341 1382 382 Motpagorae
1400 339 1459 376 fit,
1475 336 1624 371 llistiaei

953 396 1060 429 gener
1083 398 1122 419 ac
1146 386 1379 426 consobrinus,
1415 384 1526 416 Mileti
1543 394 1625 426 pro-

954 437 1102 471 curator,
1124 432 1165 471 V,
1189 432 1244 465 30.
1271 443 1292 464 a
1312 430 1430 464 Naxiis
1451 430 1626 463 exsulibus

954 477 1158 509 sollicitatus
1182 479 1223 510 ad
1248 488 1306 510 eos
1330 476 1548 516 reducendos,
1579 476 1624 507 ib.

955 534 1024 564 seq.
1059 522 1257 555 rebellionis
1280 523 1416 555 Ionicae
1440 527 1558 562 autor,
1583 520 1624 561 V,

956 567 1012 601 36.
1036 567 1092 601 37.
1118 569 1299 600 manifesto
1323 580 1344 600 a
1369 568 1475 600 Dario
1499 566 1625 609 deficit,

956 614 999 655 V,
1033 613 1089 646 37.
1136 614 1342 646 isonomiam
1379 613 1548 654 instituit,
1593 616 1627 645 et

954 662 1119 703 tyrannos
1153 659 1291 699 evertit,
1315 659 1414 701 qnasi
1446 659 1518 700 ipse
1541 658 1627 691 alie-

954 717 1018 738 nus
1042 716 1062 737 a
1086 705 1277 748 tyrannide,
1304 705 1345 743 V,
1368 704 1490 738 3238.
1521 704 1628 747 Spar-

955 755 1026 785 tam
1049 751 1172 783 missus
1196 751 1239 783 ad
1262 750 1461 783 societatem
1488 761 1627 792 compa-

954 798 1112 839 randam,
1140 798 1183 837 V,
1200 795 1257 829 38.
1283 800 1316 829 et
1340 796 1413 828 eius
1428 807 1506 828 cum
1526 796 1628 828 Cleo-

954 855 1054 876 mene
1077 847 1166 883 acta,
1192 842 1233 882 V,
1257 841 1312 875 49.
1339 841 1394 875 50.
1420 840 1476 875 51.
1503 841 1629 883 Sparta

955 894 1094 922 coactus
1124 889 1298 928 excedere,
1333 899 1361 919 c.
1386 885 1441 921 51.
1475 887 1629 920 Athenas

954 936 1059 974 venit,
1095 946 1220 977 eosque
1243 934 1287 967 ad
1309 933 1394 966 belli
1427 933 1629 967 societatem

957 981 1102 1021 inducit,
1137 993 1165 1013 c.
1199 979 1254 1013 97.
1289 980 1440 1012 Paeones
1465 980 1510 1013 ad
1533 980 1629 1012 defe-

956 1027 1104 1060 ctionem
1127 1026 1300 1063 sollicitat,
1333 1025 1375 1067 V,
1399 1025 1457 1058 98.
1490 1024 1629 1067 expedi-

956 1073 1006 1105 tio
1030 1073 1103 1104 eius
1128 1077 1249 1104 contra
1265 1071 1403 1113 Sardes,
1422 1071 1464 1111 V,
1482 1071 1538 1106 90.
1550 1071 1629 1105 100.

957 1118 1035 1158 VII,
1070 1118 1102 1152 S.
1141 1117 1250 1150 turbis
1287 1117 1388 1149 tantis
1434 1117 1628 1159 commotis,

957 1163 1092 1197 consilii
1122 1162 1231 1205 inops,
1266 1162 1464 1205 Myrcinum
1497 1163 1630 1195 Edoni-

957 1211 1036 1242 dem
1062 1209 1156 1252 petit,
1183 1210 1224 1248 V,
1247 1208 1325 1240 124.
1358 1209 1438 1242 coll.
1464 1220 1494 1240 c.
1526 1209 1570 1241 lt
1594 1211 1630 1241 et:

957 1257 1013 1288 22.
1039 1266 1060 1287 a
1071 1255 1266 1287 'l'hracihus
1278 1255 1488 1295 interfectus,
1501 1254 1629 1295 V,l2ss.

911 1303 1147 1345 Aristagoras,
1172 1300 1404 1344 Hegesistrati
1426 1305 1535 1343 pater,
1568 1300 1630 1342 IX,

955 1348 1012 1382 90.

912 1393 1065 1427 Aristeas
1081 1390 1342 1432 Proconnesius,
1366 1391 1558 1425 Caustrobii
1569 1392 1630 1433 fit,

958 1440 1164 1482 Arimaspea
1202 1437 1357 1470 carmina
1394 1438 1529 1478 condit,
1568 1438 1630 1478 IV,

960 1485 1005 1518 13
1028 1490 1096 1518 not.
1121 1495 1199 1516 cum
1212 1483 1372 1526 Apolline
1396 1484 1438 1517 ud
1449 1485 1632 1527 Metapon-

958 1531 1048 1565 tinos
1070 1530 1211 1570 venisse,
1246 1534 1279 1562 et
1302 1535 1377 1572 post
1400 1534 1548 1563 mortem
1571 1530 1632 1562 de-

957 1589 1026 1610 nuo
1058 1575 1290 1616 comparuisse
1322 1576 1446 1616 fertur,
1484 1576 1545 1616 IV,
1587 1574 1632 1607 13

956 1627 1028 1657 not.
1051 1623 1105 1657 14.
1127 1621 1181 1653 15.
1208 1621 1281 1653 eius
1304 1625 1418 1654 statua
1442 1621 1632 1664 Metaponti

957 1668 993 1701 in
1017 1669 1106 1708 foro,
1129 1667 1189 1708 IV,
1215 1665 1271 1699 15.
1296 1667 1341 1707 ἢ)

911 1714 1076 1756 Aristeas,
1086 1712 1262 1747 Adimanti
1284 1712 1389 1756 filius,
1414 1711 1629 1757 Corinthius,

236 1934 266 1977 ')
291 1934 342 1966 Cf.
365 1932 514 1975 Halling.
532 1931 652 1966 Gesch.
671 1932 706 1967 d.
726 1933 890 1967 Deutsch.
909 1934 936 1975 1,
963 1934 986 1968 2
1004 1946 1038 1978 p.
1057 1934 1122 1969 132
1140 1945 1210 1978 seq.
1231 1933 1298 1967 164
1317 1942 1389 1976 seq.

235 1991 294 2033 Ἠ)
318 1991 530 2033 Arimaspos
555 2002 662 2033 aeque
681 1997 783 2033 atque
802 1991 1050 2033 Hyperboreos
1079 1992 1122 2023 ad
1154 1992 1342 2023 Germanos
1361 1992 1495 2020 veteres
1513 1985 1633 2018 retulit

145 2036 294 2079 Halling.
318 2036 352 2068 in
367 2036 501 2068 Annall.
520 2036 642 2068 Vienn.
659 2037 740 2068 LlX
761 2049 794 2079 p.
812 2037 877 2069 261
899 2048 970 2079 seq.
992 2037 1105 2068 LXHI
1126 2049 1160 2078 p.
1181 2037 1244 2070 165
1269 2046 1364 2077 seqq.
1389 2034 1451 2067 171
1473 2044 1545 2074 seq.
1565 2031 1630 2067 175

145 2095 218 2126 seq.

265 2083 352 2115 Add.
380 2085 420 2115 A.
448 2083 581 2114 Erman.
606 2083 708 2114 Reise
738 2094 792 2114 um
819 2083 875 2113 die
904 2083 995 2114 Erde
1024 2083 1153 2123 (Berol.
1184 2082 1281 2115 1833.
1316 2082 1346 2122 I)
1371 2091 1450 2122 pag.
1474 2079 1550 2118 111,
1575 2077 1634 2121 qui

144 2128 368 2161 Herodoteae
390 2128 577 2160 narrationi
602 2128 644 2159 de
666 2128 850 2172 Arimaspis
878 2129 1124 2171 patrocinatur.
1172 2130 1308 2161 Nomen
1336 2125 1447 2169 gentis
1480 2123 1632 2167 Halling.

144 2174 170 2207 l.
192 2175 216 2210 l.
237 2186 271 2216 p.
295 2175 360 2207 190
380 2175 488 2205 refert
515 2174 557 2206 ad
586 2174 756 2206 Persicum
786 2175 885 2207 Arim
907 2181 941 2205 et
968 2177 1052 2219 Esp,
1084 2185 1150 2218 quo
1171 2185 1296 2217 equum
1319 2170 1463 2203 indicari
1483 2175 1631 2217 constat.

147 2221 192 2253 Et
224 2220 302 2252 add.
333 2220 491 2252 Eiusdem
523 2220 731 2252 Geschichte
760 2220 793 2253 d.
823 2220 1027 2262 Deutsch.I,
1045 2221 1067 2253 2
1085 2233 1119 2264 p.
1143 2221 1207 2254 117
1229 2230 1326 2262 seqq.
1355 2218 1419 2252 127
1447 2227 1542 2260 seqq.
1568 2217 1634 2249 140

145 2277 240 2310 seqq.
264 2264 339 2299 164.

235 2322 312 2364 **'>‘')
339 2322 389 2354 Cf.
407 2322 653 2365 Mythographi
672 2322 765 2364 Latt.
787 2322 841 2356 ed.
861 2321 967 2355 Bode.
993 2323 1008 2354 I
1026 2322 1055 2366 ᾗ.
1076 2321 1120 2356 95
1139 2327 1174 2354 et
1187 2322 1218 2353 11
1239 2321 1268 2365 §-
1286 2321 1351 2355 172
1371 2326 1407 2352 et
1427 2320 1536 2351 Bauer
1555 2318 1634 2351 Na-

145 2367 300 2411 turrelig.
321 2368 354 2401 d.
378 2368 521 2402 Alterth.
542 2370 557 2400 1
575 2380 609 2412 p.
632 2369 687 2403 30.

237 2426 276 2466 ἦ)
310 2425 360 2456 De
393 2424 537 2458 Aristeci
565 2426 652 2458 conf.
685 2425 834 2469 Halling.
851 2425 887 2457 iu
908 2424 1040 2457 Annall.
1064 2424 1187 2457 Vienn.
1209 2423 1290 2454 LIX
1307 2423 1352 2464 (p.
1377 2421 1442 2456 257
1469 2427 1504 2453 et
1525 2421 1634 2454 virum

147 2471 286 2504 doctum
304 2471 338 2502 in
363 2482 468 2514 opere
485 2471 780 2512 splendidissimo:
805 2473 1010 2514 „Metapont
1026 2482 1089 2513 par
1112 2470 1144 2502 le
1168 2471 1239 2501 Duc
1255 2469 1297 2500 de
1314 2469 1450 2511 Luynes
1481 2473 1515 2499 et
1541 2468 1578 2502 F.
1606 2468 1633 2500 Ι.

147 2517 297 2560 Debacq.
329 2518 445 2559 (Paris
475 2517 562 2552 1833
581 2517 682 2554 fow‘
706 2530 740 2561 p.
761 2517 814 2552 14.
842 2517 894 2551 15.
942 2517 1006 2549 Hic
1022 2518 1112 2549 enim
1139 2514 1306 2547 Herodoti
1327 2514 1557 2546 narrationem
1588 2513 1632 2545 ‹le

149 2563 282 2595 Aristea
307 2563 415 2594 refert
448 2563 491 2594 ad
519 2563 708 2603 Aristeam,
742 2562 850 2595 filium
876 2562 1134 2605 DemophontiS,
1170 2562 1383 2600 Cretensem,
1415 2560 1632 2603 Pythagorae

151 2619 378 2642 successorem
397 2609 485 2641 circa
506 2620 626 2640 aunum
647 2608 713 2641 500
730 2620 760 2640 a.
785 2609 861 2641 Chr.
882 2620 930 2650 n.,
955 2608 1011 2652 qui
1029 2618 1103 2639 cum
1127 2605 1295 2650 Apollinis
1321 2617 1416 2638 sacra
1441 2603 1632 2648 Metaponti

151 2652 325 2686 instituere
344 2655 462 2695 vellet,
487 2655 530 2687 ad
549 2654 710 2697 populum
724 2654 996 2698 persuadendum
1013 2652 1153 2689 iisdem.
1181 2652 1302 2696 quibus
1322 2652 1402 2684 olim
1420 2651 1632 2694 Pythagoras

152 2700 309 2733 remediis
340 2700 431 2732 haud
466 2701 662 2743 vulgaribus
690 2712 767 2731 usus
793 2700 885 2733 illius
913 2699 1093 2741 Aristeae,
1127 2699 1345 2731 Proconneso
1376 2697 1524 2737 oriundi,
1567 2695 1632 2728 viri

153 2745 507 2778 transformationibus
526 2747 594 2778 suis
612 2747 830 2789 discessuque
857 2745 1070 2778 celeberrimi
1092 2755 1215 2777 nomen
1240 2744 1329 2778 falso
1358 2743 1566 2778 assumserit.
1585 2759 1632 2766 -

154 2790 208 2823 Tu
225 2790 268 2825 cf.
286 2791 386 2825 etiam
405 2794 514 2826 Bauer
531 2792 742 2835 Naturreh'g.
763 2792 796 2826 d.
814 2791 961 2828 Alterth.
982 2792 997 2824 1
1015 2803 1050 2836 p.
1070 2788 1148 2825 244.
