1879 3222
429 157 514 198 234
823 154 1283 194 HERODOTI

306 266 368 311 21
430 268 543 308 λεον.
601 262 724 307 Κατὰ
756 265 990 320 συντυχίην
1019 263 1065 308 δὲ
1085 266 1306 320 Μεγαρέες
1324 266 1474 321 ἔτυχον
1503 267 1678 321 ταχθέν·

429 347 498 382 τες
526 325 555 388 ᾗ
583 329 631 374 τό
663 330 986 388 ἐπιμαχώτατον
1014 327 1069 388 ἦν
1097 336 1178 376 τοῦ
1206 335 1365 388 χωρίου
1395 333 1575 385 παντός·
1606 336 1679 378 καὶ

401 399 649 452 Ξπρόσοδος
677 398 860 454 μάλιστα
890 401 1023 456 ταύτῃ
1062 400 1223 456 ἐγίνετο
1263 405 1316 458 τῇ
1356 403 1484 458 ἵππῳ.
1545 414 1680 457 προσ-

430 466 674 523 βαλλούσης
705 461 765 510 ὧν
800 471 875 523 τῆς
905 470 1063 520 ἵππου,
1103 470 1145 510 οἱ
1174 470 1396 524 Μεγαρέες
1437 472 1736 525 πιεζόμενοιβο

429 534 617 590 ἔπεμπον
649 536 716 579 ἐπὶ
747 535 850 587 τούς
882 534 1148 591 στρατηγούς
1183 543 1272 580 τῶν
1296 536 1514 593 Ἑλλήνων
1543 537 1679 594 κήρυ-

399 608 497 646 3κα,
530 602 786 659 ἀπικόμενος
816 604 861 647 δὲ
892 604 915 647 ὁ
945 603 1083 658 κήρυξ
1112 603 1220 655 πρὸς
1250 602 1411 656 αὐτούς
1432 606 1544 660 ἔλεγε
1566 605 1678 649 τάδε·

424 671 675 725 ,,Μεγαρέες
714 671 910 726 λέγουσι,
947 669 1110 725 *Ημεῖς,
1152 670 1304 724 ἄνδρες
1344 672 1588 728 σύμμαχοι,
1620 679 1679 718 ου’

424 739 633 790 ,,δυνατοί
665 741 781 793 εἰμεν
814 740 890 793 τὴν
923 739 1132 791 Περσέων
1171 739 1306 781 ἵππον
1339 740 1538 783 δέκεσθαι
1570 744 1681 795 μοῦ-

423 822 542 858 ,,νοι,
575 807 742 862 ἔχοντες
773 806 925 849 στάσιν
947 805 1109 861 ταύτην
1137 805 1179 857 ἐς
1208 806 1286 862 τὴν
1315 806 1494 863 ἔστημεν
1527 807 1677 863 ἀρχήν.
1690 815 1734 849 35

395 872 560 925 4,,ἆλλὰ
590 876 662 917 καὶ
693 875 735 925 ἐς
762 873 859 917 τόδε
888 875 1065 930 λιπαρίῃ
1095 890 1139 916 τε
1167 875 1239 917 καὶ
1270 875 1403 931 ἀρετῇ
1433 872 1680 930 ἀντέχομεν,

422 944 522 993 „noel
550 957 630 994 περ
661 941 940 997 πιεζεύμενοι.
999 945 1083 985 νῦν
1112 958 1176 993 τε,
1208 944 1243 986 εἰ
1273 942 1331 997 μή
1361 959 1483 993 τινας
1516 943 1677 994 ἄλλους

422 1008 634 1064 ,,πέμψετε
665 1010 896 1064 διαδόχους
924 1013 1000 1065 τῆς
1039 1009 1207 1061 τάξιος,
1256 1012 1344 1054 ἰ’στε
1374 1009 1507 1068 ἡμέας
1546 1010 1679 1054 ἐκλεί-

422 1084 611 1128 ,,ψοντας
648 1078 726 1131 τὴν
764 1079 929 1128 τάξιν.“
987 1075 1011 1119 ὁ
1053 1078 1131 1131 μὲν
1169 1077 1220 1133 δή
1252 1091 1333 1133 σφι
1373 1083 1508 1121 ταῦτα
1538 1076 1676 1134 ἀπήγ-

393 1149 551 1201 5γειλε.
667 1146 922 1200 Παυσανίης
961 1145 1006 1188 δὲ
1036 1143 1295 1199 ἀπεπειρᾶτο
1338 1149 1427 1188 τῶν
1452 1144 1734 1202 Ἑλλήνων,4ο

422 1215 463 1257 εἴ
488 1230 601 1265 τινες
640 1213 834 1256 ἐθέλοιεν
872 1213 996 1260 ἄλλοι
1036 1213 1259 1256 ἐθελονταὶ
1298 1213 1409 1255 ἰέναι
1444 1229 1488 1255 τε
1529 1213 1572 1264 ἐς
1600 1214 1677 1257 τὸν
1733 1223 1811 1263 701

392 1284 566 1337 6χῶρον
605 1284 773 1332 τοῦτον,
805 1283 876 1324 καὶ
905 1278 1142 1324 τάσσεσθαι
1181 1278 1378 1334 διάδοχοι
1413 1283 1674 1334 Μεγαρεῦσι.

418 1348 471 1392 οὐ
501 1348 780 1405 βουλομένων
811 1348 856 1392 δὲ
878 1352 965 1391 τῶν
995 1348 1138 1392 ἄλλων
1155 1382 1167 1402 ,
1194 1346 1421 1403 Ἀθηναῖοι
1448 1346 1675 1400 ὑπεδέξαν-

393 1413 486 1468 Δτο,
516 1417 590 1460 καὶ
613 1414 861 1474 Ἀθηναίων
891 1419 934 1460 οἷ
961 1417 1204 1474 τριηκόσιοι
1232 1414 1434 1471 λογοῖδες,
1464 1419 1553 1458 τῶν
1583 1417 1676 1460 ἐλο-

294 1486 357 1530 22
416 1483 538 1541 χήγεε
565 1483 918 1541 Ὀλυμπιόδωρος
947 1483 970 1528 ὁ
1003 1485 1263 1540 Λάμπωνος.
1326 1477 1460 1526 Οὗτοι
1491 1478 1603 1539 ἦσαν
1633 1486 1732 1529 οἴ45

89 1547 363 1622 ξζὲξζῑξῖὓξζῖξξῗξς
419 1568 463 1595 τε
491 1552 830 1609 ὑποδεξάμενοι,
866 1553 941 1598 καὶ
971 1555 1014 1597 οἱ
1045 1552 1128 1608 πρὸ
1169 1555 1257 1596 τῶν
1289 1553 1434 1597 ἄλλων
1471 1556 1562 1597 τῶν
1590 1567 1676 1596 πα-

88 1619 137 1643 tus
153 1617 277 1644 Persici.

574 1722 667 1773 cap.
685 1722 796 1758 XXI.

418 1772 449 1832 ᾗ
467 1774 511 1818 τό
530 1776 825 1829 ἐπιμαχώτατον
857 1771 910 1827 ἦν
930 1792 965 1816 κ.
981 1791 1016 1817 τ.

362 1835 416 1883 L]
449 1835 613 1872 Sensum
633 1836 705 1872 loci
724 1834 827 1870 hunc
846 1847 923 1871 esse
942 1846 1016 1885 pu·-

360 1897 424 1928 to:
450 1891 548 1942 sorte
569 1896 685 1928 autem
706 1891 860 1939 accidit,
878 1898 931 1938 ut,
956 1892 1019 1941 qui

359 1951 511 1986 maxime
539 1949 692 1985 hostibus
727 1951 802 1985 erat
839 1950 1016 1998 expositus

360 2004 455 2041 locus
478 2006 663 2052 (maxime
680 2004 758 2041 scil.
773 2010 879 2054 aptus
907 2005 1018 2055 equi-

359 2067 442 2098 tum
464 2060 772 2109 incursionibus),
802 2073 838 2096 eo
858 2060 1019 2098 collocati

359 2121 481 2158 essent.
517 2119 576 2154 De
596 2130 690 2155 voce
710 2115 898 2168 ἐπίμαχος
917 2117 1017 2154 conf.

359 2175 396 2222 l,
428 2174 495 2215 84.
527 2175 598 2221 Vl,
634 2176 724 2214 133.
757 2197 806 2201 ——-
838 2174 881 2209 In
911 2186 1016 2225 seqq.

360 2230 410 2268 ad
427 2227 550 2284 ταύτῃ
583 2230 683 2267 conf.
704 2229 838 2267 Matth.
861 2231 926 2266 Gr.
949 2231 1015 2267 Gr.

361 2289 400 2333 ᾗ.
434 2287 535 2335 472,
568 2289 592 2327 3
628 2299 712 2337 pag.
743 2288 835 2326 881.
894 2287 1016 2323 Paulo

359 2344 517 2380 inferius
537 2356 668 2380 omnes
692 2342 801 2379 codd.
821 2340 911 2379 dant
928 2357 1015 2381 πιε-

361 2397 531 2451 ζόμενοι,
560 2407 644 2436 tum
661 2412 749 2436 vero
771 2398 846 2435 duo
864 2394 1015 2445 πιεζεύ-

361 2471 492 2506 μενοι,
541 2456 644 2509 quod
673 2457 787 2506 vulgo
820 2463 1015 2506 receptum

361 2519 426 2549 est.
456 2512 538 2550 vid.
559 2514 670 2550 allata
696 2512 744 2550 ad
763 2513 865 2560 Vlll,
897 2510 991 2552 141.

419 2567 568 2618 ἔχοντες
597 2565 752 2620 στάσιν]
786 2567 896 2614 Quod
921 2581 1013 2619 pro-

360 2623 464 2661 xime
500 2626 688 2663 antecedit
719 2628 886 2676 μοῦνοι,
925 2624 1014 2661 dili-

359 2687 493 2731 genter
522 2681 820 2732 seiungendum,
851 2694 939 2719 cum
964 2680 1013 2718 ad

360 2750 619 2788 praegressum
664 2737 850 2778 δέκεσθαι
893 2739 1012 2790 perti-

1236 1720 1284 1759 Se
1303 1723 1393 1759 enim
1422 1721 1510 1758 solos
1541 1721 1729 1760 Persarum

1071 1780 1226 1827 equitum
1244 1780 1405 1827 impetum
1438 1780 1606 1815 sustinere
1631 1791 1730 1828 posse

1070 1841 1214 1884 negant
1234 1835 1487 1885 Megarenses.
1545 1835 1669 1879 Quam
1688 1835 1730 1872 h.

1071 1891 1097 1927 l.
1131 1886 1267 1928 στάσιν
1309 1890 1398 1927 dicit
1432 1892 1615 1928 stationem
1649 1891 1731 1928 scil.

1074 1958 1191 1998 quam
1210 1947 1249 1982 iu
1263 1949 1342 1984 acie
1362 1955 1492 1984 tenere
1507 1948 1596 1984 iussi
1609 1954 1728 1996 erant,

1073 2015 1166 2039 mox
1206 2011 1316 2041 vocat
1348 2001 1422 2054 τήν
1463 1999 1575 2050 τάξιν
1609 2003 1729 2055 (quod

1072 2059 1175 2096 idem
1205 2060 1306 2097 libris
1340 2061 1555 2097 iubentibus
1585 2062 1730 2110 reposi-

1072 2123 1155 2153 tum
1181 2117 1257 2165 IX,
1293 2119 1360 2158 26.
1390 2116 1463 2165 48)
1493 2123 1530 2152 et
1557 2112 1626 2155 τὸν
1655 2118 1729 2166 χῶ-

1074 2187 1145 2224 ρον
1175 2175 1331 2211 τοῦτον.
1365 2193 1412 2200 -
1470 2173 1588 2209 Voces
1616 2174 1728 2211 λιπα-

1075 2229 1140 2282 ρίῃ
1160 2242 1200 2266 τε
1216 2228 1282 2266 καὶ
1309 2223 1432 2282 οἷρετῇ
1450 2224 1728 2281 (perseverantia

1070 2289 1102 2321 et
1134 2285 1281 2333 virtute)
1313 2284 1449 2321 eodem
1495 2292 1604 2335 pacto
1638 2287 1728 2322 iun-

1071 2348 1152 2378 ctae
1172 2341 1350 2391 leguntur
1370 2342 1439 2389 IX,
1462 2344 1527 2382 70.
1558 2340 1619 2378 Ad
1639 2355 1728 2379 ver-

1069 2398 1164 2435 bum
1184 2393 1422 2451 οἷπεπειρᾶτο
1448 2398 1549 2435 conf.
1568 2399 1638 2448 IX,
1661 2401 1725 2440 18.

1272 2488 1364 2539 Cap.
1394 2488 1520 2526 XXII.

1126 2562 1248 2608 Οὗτοι
1272 2561 1376 2618 ἦσαν
1398 2566 1440 2606 οἵ
1463 2581 1503 2605 τε
1528 2560 1725 2612 ’ὑποδεξά-

1068 2623 1201 2677 μενοι]
1225 2626 1328 2661 Haec
1349 2635 1501 2675 quoque
1515 2621 1603 2657 talia
1623 2628 1722 2668 sunt,

1068 2694 1166 2733 quae
1215 2694 1236 2717 a
1270 2681 1449 2731 scriptore
1477 2676 1723 2714 Atheniensi-

1068 2738 1139 2776 bus
1159 2737 1346 2778 benevolo
1374 2737 1532 2773 istorum
1553 2735 1721 2786 ipsorum

1071 1727 1176 1758 neat·
