1996 3238
46 609 145 657 126

570 192 605 229 U
632 191 666 228 R
693 191 730 227 A
758 191 793 227 N
819 191 838 227 I
866 191 916 228 A.
973 190 1106 229 VIII.
1390 186 1475 228 173

213 319 288 350 πε·
345 301 496 357 »Οὕτω
526 301 608 356 ἔχει
635 315 725 344 τοι·
759 297 851 342 οὔτ’
881 298 938 341 ὂίν
967 299 1064 355 ἐγώ,
1094 298 1181 344 ἐών
1209 298 1474 355 Βελβινίτης,

215 371 457 428 ,,ἐτιμη’θην
486 369 602 413 οὕτω
640 368 752 422 πρός
793 368 1128 423 Σπαρτιητέων·
1171 366 1263 412 οὔτ’
1302 365 1358 411 ἂν
1405 365 1473 421 σύ,

213 440 469 495 ,,ὠ’νθρωπε,
499 437 584 482 ἐών
609 435 887 494 Ἀθηναῖος.“
949 439 1098 479 Ταῦτα
1127 436 1207 492 μέν
1236 452 1320 479 νυν
1349 435 1392 487 ἐς
1410 442 1501 479 ‘co-1

214 512 344 553 σοῦτο
375 508 557 563 ἐγένετο.

317 607 580 664 Ἀρτάβαζος
614 608 660 652 δὲ
691 606 714 651 ὁ
747 605 1023 661 Φαρνάκεος,
1056 601 1168 659 ἀνὴρ
1200 603 1246 647 ἐν
1279 606 1474 662 Πέρσῃσι
1531 608 1805 649 ExpeditioPersfi-

1530 653 1596 672 rum
1608 643 1804 672 Pallenensio.

209 676 391 734 λόγιμος
411 678 484 720 καὶ
513 675 680 732 πρόσθε
700 675 797 728 ἐών,
827 674 874 718 ἐκ
904 675 950 718 δὲ
979 675 1067 716 τῶν
1098 676 1377 715 Πλαταιϊκῶν
1399 673 1473 716 καὶ
1530 679 1697 706 Artabazus
1722 685 1789 704 011111

1531 718 1617 745 parte
1651 712 1806 752 qoplal’um

207 750 372 801 μᾶλλον
415 745 476 788 ἔτι
510 745 763 801 γενόμενος,
801 742 909 799 ἔχων
951 742 996 794 ἓξ
1026 739 1242 796 μυριάδας
1282 745 1498 794 στρατοῦ5
1529 746 1806 780 Mardoniiregem

1529 781 1566 807 ad
1577 780 1807 820 Hellespontum

140 874 143 875 γ
180 814 290 857 Ξτὸν
320 815 580 869 Μαρδόνιος
609 813 836 866 ἐξελέξατο,
861 809 1108 866 προέπεμπε
1138 807 1318 863 βασιλέα
1348 808 1470 865 μέχρι
1525 818 1713 854 prosecutus
1723 812 1806 840 inde-

1528 857 1586 882 que
1597 847 1726 882 rediens,
1738 846 1806 873 Pal-

206 884 289 926 τοῦ
325 880 483 936 πόρου.
525 882 584 933 ὠς
626 881 671 925 δὲ
702 881 725 923 ὁ
760 896 839 936 μεν
868 875 923 934 ἦν
953 878 1000 921 ἐν
1028 894 1080 935 τῃ
1104 876 1249 933 Ἀσίῃ,
1280 875 1304 919 ὁ
1336 876 1393 927 ὁὲ,
1426 874 1470 919 ὀ-
1528 882 1680 916 lenenses
1699 868 1806 915 11111111-

1527 919 1614 943 terea
1643 902 1806 942 Persarum

206 952 319 994 πίσω
349 949 655 1006 πορευόμενος,
685 966 795 992 κατα
825 946 904 1003 τὴν
935 944 1203 1002 Παλλήνην
1187 945 1363 999 εγίνετο·
1395 942 1469 986 ἅτε
1526 957 1559 975 ee
1589 950 1659 983 iugo
1687 948 1806 975 subtra-

1527 987 1643 1017 xerant,
1654 989 1804 1022 expugna-

206 1020 471 1075 Μαρδονίου
499 1034 544 1062 τε
578 1019 893 1075 χειμερίζοντος
919 1015 1017 1070 περὶ
1051 1015 1292 1070 Θεσσαλίην
1321 1027 1367 1056 τε
1395 1012 1470 1056 καὶ
1527 1025 1563 1045 re
1580 1003 1743 1044 0011ἷ11111111

206 1261 284 1304 ἐών
295 1263 543 1316 Βελβινίτης]
560 1263 713 1302 Belbina
725 1263 810 1300 exi-

148 1334 224 1372 gua
259 1322 379 1359 fertur
409 1334 487 1358 esse
526 1322 647 1358 insula
687 1334 808 1372 prope

149 1379 315 1416 Sunium
358 1380 664 1430 promontorium
713 1385 808 1415 teste

149 1436 299 1486 Scylac.
323 1437 359 1480 ξ.
392 1437 445 1476 52
475 1449 512 1485 p.
539 1438 593 1475 20
615 1434 735 1472 Huds.
766 1449 806 1486 p.

148 1494 228 1532 268
251 1493 348 1529 Gail.
370 1491 454 1541 (ubi
474 1492 588 1529 verba
606 1489 704 1530 κατοέ
716 1494 808 1531 τοῦ·

145 1563 190 1587 το
221 1548 269 1585 ad
321 1550 497 1600 proxime
544 1548 808 1586 antecedentia

145 1606 260 1642 verba
278 1601 528 1657 α’κρωτήριον
546 1601 724 1646 Σούνιον
744 1620 807 1642 re-

143 1662 237 1712 fero,
252 1663 359 1700 aliter
379 1670 492 1715 atque
514 1664 612 1700 Gaii.
633 1677 670 1713 p.
692 1661 803 1712 408),

145 1718 330 1770 Stephan.
360 1721 454 1770 Byz.
485 1734 513 1757 s.
535 1733 571 1757 v.
598 1733 684 1770 pag.
707 1720 803 1761 214.

144 1776 322 1814 Strabon.
343 1778 430 1814 Vlss
449 1791 486 1828 p.
505 1777 586 1818 375
609 1778 650 1814 C.
671 1791 700 1814 s.
722 1777 803 1817 576

144 1839 182 1869 et
207 1835 264 1870 IX
292 1847 379 1885 pag.
406 1836 485 1875 398
515 1836 563 1871 D.
588 1847 617 1879 S,
644 1836 722 1874 611
753 1834 803 1870 A.

142 1889 242 1927 Plin.
263 1892 313 1928 H.
337 1893 384 1927 N.
403 1892 466 1937 IV,
491 1893 556 1930 12.
617 1892 721 1926 Inter
740 1903 802 1926 re-

144 1948 328 1984 centiores
348 1946 586 1998 geographos
605 1960 683 1984 non
697 1960 807 1998 pror-

143 2015 204 2039 sus
226 2010 396 2040 constare
416 2003 567 2040 videtur
587 2004 634 2040 de
656 2003 727 2040 hac
742 2005 806 2040 iu-

142 2060 236 2105 sula,
260 2073 375 2110 quam
395 2067 482 2097 sunt
501 2061 567 2111 qui
579 2061 626 2097 ad
641 2061 805 2097 insulam

144 2115 203 2153 St.
227 2118 376 2165 Giorgio
405 2117 597 2165 d‘Arbom,
626 2123 668 2153 ut
697 2130 801 2153 nunc

141 2180 301 2222 vocant,
364 2186 566 2225 perperam
623 2174 800 2221 referant,

143 2243 264 2281 quum
302 2232 418 2267 istaec
465 2231 588 2267 insula
634 2231 801 2267 multum

141 2285 232 2324 hinc
251 2287 453 2324 meridiem
479 2301 609 2324 versus
653 2294 801 2324 remota

137 2345 197 2381 sit.
254 2346 348 2381 Utut
369 2351 434 2393 est,
458 2345 619 2394 exiguae
654 2345 800 2381 insulae

137 2402 280 2438 incolas
311 2400 414 2438 haud
448 2414 590 2451 magno
619 2402 704 2438 loco
733 2401 801 2438 ha-

139 2458 235 2494 bitos
265 2472 342 2495 esse
373 2458 473 2509 apud
504 2460 685 2507 Graecos,
713 2460 800 2496 satis

137 2512 212 2551 hoc
235 2529 282 2552 ex
305 2514 405 2552 dicto
426 2516 670 2566 perspicitur,
702 2529 799 2567 quo-

139 2584 226 2608 cum
250 2573 494 2609 conferantur
522 2585 618 2624 quae
651 2580 800 2610 exstant

139 2629 273 2665 similia
295 2629 396 2680 apud
413 2631 563 2667 Platon.
585 2631 798 2680 Derepubl.

139 2685 168 2731 l,
189 2684 214 2724 4
231 2699 318 2737 pag.
344 2689 425 2727 330
445 2688 505 2734 A„
538 2686 605 2723 ubi
635 2686 682 2724 cf.
703 2688 800 2724 Astii

140 2750 362 2780 commentt.
383 2757 421 2794 p.
445 2742 539 2784 334.
564 2744 666 2780 Plut.
688 2742 800 2780 The-

138 2799 236 2840 mist.
259 2802 321 2840 18.
339 2802 356 2836 I
372 2801 473 2852 pag.
490 2803 565 2841 121
589 2801 636 2841 A.
655 2801 691 2836 II
711 2813 798 2852 pag.

870 1261 948 1304 185
965 1262 1007 1299 C.
1039 1262 1159 1299 Cicer.
1180 1262 1237 1298 De
1271 1259 1466 1297 Senectus.
1488 1260 1527 1306 3,

865 1321 932 1357 ubi
963 1318 1038 1356 vid.
1059 1321 1269 1369 interprett.
1289 1338 1346 1344 ——
1384 1315 1446 1352 Ad
1466 1316 1528 1351 lo-

865 1379 1059 1414 cutionem
1091 1375 1130 1423 ἐς
1164 1376 1329 1414 τοσοῦτο
1350 1373 1398 1410 cf.
1424 1373 1526 1421 VIII,

866 1459 959 1498 107.
1017 1454 1129 1501 Quod
1158 1453 1347 1491 antecedit
1377 1435 1475 1500 νῖν,
1505 1464 1528 1488 a

862 1515 1096 1559 Florentino„
1118 1511 1305 1558 Mediceo,
1323 1511 1402 1547 aliis
1413 1507 1528 1546 codd.

864 1571 979 1611 abest.
1027 1572 1085 1606 De
1119 1582 1195 1621 quo
1221 1568 1422 1605 conferunt
1449 1566 1527 1602 Mi-

863 1628 964 1666 scell.
988 1628 1168 1665 Observv.
1189 1627 1244 1662 III
1263 1639 1301 1676 p.
1329 1622 1421 1665 146.

1042 1741 1136 1792 Cap.
1160 1739 1336 1778 CXXVI.

915 1827 1184 1883 Ἀρτάβαζος]
1218 1830 1327 1868 Idem
1349 1835 1425 1874 est,
1458 1827 1525 1881 qui

861 1890 943 1936 VII⁷
969 1892 1019 1930 66
1044 1889 1123 1926 dux
1144 1887 1456 1925 Chorasmiorum
1487 1892 1524 1922 et

862 1945 1094 1983 Parthorum
1115 1946 1339 1997 appellatur.
1388 1943 1526 1993 Respi-

863 2005 913 2040 cit
928 2011 1056 2041 autem
1077 2002 1293 2040 Herodotus
1318 2000 1380 2037 hic
1401 2000 1449 2037 ad
1466 2013 1523 2048 ea,

864 2073 961 2111 quae
990 2062 1058 2107 IX,
1079 2060 1128 2099 41
1156 2073 1236 2110 seq.
1266 2061 1332 2097 66.
1363 2059 1416 2097 89
1443 2063 1522 2093 tra-

862 2116 1088 2152 duntur.——
1116 2117 1211 2151 Mox
1246 2114 1380 2160 reieci,
1417 2112 1522 2164 quod

858 2174 985 2223 plures
1015 2170 1129 2209 codd.
1159 2171 1382 2216 afferebant,
1424 2172 1523 2208 τοῦ

859 2230 1114 2279 Μαρδονίου,
1136 2241 1258 2280 quum
1287 2239 1410 2263 unum
1439 2223 1522 2266 τὸν

857 2300 992 2323 verum
1013 2300 1091 2323 esse
1112 2287 1238 2337 possit.
1286 2286 1461 2335 Namque
1472 2296 1522 2320 ex

859 2357 903 2380 eo
926 2345 1107 2392 exercitu,
1132 2356 1247 2394 quem
1271 2355 1319 2378 ex
1343 2341 1520 2377 omnibus

857 2402 1062 2438 Persarum
1101 2401 1218 2451 copiis
1247 2400 1316 2436 sibi
1358 2399 1523 2448 elegerat

856 2457 1078 2494 Mardonius
1091 2459 1188 2502 regis
1207 2458 1310 2493 iussu
1322 2456 1518 2503 V111‚107‚

856 2517 1054 2565 sexaginta
1082 2515 1188 2550 mille
1219 2526 1308 2550 cum
1329 2511 1518 2548 Artabazo

858 2574 923 2624 qui
947 2584 1078 2622 regem
1112 2571 1395 2616 comitarentur,
1424 2569 1519 2605 mis-

856 2643 917 2666 sos
936 2629 1048 2665 fuisse
1067 2628 1256 2678 intelligit.
1278 2648 1334 2654 —
1354 2627 1412 2662 De
1430 2625 1518 2663 Pal-

857 2687 930 2724 lene
942 2684 1021 2722 dixi
1034 2684 1081 2722 ad
1098 2686 1177 2731 VII,
1201 2686 1279 2724 123
1302 2690 1339 2720 et
1359 2682 1406 2720 de
1422 2696 1517 2719 voce

857 2743 1086 2795 χειμερίζειν
1107 2742 1208 2780 conf.
1230 2747 1324 2779 nott.
1346 2740 1395 2778 ad
1415 2741 1517 2787 VIII,

860 2803 950 2841 113.
