1996 3238
402 782 469 828 40

195 846 321 874 Artemis
309 846 352 873 sio
370 847 441 873 reli

195 887 242 907 cto
263 880 317 912 [c.¹
313 881 382 915 ⁵.,1]
395 881 470 908 clas-

194 914 234 941 sis
254 915 296 940 Gr
285 922 369 940 roaec
363 922 436 941 »rum

194 947 270 983 petit
278 948 458 976 Salaminem

519 263 574 302 52
923 258 1376 296 HERODOTI

492 367 731 423 2“Υαμπείῃ
766 370 954 423 κορυφῇ.
1012 369 1065 410 Οἱ
1104 368 1148 410 δὲ
1187 365 1390 415 πεσόντες
1429 363 1515 407 ἀπό
1555 365 1636 405 τοῦ
1663 365 1777 416 Παρ-

520 439 684 492 νησσοῦ
715 435 834 477 λίθοι
865 435 924 477 ἔτι
951 435 1023 477 καὶ
1042 434 1083 484 ἐς
1112 432 1242 489 ἡμέας
1271 428 1384 488 ἦσαν
1414 432 1522 483 σόοι,
1553 430 1598 473 ἐν
1627 433 1687 485 τῷ
1717 445 1777 472 τε·

521 503 642 559 μένεϊ
675 507 751 557 τῆς
792 505 1007 558 Προνηίης
1031 499 1263 556 Ἀθηναίης
1292 501 1500 555 κείμενοι,
1531 499 1572 549 ἐς
1601 497 1648 540 τὸ
1681 496 1777 539 ἐνέ-

522 576 694 624 σκηψαν
725 571 795 612 διὰ
825 573 912 612 τῶν
942 568 1176 624 βαρβάρων
1207 566 1453 622 φερόμενοι.
1499 565 1676 609 Τούτων
1699 563 1777 618 μέν
1790 571 1833 604 10

520 654 604 681 ’νυν
653 640 741 680 τῶν
789 636 964 691 ἀνδρῶν
1009 635 1119 691 αὕτη
1160 633 1243 678 α’πὸ
1291 638 1371 678 τοῦ
1411 636 1512 690 ἱροῦ
1554 631 1775 688 ἀπαλλαγή

519 707 694 761 γίνεται.

625 783 679 828 ‘0
709 784 753 827 δὲ
778 781 994 835 Ἑλλήνων
1023 780 1225 830 ναυτικὸς
1255 779 1436 833 στρατός
1465 778 1550 823 οἷπό
1578 783 1658 823 τοῦ
1681 779 1777 832 Ἀρ-

530 854 736 908 τεμισίου,
763 849 1006 904 Ἀθηναίων
1037 847 1291 903 δεηθέντων,
1336 849 1377 899 ἐς
1405 852 1635 903 Σαλαμῖνα
1663 848 1777 890 κατί-

497 927 618 975 Ξσχει
660 918 736 969 τὰς
778 921 895 974 νῆας.
964 919 1099 960 τῶνδε
1140 916 1184 959 δὲ
1232 917 1372 959 εἵνεκα
1419 913 1778 970 προσεδεήθησαν
1835 970 1850 980 .

528 987 676 1030 αὐτῶν
706 991 821 1041 σχεῖν
860 983 973 1040 πρὸς
1010 988 1243 1040 Σαλαμῖνα
1278 981 1511 1040 Ἀθηναῖοι,
1553 983 1625 1027 ἵνα
1655 980 1837 1028 αὐτοὶ15,

521 1212 603 1255 ‘tino‘
643 1218 694 1270 τῇ
716 1211 915 1267 ’Ὑαμπείῃ
931 1209 1116 1266 κορυφῇ]

465 1273 614 1310 Mavult
649 1259 899 1310 Valckeuaer.
930 1268 1118 1322 Ταμπέῃ,

466 1336 509 1366 ut
529 1330 649 1379 magis
679 1330 725 1365 sit
756 1329 940 1363 lonicum.
977 1326 1028 1363 H
1017 1338 1119 1376 Jam-

463 1398 532 1437 pea
543 1386 748 1423 vocabatur
767 1383 938 1419 Parnassi
959 1395 1042 1432 pars
1054 1395 1120 1418 su-

468 1454 538 1492 per
565 1440 731 1492 Delphos
760 1439 808 1476 ad
838 1441 1023 1476 orientem
1053 1451 1124 1474 ex-

468 1509 640 1547 surgens,
655 1498 720 1534 ubi
731 1510 821 1533 saxa
832 1497 999 1533 maxime
1011 1507 1123 1545 prae-

467 1555 605 1604 cipit1a‚
626 1553 728 1590 unde.
742 1554 971 1589 facinorosos
993 1559 1029 1588 et
1046 1553 1123 1587 im-

468 1612 550 1661 pios
573 1610 731 1647 deiicere
750 1610 934 1656 solebant,
964 1607 1123 1659 (vocan-

469 1673 531 1703 tur
548 1674 674 1703 autem
694 1664 953 1702 Phaedriadae
968 1665 981 1711 )
1003 1665 1126 1700 octin-

470 1730 604 1773 gentos
624 1722 739 1774 pedes
769 1735 880 1773 supra
901 1719 1067 1771 Delphos
1090 1727 1125 1756 et

471 1779 547 1816 duo
584 1781 688 1816 mille
716 1778 831 1830 pedes
869 1790 981 1828 supra
1019 1789 1125 1812 mare

472 1837 690 1873 eminentia.
738 1834 824 1872 Vid.
845 1836 886 1873 C.
911 1836 956 1872 0.
975 1834 1124 1869 Miiller.

471 1890 700 1929 Orchomen.
740 1905 828 1943 pag.
867 1890 963 1931 494.
986 1891 1126 1941 lKruse

471 1949 572 1985 Hell.
592 1949 617 1984 l.
638 1949 662 1985 l.
683 1961 770 1998 pag.
793 1948 914 1989 5—-8,
941 1945 1125 1984 Valcken.

473 2003 521 2041 de
555 2017 648 2054 rupe
674 2007 873 2054 Hyampea
910 2001 1128 2040 laudaverat

471 2061 647 2097 Perizon.
680 2060 728 2097 ad
755 2062 902 2097 Aelian.
921 2061 965 2098 V.
989 2061 1036 2095 H.
1058 2061 1125 2107 XI,

474 2115 499 2156 5
543 2123 579 2153 et
615 2118 845 2167 VVesseling.
883 2115 931 2152 ad
969 2114 1127 2156 Diodor,

473 2172 577 2217 XVI,
593 2175 644 2213 28
666 2173 750 2209 coll.
791 2173 838 2210 ad
863 2174 930 2219 XI,
959 2171 1021 2219 14,
1062 2173 1127 2208 ubi

475 2226 538 2264 hic
576 2229 733 2279 scriptor
766 2229 814 2266 ad
852 2228 986 2265 aedem
1018 2229 1127 2265 istam

474 2285 680 2332 Minervae,
719 2286 840 2322 Persis
863 2284 1039 2321 divinitus
1066 2285 1130 2320 su-

476 2342 572 2390 gatis
588 2370 598 2388 ,
638 2340 805 2392 Delphos
836 2341 947 2378 tradit
968 2342 1128 2377 erexisse

476 2404 674 2447 tropaeum
695 2397 874 2449 additque
895 2399 1129 2448 epigramma

476 2460 631 2503 tropaeo
651 2453 740 2491 huic
760 2455 1002 2503 inscriptum,
1026 2452 1128 2504 quod

478 2508 567 2545 inde
589 2512 766 2548 analectis
784 2511 938 2547 inseruit
957 2508 1126 2546 Brunck.

477 2566 529 2601 111
546 2579 583 2615 p.
608 2569 682 2606 178
703 2581 762 2604 nr.
786 2566 862 2608 143
884 2567 968 2603 coll.
982 2566 1126 2602 lacobs.

477 2621 758 2662 Animadverss.
789 2624 840 2661 T.
876 2625 941 2673 111,
981 2625 1000 2662 1
1037 2635 1123 2673 pag.

480 2679 574 2733 37Q.

536 2734 640 2783 ἦσαν
671 2730 777 2785 σόοι]
811 2736 998 2774 Sancrosti
1036 2736 1129 2773 liber

480 2802 570 2826 cum
589 2791 667 2827 aliis
688 2793 797 2830 σῶοι.
854 2793 931 2830 Sed
963 2796 1061 2830 conl.
1082 2794 1129 2840 11,

485 2848 576 2888 181.
595 2847 640 2896 V,
662 2849 727 2888 96.
751 2847 884 2887 Manli.
905 2851 970 2887 Gr.
1000 2851 1064 2888 Gr.
1091 2851 1129 2896 §-

1177 1210 1256 1253 124
1270 1226 1358 1264 pag.
1380 1211 1475 1253 246·
1505 1234 1554 1239 —
1588 1210 1632 1246 Iu
1655 1222 1760 1262 seqq.
1784 1207 1834 1246 ad

1174 1271 1335 1306 verbum
1366 1263 1598 1318 ἐνσκητττειν
1618 1268 1715 1303 conf.
1736 1272 1832 1302 nott.

1176 1325 1224 1362 ad
1244 1329 1273 1371 I,
1300 1326 1390 1367 105.
1421 1325 1624 1361 Pausanias
1646 1325 1695 1369 X,
1717 1325 1770 1362 23
1795 1324 1833 1368 §-

1177 1385 1214 1426 3,
1242 1384 1359 1419 utitur
1378 1382 1493 1418 verbo
1530 1374 1832 1430 κατασκήπτειν.

1178 1439 1426 1489 Participium
1461 1431 1680 1488 φερόμενοι
1727 1435 1834 1486 attigi

1179 1494 1227 1533 ad
1246 1497 1344 1543 vlu,
1367 1496 1433 1535 28.

1404 1584 1494 1634 Cap.
1514 1584 1598 1620 XL.

1235 1662 1406 1713 κατίσχει
1444 1659 1514 1707 τοὶς
1542 1658 1673 1711 νῆας]
1721 1659 1832 1698 Conf-

1179 1727 1276 1757 nott.
1311 1719 1358 1756 ad
1378 1720 1441 1767 vl,
1465 1721 1540 1758 101
1574 1724 1609 1754 et
1629 1715 1832 1764 add.v111‚

1180 1776 1246 1816 41.
1285 1775 1352 1816 42.
1408 1776 1501 1811 Mox
1535 1787 1623 1811 cum
1652 1772 1832 1810 Bekkero

1182 1832 1270 1869 dedi
1306 1832 1431 1871 τῶνδε
1467 1828 1518 1870 δὲ
1561 1830 1716 1878 εἵνεκα,
1767 1831 1833 1866 ubi

1183 1888 1378 1927 Schaeser.
1416 1895 1452 1924 et
1478 1886 1612 1924 Matth.
1651 1899 1700 1922 ex
1731 1887 1833 1923 San-

1185 1946 1291 1982 crofti
1312 1946 1405 1981 libro
1421 1944 1512 1981 dant
1532 1945 1612 1982 ταῖν
1629 1943 1671 1981 δε
1691 1942 1835 1982 εἵνεκα.

1184 2003 1234 2038 At
1253 2001 1330 2040 vid.
1352 2002 1432 2049 vn,
1455 2001 1492 2041 5.
1513 2001 1580 2041 53.
1603 1999 1703 2047 vm,
1724 2000 1793 2041 75.

1241 2116 1345 2164 σχεῖν
1356 2109 1455 2162 πρός
1468 2109 1691 2163 Σαλαμῖνα]
1705 2110 1837 2149 Adlo-

1184 2172 1376 2207 cutionem
1396 2169 1497 2207 conf.
1517 2175 1612 2204 nott.
1634 2167 1682 2204 ad
1701 2169 1763 2215 VI,
1781 2169 1835 2209 92

1185 2234 1222 2264 et
1243 2225 1425 2264 Sohaefer
1451 2224 1499 2261 ad
1524 2225 1715 2263 Lambert.
1744 2226 1834 2263 Bos.

1183 2285 1241 2319 De
1277 2284 1394 2332 ellips.
1433 2283 1478 2317 L.
1514 2281 1579 2319 Gr.
1620 2293 1707 2331 pag.
1738 2283 1834 2322 316.

1183 2340 1250 2375 Est
1280 2351 1367 2375 vero
1402 2337 1563 2374 Salamis
1604 2338 1726 2374 insula
1765 2337 1834 2373 be-

1184 2408 1232 2431 ne
1251 2396 1340 2442 sita,
1372 2401 1454 2430 tum
1480 2392 1529 2431 ad
1548 2406 1630 2430 rem
1658 2394 1834 2432 bellicam

1183 2450 1273 2487 inde
1318 2449 1601 2498 instituendam,
1642 2457 1725 2487 tum
1783 2449 1832 2487 ad

1181 2509 1420 2544 securitatem
1432 2519 1576 2553 eorum,
1588 2520 1684 2559 quae
1699 2509 1736 2543 in
1749 2514 1831 2544 tuto

1182 2566 1357 2601 collocari
1393 2565 1585 2610 volumus,
1624 2576 1832 2614 procuran-

1182 2619 1270 2658 dam
1291 2621 1554 2672 optimumque
1566 2621 1652 2656 belli
1665 2627 1831 2670 recepta.

1182 2679 1323 2715 culum.
1398 2676 1507 2714 Unde
1553 2675 1834 2727 explicandum,

1185 2734 1287 2786 quod
1316 2735 1379 2770 illa
1400 2741 1541 2780 aetate,
1570 2734 1690 2770 Persis
1706 2734 1832 2770 immi-

1184 2791 1357 2828 uentibus
1372 2819 1382 2838 ,
1411 2792 1449 2826 iu
1478 2789 1575 2826 hanc
1596 2791 1832 2841 potissimum

1183 2848 1346 2886 insulam
1376 2845 1624 2885 Athenienses
1642 2847 1830 2896 mulieres,
