1996 3238
6 1352 11 1384 ἱι

6 1389 11 1422 t!

6 1421 11 1462 i

5 1474 11 1545 t

6 1550 8 1571 r

6 1594 8 1610 l

6 1615 8 1627 l

6 1631 11 1660 't

5 1717 10 1771 ἱ

5 1772 8 1808 s

5 1809 9 1829 ε

5 2459 7 2474 -
4 2418 7 2425 .
0 1996 15 2366 .-n-“nqnaexffg-u-
6 1870 10 1955 ...„.

475 209 560 249 156
869 209 1330 247 HERODOTI

446 323 469 358 3
481 317 581 371 ,,τέα
621 312 732 359 εἶναι
769 316 984 372 χρήματα·
998 321 1026 342 “

1089 316 1377 374 ὑπεκρίναντο
1425 318 1509 373 πρό
1515 335 1535 369 ς
1582 321 1729 372 ταῦτα,

476 383 674 439 λέγοντες
703 381 762 435 ὠς
800 384 939 436 „uam
969 384 1100 441 λόγον
1127 381 1238 441 ἦσαν
1268 387 1351 441 ἄρα
1377 388 1422 429 αἱ
1448 386 1629 443 Ἀθῆναι
1658 403 1731 442 με·

473 450 631 506 ,,γάλαι
659 467 703 494 τε
731 452 804 494 καὶ
828 451 1091 507 εὐδαίμονες,
1121 454 1193 496 καὶ
1219 458 1337 496 θεῶν
1354 459 1550 511 χρηστῶν
1581 454 1731 510 ἥκοιεν

475 515 574 572 ,,εὗ·
604 519 693 562 ἐπεὶ
722 517 940 573 Ἀνδρίους
968 537 1014 576 γε
1044 519 1155 564 εἶναι
1183 524 1432 576 γεωπείνας,
1465 524 1507 573 ἐς
1536 520 1586 565 τοὶ
1617 521 1731 577 μέγι-

475 597 585 637 ,,στα
615 584 871 642 ἀνήκοντας,
898 589 970 631 καὶ
999 588 1133 639 θεούς
1163 587 1245 632 δύο
1276 589 1514 646 ἀχρήστους
1553 588 1637 634 οὐκ
1666 590 1730 633 ἐκ·

416 773 544 810 larunt
563 769 637 824 τήν
657 768 948 823 Πειθανᾶγκην
975 771 1071 822 (vid.

417 828 577 867 Eustath
608 831 648 865 in
672 831 828 865 Homer.
849 830 892 866 ΙΙ.
912 830 964 865 III
985 842 1072 880 pag.

418 888 521 933 309,
565 884 627 924 14.
649 885 784 936 Syues.
815 887 873 921 De
896 898 1002 935 regn.
1034 899 1074 936 p.

414 944 469 982 26
490 943 536 978 A.
558 954 588 978 S.
610 955 668 992 cp.
701 945 753 982 23
775 942 863 993 ibiq.
907 943 1075 978 Krabin-

413 1010 495 1047 ger.
536 1010 623 1048 pag.
664 999 744 1038 317
783 999 856 1034 coll
891 998 1075 1042 Abresch,

415 1055 455 1090 in
476 1055 632 1091 Miscell.
645 1054 824 1091 Observv.
839 1056 922 1094 Vol.
941 1056 1072 1106 Vpag.

415 1112 512 1152 236.
546 1113 647 1157 237,
680 1124 794 1162 quem
822 1111 950 1149 laudat
986 1112 1072 1162 Cr.)

413 1174 614 1234 opponunt
631 1166 766 1203 Andrii
789 1168 891 1205 Πει
866 1184 943 1218 ιην
955 1183 994 1206 τε
1007 1168 1073 1207 καὶ

413 1217 663 1275 Ἀμηχανίην
706 1225 731 1260 i.
761 1237 795 1261 e.
829 1229 1074 1274 paupertatem

415 1286 454 1317 et
498 1282 653 1330 inopzam
700 1280 779 1316 sive
826 1283 1072 1331 zmpotentz',am

413 1349 578 1388 quarum
612 1337 797 1387 praesidio
832 1339 944 1374 etiam
974 1338 1074 1374 firmi

410 1406 456 1430 ac
476 1395 548 1430 tuti
569 1394 871 1430 Themistoclem
892 1396 1074 1432 Graecos-

411 1463 490 1502 que
509 1463 549 1486 re
569 1450 708 1487 infecta
730 1449 921 1487 discedere
934 1464 1071 1502 coege-

411 1509 522 1555 runt,
562 1513 604 1543 ut
644 1507 807 1557 legimus
845 1509 952 1556 VIII,
994 1511 1068 1548 121

412 1564 499 1601 coll.
521 1563 716 1601 Plutarch.
739 1563 929 1602 Themist.
960 1567 1008 1605 21
1033 1578 1070 1615 p.

414 1622 495 1660 122
516 1620 573 1668 C.‚
595 1621 662 1671 qui
683 1620 818 1657 eadem
837 1622 987 1658 brevius
1001 1634 1072 1657 ex-

409 1688 557 1727 ponens
577 1684 687 1713 vocat
699 1678 800 1716 Βίαν
820 1685 934 1729 atque
952 1673 1071 1716 Ἀπο-

410 1732 503 1783 ρίαν
561 1731 650 1769 deas
691 1733 939 1770 Andriorum.
1014 1734 1071 1770 Ac

409 1801 501 1826 sane
548 1788 681 1824 fanum
719 1785 922 1841 Ἀνάγκης
958 1796 1072 1841 atque

410 1846 510 1891 Βίας
530 1844 703 1882 Corinthi
726 1847 839 1883 fuisse
867 1853 997 1883 auctor
1018 1853 1073 1883 est

409 1902 618 1939 Pausanias
643 1903 701 1949 ΙΙ,
734 1901 759 1942 4
782 1904 817 1948 ξ.
840 1906 879 1943 7.
937 1905 1072 1954 Neque

408 1956 486 1995 huc
520 1971 598 1995 non
629 1959 718 1996 facit
757 1960 886 1996 Alcaei
926 1959 1072 1997 dictum

409 2014 512 2066 apud
526 2016 736 2052 stobaeum
757 2017 879 2053 XCIV
908 2014 999 2065 (96)
1032 2030 1069 2065 p.

409 2072 491 2112 518
513 2086 542 2109 s.
564 2073 614 2109 T.
636 2074 687 2108 III
711 2085 797 2123 pag.
827 2073 909 2114 258
939 2073 1068 2120 Gaisf„

406 2128 475 2164 ubi
502 2124 751 2179 Ἀμηχανίαν
784 2129 879 2166 dixit
899 2142 1068 2165 sororem

409 2185 580 2230 ,Πενίας-ε
620 2185 667 2222 de
698 2199 774 2237 quo
808 2185 908 2224 conf.
933 2186 1069 2222 Blom-

407 2240 510 2278 field.
541 2243 579 2278 in
616 2243 780 2282 Glossar.
811 2241 860 2279 ad
889 2241 1067 2293 Aescliyl.

410 2298 452 2334 S.
487 2311 519 2336 e.
549 2296 626 2338 Th.
653 2297 747 2339 343.
806 2301 862 2336 Ac
903 2298 1067 2350 denique

406 2355 611 2392 muliebres
625 2353 712 2391 deas
729 2351 923 2408 μεγάλους
946 2353 1071 2401 θεοὺς

407 2418 510 2448 recte
540 2411 639 2459 dici,
676 2419 904 2448 monstrasse
932 2410 1069 2448 dicitur

406 2468 554 2504 Elsner.
577 2466 720 2506 Sched.
748 2469 838 2507 Crit.
863 2481 949 2518 pag.
973 2470 1024 2507 39
1047 2480 1068 2503 a

406 2523 663 2574 Wesselingio
694 2527 890 2562 excitatus.
954 2522 1067 2559 Haud

406 2580 515 2616 aliter
551 2582 647 2617 infra
689 2581 826 2618 Andrii
868 2581 1066 2631 protulisse

407 2634 586 2673 dicuntur
614 2635 738 2684 θεούς
774 2633 995 2688 ἀχρήστους
1038 2637 1064 2673 i-

406 2705 442 2729 e.
478 2694 704 2741 malevolos,
747 2692 849 2730 haud
879 2694 1064 2743 benignos

405 2755 521 2801 atque
542 2750 648 2786 utiles
670 2751 769 2800 ipsis,
788 2763 833 2787 eo
855 2749 959 2802 quod
979 2750 1064 2786 nul-

404 2805 442 2843 la
462 2806 549 2858 ipsis
567 2807 750 2857 praebent
778 2805 996 2844 commoda.

1186 788 1241 820 ως
1276 770 1375 811 nocto?
1411 768 1530 837 λόγον
1574 768 1681 824 ἦσαν
1711 789 1788 825 αρα

1130 827 1174 867 αἱ
1190 825 1368 880 Ἀθῆναι
1391 825 1554 881 μεγάλαι
1571 845 1610 869 τε
1633 829 1700 869 καὶ
1721 827 1788 869 εύ-

1131 884 1354 937 ὁαίμονες]
1418 883 1516 924 nato?
1560 883 1681 939 λόγον
1721 900 1788 924 cur

1131 941 1383 993 Schweing
1373 956 1411 978 ln
1433 944 1527 979 Lex.
1541 941 1679 979 Herod.
1698 942 1788 980 red-

1132 997 1195 1036 dat
1234 1002 1374 1046 merito,
1440 998 1544 1035 hand
1593 1006 1789 1049 exputem.

1132 1056 1240 1092 Conf.
1263 1057 1307 1102 V,
1329 1058 1364 1095 8.
1390 1056 1660 1107 Imperfectum
1684 1050 1789 1106 ἦσαν

1130 1114 1295 1163 positum
1316 1111 1485 1160 videtur,
1525 1113 1588 1148 ubi
1611 1125 1787 1162 praesens

1129 1181 1219 1205 sane
1248 1176 1398 1220 tempus
1439 1176 1712 1218 exspectasses:
1741 1168 1788 1205 de

1131 1238 1206 1277 quo
1246 1239 1316 1262 usu
1354 1225 1454 1262 conf.
1496 1224 1692 1262 Heindorf.
1740 1224 1789 1262 ad

1128 1283 1279 1323 Platon.
1302 1281 1446 1318 Phaed.
1479 1283 1516 1327 ξ.
1544 1282 1596 1322 35
1626 1294 1713 1332 pag.
1733 1280 1787 1322 54

1130 1346 1165 1374 et·
1187 1352 1284 1390 quae
1305 1340 1375 1375 alia
1397 1338 1444 1375 de
1464 1337 1600 1375 eodem
1629 1351 1698 1375 usu
1727 1344 1787 1373 at-

1128 1395 1212 1431 tulit
1252 1396 1464 1433 Stallbaum
1521 1393 1570 1430 ad
1619 1393 1784 1431 eundem

1128 1453 1295 1489 Platonis
1333 1453 1461 1488 locum
1489 1463 1577 1501 pag.
1612 1453 1678 1491 60.
1718 1452 1786 1490 61.

1127 1510 1185 1545 De
1201 1509 1336 1546 vocula
1358 1505 1434 1557 ἄρα
1463 1507 1667 1559 postposita
1684 1505 1787 1544 conf.

1129 1567 1240 1602 allata
1281 1564 1330 1602 ad
1359 1566 1468 1612 V111,
1510 1567 1548 1605 8.
1606 1565 1663 1599 De
1691 1575 1787 1600 voce

1131 1618 1364 1674 εὐδαίμονες
1403 1621 1505 1659 conf.
1533 1626 1630 1658 nott.
1662 1618 1711 1657 ad
1740 1620 1785 1668 V,

1128 1681 1194 1718 28.

1185 1731 1252 1773 καὶ
1287 1735 1397 1771 θεῶν
1427 1744 1607 1783 χρηστων
1647 1728 1787 1783 ’ἥκοιεν

1130 1783 1199 1842 εὐ]
1222 1789 1283 1826 Ad
1304 1790 1536 1826 locutionem
1557 1789 1657 1826 conf.
1681 1790 1710 1833 1,
1733 1790 1786 1828 30

1128 1847 1217 1894 Vll,
1255 1846 1332 1886 157
1365 1853 1400 1883 et
1430 1845 1477 1882 de
1506 1846 1641 1882 vocula
1671 1839 1716 1883 εὑ
1745 1845 1787 1880 in

1128 1903 1204 1939 fine
1233 1904 1411 1939 orationis
1446 1901 1590 1952 posit&
1620 1900 1697 1938 xid.
1729 1901 1787 1936 al-

1126 1960 1203 1996 lata
1226 1958 1273 1995 ad
1307 1960 1339 1995 V
1351 1989 1360 2006 ‚
1400 1961 1466 1999 27.
1524 1960 1581 1994 De
1608 1956 1787 1994 indicati-

1126 2029 1174 2053 vo
1189 2009 1329 2066 (ἦσαν)
1353 2022 1388 2052 et
1405 2016 1571 2065 optativo
1610 2010 1785 2067 (ἥκοιεν)

1122 2086 1162 2109 se
1184 2074 1349 2109 invicem
1383 2072 1655 2121 excipientibus
1684 2070 1785 2108 conf.

1124 2130 1234 2176 VIII,
1289 2131 1378 2169 100.
1455 2129 1675 2175 Caeterum,
1736 2128 1786 2163 ait

1124 2184 1495 2235 Schweighaeuser„
1517 2183 1686 2220 mordaci
1706 2183 1786 2219 iro-

1122 2244 1185 2279 nia
1209 2241 1302 2278 haec
1333 2240 1431 2277 dicta
1465 2240 1664 2276 videntur:
1706 2251 1786 2276 ma-

1127 2311 1219 2348 gnae
1236 2302 1267 2335 et
1294 2299 1417 2334 beatae
1436 2297 1594 2333 Athenae
1621 2293 1782 2333 scilicet!

1126 2368 1267 2405 nempe
1296 2355 1383 2390 urbs
1429 2366 1557 2389 eversa
1596 2360 1785 2389 cremata-

1128 2425 1202 2463 que
1242 2418 1278 2447 et
1317 2418 1416 2447 terra
1456 2411 1579 2445 omnis
1618 2416 1782 2446 vastata:

1122 2469 1289 2518 propitiis
1323 2469 1357 2504 in
1384 2469 1508 2516 primis
1538 2469 1686 2502 utuntur
1714 2465 1784 2505 diis

1124 2525 1288 2571 scilicet,
1318 2524 1384 2574 qui
1415 2536 1486 2559 nec
1517 2523 1674 2568 urbem,
1710 2531 1781 2556 nec

1123 2581 1265 2630 templa
1287 2580 1395 2616 tutati
1415 2581 1547 2616 sunt!'‘

1178 2635 1263 2675 ἐττει
1281 2631 1494 2684 Ἀνδρίους
1513 2646 1555 2683 γε
1573 2644 1674 2670 ειναι
1686 2644 1779 2682 γεω

1120 2693 1261 2738 πείνας
1282 2690 1320 2738 ἐς
1342 2688 1388 2729 τὰ
1418 2689 1576 2741 μέγιστα
1604 2682 1780 2736 α’νηκον-

1120 2750 1203 2799 τας]
1236 2749 1362 2785 Oratio
1394 2760 1414 2782 e
1435 2746 1575 2783 directa
1594 2744 1747 2780 subito
1738 2756 1777 2779 ιιι

1119 2804 1344 2842 indirectam
1365 2802 1564 2841 accusativi
1584 2807 1620 2838 et
1649 2800 1778 2836 infun-
