1996 3238
481 180 566 222 15⁰
880 184 1342 224 HERODOTI

478 287 808 343 ,,ἆλισκομένων
852 306 924 346 γε,
974 289 1003 347 ἢ
1053 291 1139 347 πρὸ
1181 293 1343 339 τούτου
1390 295 1739 353 ὁμολογεόντων·

480 355 681 412 ,,τροφη’ν
704 373 748 400 τε
780 360 886 409 ἕξειν
915 359 1051 415 σφέας
1083 360 1161 404 τὸν
1191 362 1381 406 ἐπέτειον
1411 365 1494 407 αἰεὶ
1522 369 1610 408 τῶν
1645 365 1742 411 Ἐλ-
1798 372 1880 412 670

453 423 628 481 Ίλήνων
667 427 848 481 καρπόν.
915 427 1024 471 ἀλλὰ
1069 430 1236 473 δοκέειν
1265 431 1373 486 γὰρ,
1413 434 1649 488 νικηθέντα
1689 439 1742 492 τῇ

479 495 727 550 ,,ναυμαχίῃ
768 494 822 537 ού
858 497 1024 550 μενέειν
1063 497 1108 539 ἐν
1138 502 1192 553 τῇ
1230 498 1421 556 Εὐρώπῃ
1444 501 1521 544 τὸν
1553 502 1741 556 Πέρσεα·

450 559 660 612 8,,ἐατέον
704 556 766 604 ὦν
806 561 917 607 εἶναι
959 563 1138 619 φεύγειν
1177 566 1219 616 ἐς
1265 566 1290 610 ὃ
1319 568 1443 611 ἔλθοι
1485 569 1663 624 φεύγων
1702 570 1797 621 ἐς35

479 627 586 684 ,μὴν
636 628 816 673 ἑωυτοῦ.
872 631 920 674 τὸ
963 633 1169 675 ἐνθεῦτεν
1210 634 1254 677 δὲ
1299 636 1399 688 περὶ
1444 640 1519 693 τῆς
1570 637 1743 680 ἐκείνου

476 694 732 748 „modestiae
779 697 863 754 ἤδη
903 699 981 741 τόν
1023 698 1199 754 dmum
1244 701 1421 746 ἐκέλευε.
1492 703 1664 760 Ταύτης
1696 704 1742 748 δὲ

478 764 644 818 εἴχοντο
689 769 764 820 τῆς
801 765 978 823 γνώμης
1013 769 1085 811 καὶ
1125 771 1498 827 Πελοποννησίων
1535 776 1627 816 τῶν
1668 772 1745 816 ἄλ-

476 834 567 875 λων
596 834 641 875 οἱ
668 835 912 889 στρατηγοί.

321 898 420 944 109
585 898 663 949 Ὡς
701 900 746 943 δὲ
791 901 925 956 ἔμαθε
955 900 1023 946 ὅτι
1062 902 1287 948 οὐπείσει
1327 904 1435 956 τούς
1474 921 1522 962 γε
1551 906 1745 957 πολλοὺς

144 961 422 1024 fflfbffigffigffifflg
477 965 638 1009 πλώειν
668 967 710 1018 ἐς
742 968 819 1012 τὸν
842 969 1163 1027 Ἑλλήσποντον
1193 972 1217 1016 ὁ
1252 974 1583 1030 Θεμιστοκλέης,
1615 978 1801 1029 μετα-40

144 1028 424 1097 ῥξξῇξξθζζξξῆῑῑῗῑ
480 1033 651 1090 βαλών,
692 1035 803 1091 πρὸς
843 1039 946 1090 τούς
974 1037 1235 1097 Ἀθηναίους
1266 1038 1415 1092 (οὗτοι
1443 1042 1527 1098 γὰρ
1558 1041 1748 1099 μάλιστα

143 1100 269 1159 ῧῖῗὲἓ’“
287 1105 406 1133 ”e‘m'

418 1249 460 1286 in
486 1250 641 1302 Europa
661 1252 710 1291 ad
730 1268 862 1306 regem
882 1258 1078 1309 accedant,

420 1319 542 1358 quum
554 1309 616 1344 vel
636 1311 672 1346 vi
693 1314 889 1363 capiantur
910 1317 970 1352 vel
992 1324 1079 1354 ante

418 1363 560 1400 faciant
600 1364 847 1407 deditionem.
898 1373 970 1409 Ubi
1001 1375 1080 1410 noli

417 1421 548 1457 mirari
580 1425 765 1472 genitivos
807 1425 1080 1480 ἁλισκομένων

415 1475 793 1530 ειὸμολογεόντων,
825 1486 1080 1535 praecedente

417 1535 630 1572 accusativo
648 1536 786 1586 πόλιας
810 1548 923 1593 atque
936 1543 1078 1582 ἔθνεαε

417 1602 509 1626 nam
529 1590 664 1629 eadem
704 1598 797 1633 ratio
836 1600 880 1647 Ι,
914 1603 936 1640 3
965 1608 1079 1652 atque

418 1647 533 1683 etiam
577 1650 684 1697 VIII,
731 1666 814 1703 cap.
868 1658 945 1696 109
995 1658 1078 1694 init.

418 1701 722 1756 ἐκπεφευγότων
777 1710 1080 1761 περιημέκτεον,

419 1759 524 1811 quod
561 1762 670 1799 aliter
707 1766 872 1815 explicat
897 1768 1079 1806 Matthiae

418 1817 485 1853 Gr.
533 1818 596 1854 Gr.
634 1821 670 1865 ξ.
711 1822 791 1862 555
831 1837 917 1874 pag.
960 1828 1079 1867 1089.

419 1871 498 1909 Sed
529 1873 606 1912 vid.
638 1878 716 1924 IX,
754 1880 820 1919 98.
843 1901 898 1908 —-
937 1883 1030 1918 Mox
1060 1897 1080 1919 e

417 1930 660 1981 florentino,
709 1934 883 1973 Mediceo
925 1939 1080 1990 aliisque

419 1984 567 2025 duobus
596 1989 708 2028 codd.
745 2004 834 2028 cum
866 1995 1080 2032 Gaisfordio

418 2045 615 2095 rescripsi:
648 2045 686 2093 εἷς
709 2044 729 2087 ὃ
756 2047 868 2089 ἔλθοι
897 2051 937 2098 (i.
961 2065 992 2088 e.
1015 2052 1081 2089 do-

417 2112 479 2137 nec
497 2100 602 2151 suga
625 2107 842 2156 pervenerit)
874 2120 942 2157 pro
973 2110 1080 2160 vulg.

419 2154 540 2211 ἔλθῃ,
569 2159 673 2210 quod
693 2160 828 2202 Manli.
856 2171 892 2200 et
912 2163 1081 2203 Bekker.

418 2214 666 2254 retinuerunt.
749 2219 802 2255 At
848 2221 1082 2271 Optativum,

417 2270 449 2306 si
469 2270 562 2322 quid
584 2272 720 2319 video,
742 2276 814 2312 loci
836 2279 930 2314 ratio
954 2287 1083 2329 postu-

417 2326 483 2365 lat.
514 2328 623 2373 Quod
641 2333 810 2382 sequitur
831 2331 873 2373 τό
893 2334 1082 2374 ἐνθεῦτεν

414 2380 481 2432 δὲ,
529 2385 695 2424 indicat:
746 2395 829 2425 tum
875 2405 987 2439 vero,
1051 2393 1081 2429 si

415 2440 574 2478 Graeci&
588 2457 736 2492 prorsus
757 2446 898 2494 relicui,
921 2449 1078 2484 insuam

416 2509 484 2533 rex
520 2498 672 2537 redierit
702 2508 863 2551 terram,
894 2503 942 2540 de
981 2506 1078 2541 illius

417 2550 472 2602 (i.
503 2569 534 2592 e.
565 2556 769 2595 Persarum
808 2561 929 2610 regis)
980 2562 1079 2598 terrai

416 2623 591 2662 pugnam
611 2627 690 2651 esse
711 2615 994 2656 instituendam.

634 2705 727 2756 Cap.
758 2706 860 2745 CIX.

475 2781 711 2834 μεταβαλών
727 2783 828 2838 πρός
846 2784 941 2836 τούς
960 2790 1079 2839 Ἀθη-

1134 1260 1295 1310 ναίους]
1349 1261 1416 1298 His
1445 1261 1564 1312 iungo
1594 1257 1699 1313 ἔλεγέ
1727 1270 1801 1310 σφι

1135 1312 1248 1365 τάδε,
1299 1319 1365 1354 ubi
1404 1319 1542 1355 vocula
1565 1330 1637 1366 σφι
1671 1316 1719 1354 ad
1758 1316 1800 1354 id

1133 1375 1281 1425 ipsum,
1320 1375 1433 1411 nimis
1470 1381 1661 1411 remotum
1699 1370 1802 1424 πρὸς

1135 1427 1230 1477 τούς
1305 1426 1552 1481 Ἀθηναίους
1638 1436 1800 1481 spectat.

1141 1487 1386 1524 Themistocles
1406 1492 1565 1524 mutatus
1596 1499 1626 1524 s.
1656 1499 1801 1524 conver-

1137 1557 1196 1580 sus
1215 1545 1264 1581 ad
1290 1545 1537 1591 Athenienses,
1569 1545 1642 1581 iam
1672 1556 1727 1580 eos
1746 1545 1802 1581 ita

1136 1600 1312 1638 allocutus
1337 1605 1399 1648 est,
1423 1608 1507 1648 aut,
1528 1607 1568 1637 ut
1579 1598 1803 1650 Schweigh.

1137 1657 1174 1692 in
1197 1659 1292 1696 Lex.
1315 1657 1459 1694 Herod.
1490 1658 1650 1694 verbum
1682 1670 1800 1707 μετα-

1136 1711 1272 1763 βαλών
1292 1713 1437 1750 reddit:
1478 1717 1614 1750 mutato
1656 1713 1800 1750 consilio

1137 1769 1184 1806 ad
1213 1770 1437 1807 Athenienses
1466 1784 1501 1806 se
1529 1773 1746 1815 convertens5
1768 1770 1802 1806 si

1136 1825 1292 1876 quidem
1315 1828 1379 1878 qui
1408 1833 1517 1863 antea
1549 1828 1730 1863 continuo
1751 1825 1800 1862 ad

1135 1883 1428 1933 Hellespontum
1454 1884 1636 1932 navigare
1664 1883 1802 1920 volue-

1137 1945 1205 1986 rat,
1253 1952 1358 1976 nuno
1396 1938 1603 1990 prudenter
1646 1946 1801 1976 coutra-

1136 1996 1237 2032 rium
1253 1996 1397 2033 civibus
1419 1995 1648 2046 persuadere
1659 1995 1800 2035 studet.

1135 2053 1235 2089 Hinc
1264 2059 1364 2090 recte
1396 2054 1530 2103 Negris
1559 2053 1801 2104 participium

1137 2105 1370 2160 μεταβαλών
1419 2111 1578 2160 exponit
1629 2104 1800 2156 ἀλλάξας

1135 2163 1315 2217 γνώμην.
1355 2167 1524 2203 Verbum
1544 2161 1801 2215 μεταβάλλειν

1137 2223 1216 2273 ipse
1238 2223 1342 2272 attigi
1372 2222 1420 2259 ad
1454 2223 1503 2268 V,
1529 2221 1593 2262 75.
1634 2220 1800 2258 Themi-

1137 2279 1263 2316 stoclis
1308 2280 1386 2315 sive
1433 2277 1678 2314 calliditatem
1719 2279 1800 2315 sive

1139 2334 1380 2386 prudentiam
1408 2335 1520 2371 refert
1551 2347 1704 2386 quoque
1721 2336 1801 2372 Po-

1139 2393 1266 2442 lyaen.
1289 2394 1330 2439 1,
1362 2395 1414 2432 30
1437 2393 1472 2436 ξ.
1496 2395 1531 2432 3.
1563 2393 1731 2428 Frontin.
1753 2393 1801 2435 ΙΙ,

1139 2451 1164 2488 6
1205 2450 1241 2493 ξ.
1283 2450 1327 2493 8,
1373 2450 1509 2500 quibus
1550 2449 1669 2485 allatis
1710 2448 1800 2484 Val-

1138 2504 1362 2541 ckenaerins
1427 2504 1522 2541 haec
1581 2505 1797 2541 subiunxit:

1136 2560 1406 2598 Themistoclis
1440 2561 1638 2598 consilium
1669 2567 1798 2610 postea

1134 2619 1266 2668 magni
1287 2631 1399 2668 saepe
1429 2624 1516 2654 sunt
1550 2618 1795 2667 imperatores

1134 2676 1275 2711 secuti:
1334 2675 1488 2726 praebet
1540 2674 1631 2710 istoc
1672 2674 1795 2723 capite

1136 2730 1326 2783 quaedam
1378 2730 1554 2780 exempla
1592 2731 1795 2766 Frontinus

1132 2794 1170 2825 et
1211 2788 1380 2825 Africani
1412 2787 1600 2839 Scipionis
1638 2785 1794 2835 dictum,
