1879 3222
49 1181 80 1226 9

514 183 976 221 CALLIOPE.

1035 185 1114 222 IX.
1375 186 1457 225 341

189 302 347 344 ,,στους
378 290 456 334 δύο
486 288 676 345 κλήρους
703 293 792 333 τῶν
822 291 869 333 ἐν
899 296 952 347 τῇ
979 291 1266 349 Ἀπολλωνίῃ·
1297 293 1371 337 καὶ
1401 295 1460 337 οἴ-

189 371 342 414 ,,κησιν
379 356 490 411 πρὸς
529 356 745 407 τούτοισι,
786 356 864 413 τήν
903 357 1003 414 ᾔδεε
1035 363 1268 416 καλλίστην
1298 361 1459 404 ἐοῦσαν

185 431 300 481 ,πῶν
330 426 375 468 ἐν
403 429 456 480 τῇ
487 424 605 467 πόλι·
632 424 800 467 τούτων
834 426 898 476 δὲ,
931 427 1036 482 ἔφη,
1081 428 1296 484 ἐπήβολος
1334 427 1451 482 γευό-
1509 422 1591 463 735

185 510 365 550 ,,μενος,
403 496 484 536 τοῦ
522 497 680 537 λοιποῦ
719 492 923 549 ἀμήνιτος
960 493 1092 549 εἶναι,
1134 497 1207 539 καὶ
1248 498 1372 550 δίκην
1414 497 1458 539 οἷ

156 562 373 616 5,,ταύτην
402 558 601 616 ἀποχρᾶν
630 561 881 617 γενομένην.

886 565 912 585 κ
971 566 1015 606 K
1044 565 1052 579 ³
1100 561 1111 577 θ
1172 564 1183 577 “
1316 567 1331 574 ”
1419 565 1437 580 ’ν

1014 581 1058 606 αι
1090 581 1112 607 0
1138 580 1217 619 μεν
1247 580 1386 606 ταυτα
1416 580 1452 607 ε-

181 635 298 685 λεγε,
329 631 372 672 οἱ
402 628 447 672 δὲ
476 628 689 684 πάρεδροι
718 627 843 673 εἶπαν
871 629 1189 688 ὑπολαβόντες·
1247 630 1453 686 ,,Ευή’νιε,

176 694 367 751 ,,ταυ’την
396 699 523 753 δίκην
546 696 887 755 Ἀπολλωνιῆται
912 703 985 755 τῆς
1016 698 1316 755 ἐκτυφλώσιος
1346 699 1508 742 {xva-90

148 766 333 819 6,,νουσί
362 782 430 809 τοι
459 763 569 808 κατά
598 766 848 820 θεοπρόπια
890 767 942 810 τοὶ
976 767 1230 823 γενόμενα.“
1284 766 1340 809 ‘O
1370 766 1451 821 μὲν

175 832 229 888 δὴ
259 833 371 888 πρὸς
399 837 537 876 ταῦτα
567 834 688 876 δεινοὶ
719 835 932 889 ἐποιέετο,
965 837 1170 880 ἐνθεῦτεν
1194 834 1448 889 πυθόμενος

172 900 251 944 τόν
281 900 421 944 πάντα
441 900 599 955 λόγον,
631 903 687 953 ὠς
714 903 1022 960 ἐξαπατηθείς·
1055 906 1099 947 οἱ
1117 904 1182 955 δὲ,
1213 903 1446 958 πριάμενοι

146 968 297 1024 7παρά
336 973 421 1011 τῶν
459 968 725 1024 ἐκτημένων,
779 972 952 1014 διδοῦσί
992 975 1035 1014 οἱ
1073 972 1125 1015 τὰ
1164 972 1313 1014 εἵλετο.

1372 970 1446 1013 καὶ

173 1036 279 1092 μετὰ
318 1041 456 1080 ταῦτα
497 1036 652 1079 αὐτίκα
691 1038 887 1093 ἔμφυτον
924 1040 1137 1096 μαντικὴν
1177 1037 1280 1094 εἶχε,
1331 1038 1438 1082 ὥστε
1455 1043 1501 1078 95

173 1106 247 1148 καὶ
279 1103 550 1160 οὕνομαστὸς
576 1105 792 1159 γενέσθαι.

289 1173 458 1216 Τούτου
488 1172 539 1228 δὴ
571 1171 594 1214 ὁ
623 1175 849 1229 Δηίφονος
877 1173 961 1217 ἐών
989 1178 1090 1224 παῖς
1118 1177 1200 1216 τοῦ
1233 1171 1443 1229 Εὐηνίου,

84 1178 116 1224 5

175 1241 372 1296 ἀγόντων
401 1242 687 1296 Κορινθίων,
723 1242 977 1298 ἐμαντεύετο
1009 1245 1062 1297 τῇ
1093 1245 1284 1298 στρατιῇ.
1326 1240 1440 1296 ’Ήδη

171 1310 217 1353 δὲ
254 1309 326 1353 καὶ
363 1307 463 1353 τόδε
503 1306 694 1365 ἤκουσα,
750 1308 810 1361 ὥς
850 1309 873 1353 ὁ
906 1312 1134 1366 Δηίφονος
1173 1307 1443 1364 ἐπιβατεύων

115 1515 231 1568 ὄψει,
261 1518 328 1555 hac
350 1518 461 1568 specie
480 1516 616 1567 decepti
636 1515 776 1566 Mega-
830 1520 907 1555 rius
926 1530 1112 1556 sermonem
1141 1518 1346 1567 excvpientes
1360 1546 1371 1565 ‚
1401 1522 1442 1553 ut
1462 1518 1494 1563 1,

110 1589 236 1613 TC'NSCS.

169 1640 242 1683 δύο
274 1638 464 1693 κλήρους]
489 1641 530 1678 C.
552 1641 596 1677 Ο.
618 1641 771 1678 ΜἰἰΠεΓ.

109 1703 201 1741 Dor.
223 1702 257 1736 ΙΙ
278 1712 364 1750 pag.
387 1701 436 1738 61
462 1697 555 1734 haec
567 1699 767 1747 attingens,

108 1756 208 1795 hanc
229 1758 269 1793 in
289 1756 494 1807 Apollonia.
513 1755 674 1792 valuisse
705 1767 769 1790 ra-

109 1815 254 1851 tionem
274 1814 401 1864 ponit,
433 1819 476 1848 ut
497 1812 621 1848 coloni
652 1810 768 1847 adve-

108 1883 202 1918 nae,
233 1872 299 1921 qui
320 1867 506 1906 Corinthii
533 1869 660 1914 fuere,
690 1874 769 1904 ter-

108 1940 191 1963 ram
230 1939 252 1963 a
279 1939 318 1963 se
356 1931 580 1974 occupatam
612 1936 770 1960 omnem

109 1985 148 2020 in
177 1995 315 2034 aequas
351 1981 545 2018 diviserint
582 1988 700 2017 sortes
739 1993 769 2016 s.

108 2036 279 2091 κλήρους
299 2039 445 2089 ipsique
455 2036 527 2073 hoc
548 2035 664 2072 modo
684 2049 768 2071 rem

108 2097 298 2148 publicam
320 2094 593 2131 constituerint.
609 2114 665 2119 —
705 2091 767 2128 Ad

106 2167 186 2205 seq.
212 2147 407 2202 ἐπήβολος
430 2150 530 2186 conf.
551 2150 657 2196 vlu,
689 2150 762 2188 111

107 2211 234 2262 ibique
261 2215 358 2244 nott.
389 2202 583 2258 ἀμήνιτος
617 2207 646 2242 is
681 2205 766 2254 opi-

107 2281 177 2304 nor
211 2272 387 2311 vocatur,
430 2264 495 2314 qui
539 2264 615 2299 irae
645 2274 765 2311 expers

106 2331 185 2371 est,
232 2324 298 2373 qui
335 2320 625 2358 satisfactionem
676 2331 769 2354 cum

105 2380 293 2430 acceperit
309 2408 318 2425 ‚
348 2390 427 2414 non
458 2377 618 2426 amplius
637 2375 765 2410 infen-

104 2452 165 2476 sus
187 2437 327 2473 damna
356 2434 436 2470 aliis
465 2433 604 2469 inferre
623 2430 764 2472 studet.

106 2494 215 2533 Conf.
247 2493 347 2530 Plut.
377 2491 474 2527 Mor.
495 2490 562 2539 (ll)
592 2501 678 2539 pag.
707 2490 763 2528 90

106 2553 160 2599 D,
199 2551 264 2587 ubi
304 2546 464 2598 ἄθυμος
505 2553 541 2582 et
569 2541 762 2597 ἀμήνιτος

108 2609 326 2658 iunguntur.
388 2605 492 2640 Alios
526 2602 630 2639 locos
658 2600 762 2638 dabit

108 2660 379 2715 Wyttenbach.
435 2659 520 2696 Iud.
597 2659 761 2695 Graecit.

828 1574 926 1614 214.
958 1575 1148 1621 VI‚139.
1186 1574 1277 1620 VII,
1308 1575 1400 1613 101·
1431 1572 1493 1609 Ad

827 1631 1064 1667 locutionem
1079 1626 1190 1668 δεινοὶ
1202 1627 1376 1670 ἐποιέετο
1388 1629 1492 1666 conf.

825 1694 923 1725 nott.
947 1686 995 1724 ad
1014 1688 1089 1734 ΠΙ,
1113 1684 1179 1725 14.

882 1754 1060 1806 ἔμφυτον
1072 1748 1267 1804 μαντικὴν
1283 1746 1378 1801 εἶχε]
1392 1749 1490 1799 „Di-

824 1814 959 1849 vinitas
984 1814 1129 1848 insitam
1142 1840 1151 1858 ,
1183 1817 1225 1846 ut
1242 1809 1307 1844 ille
1327 1808 1487 1844 Homeri

824 1870 1007 1919 gloriatur
1040 1864 1137 1914 Θεὸς
1159 1865 1200 1905 δέ
1224 1880 1291 1916 μοι
1321 1863 1364 1902 ἐν
1391 1877 1485 1915 φρε-

825 1924 890 1964 σὶν
924 1925 1041 1974 οἴμας
1060 1920 1264 1968 Παντοίας
1292 1919 1485 1968 ἐνέφυσεν

823 1981 957 2032 Odyss.
981 1981 1123 2023 XXII,
1147 1978 1241 2019 348,
1298 1977 1383 2012 Alia
1403 1978 1484 2012 De-

823 2036 1032 2073 mosthenis
1054 2035 1226 2086 ἔμφυτος
1256 2031 1483 2083 αἰσχροκέρ-

823 2094 910 2132 δεια
946 2091 1013 2131 καὶ
1059 2091 1233 2140 πονηρία
1266 2091 1482 2139 penitissime

823 2152 940 2187 animo
953 2163 1000 2185 ex
1018 2155 1095 2185 toto
1117 2148 1215 2184 vitae
1235 2159 1376 2195 genere
1397 2145 1482 2182 leae-

820 2220 917 2253 wns,
948 2207 1056 2241 iuxta
1084 2201 1265 2241 Dinarchi
1303 2202 1483 2238 crimina-

820 2264 965 2300 tionem
985 2263 1085 2299 Orat.
1115 2261 1154 2296 in
1175 2257 1372 2296 Demosth.
1393 2271 1482 2309 pag.

824 2319 914 2359 104.
973 2320 1058 2355 Alia
1088 2317 1273 2354 Demetrii
1304 2313 1480 2352 Phalerei

820 2374 997 2425 ἔμφυτος
1020 2371 1191 2425 α’κρασία
1210 2374 1249 2409 in
1263 2373 1479 2422 fragmento

818 2431 972 2469 Duridis
1006 2430 1108 2481 apud
1128 2428 1269 2467 Athen.
1295 2430 1370 2465 XII
1388 2440 1477 2480 pag.

820 2488 900 2530 542
922 2490 990 2526 C.“
1018 2487 1291 2535 Wesseling.

1024 2578 1118 2628 Cap.
1146 2575 1265 2614 XCV.

873 2653 1077 2709 ἀγόντων]
1111 2657 1196 2692 Duo
1218 2652 1330 2694 codd.
1371 2650 1471 2705 οἷγα-

107 2718 297 2756 Plutarch.
320 2716 564 2768 Opp.(V111‚
596 2717 638 2764 1)
669 2726 757 2765 pag.
811 2708 1471 2766 yovtcov,quodreceperuntMattb.

108 2779 173 2818 87.
193 2796 246 2804 —
278 2771 545 2826 ὑπολαβόντες
585 2779 639 2810 est
666 2771 759 2808 alte·
813 2777 850 2808 et
870 2769 1038 2808 Bekker.
1081 2769 1192 2810 Conf.
1217 2770 1294 2821 IX,
1327 2770 1406 2810 119
1435 2774 1472 2805 et

1502 1158 1602 1188 Huius
1624 1162 1776 1192 Eueniifi-

1500 1194 1559 1220 lius
1592 1194 1776 1234 Deiphonus,

1499 1228 1638 1256 Graecae
1655 1230 1762 1258 classis

1497 1264 1560 1290 tum
1578 1266 1674 1297 vates,
