1879 3222
386 166 470 206 356

786 161 1243 198 HERODOTI

391 271 588 331 μέγιστός
616 270 718 315 ἐστι.
761 267 784 313 ὁ
815 270 884 322 δὲ,
915 268 1002 313 ἐπεὶ
1032 268 1169 312 πολλοὶ
1190 266 1368 325 ἤκουσε,
1400 267 1520 310 δεινὰ
1548 281 1637 311 ποι·
1651 275 1696 310 95

390 342 592 396 εύμενος,
641 341 799 382 σπᾶται
837 338 903 381 ε’πὶ
941 337 1018 381 τὸν
1061 338 1290 393 ΖὶῙασίστην
1322 334 1400 378 τόν
1431 334 1650 388 ἀκινάκεα,

359 407 646 451 4άποκτεῖναι
675 405 827 448 θέλων.
857 407 931 449 καί
959 422 1033 460 μιν
1057 405 1287 448 ἐπιθέοντα
1308 404 1521 460 φρασθεὶς
1551 404 1643 451 Ξει-

387 475 578 530 ναγόρης
609 472 631 516 ὁ
667 474 907 529 Πρηξίλεω,
937 471 1046 526 ἀνὴρ
1071 471 1447 528 Ἁλικαρνησσεύς,
1487 470 1643 515 ὄπισθε

389 542 545 592 ἑστεώς
585 539 723 584 αὐτοῦ
739 539 1029 595 Ἀρταΰντεω,
1062 537 1238 592 ἁρπάζει
1267 540 1419 595 μέσον,
1451 540 1522 582 καὶ
1553 537 1643 594 ἐξᾴ-

389 627 482 665 ρας,
511 610 625 652 παίει
653 608 695 660 ἐς
725 609 802 665 τὴν
822 613 927 665 γῆν·
965 607 1037 650 καὶ
1067 607 1113 649 ἐν
1142 607 1283 663 τούτῳ
1323 609 1365 649 οἱ
1397 605 1643 662 δορυφόροι

359 680 438 722 5οἴ
465 679 698 720 Μασίστεω
727 676 1010 731 προέστησαν.

1069 672 1094 718 ὁ
1135 675 1180 717 δὲ
1207 672 1476 729 Ξειναγόρης
1505 678 1668 716 ταῦταῑ

392 745 623 799 ἐργάσατο,
661 742 815 798 χάριτα
856 742 973 801 αὐτῷ
1001 757 1045 784 τε
1075 743 1280 798 Μασίστῃ
1319 741 1543 795 τιθέμενος
1572 742 1644 784 καὶ

392 812 557 867 Ξέρξῃ,
589 810 784 862 ἐκσώζων
802 810 880 852 τόν
907 809 1118 865 ἀδελφεόν
1144 809 1222 852 τόν
1253 810 1441 852 ἐκείνου·
1471 809 1543 851 καὶ
1573 809 1645 851 διὰ

393 884 523 923 τοῦτο
565 877 612 920 τὸ
651 878 780 934 ἔργον
817 877 1080 935 Ξειναγόρης
1119 879 1320 933 Κιλικίης
1358 877 1496 933 πάσης
1533 870 1644 931 ἦρξε,

337 1110 474 1163 phron.
504 1110 616 1146 Alex.
637 1106 732 1148 774.
789 1108 992 1144 Persarum

335 1167 430 1205 illud
442 1168 656 1204 convicium
676 1165 904 1200 innuebatur
922 1165 992 1213 IX,

336 1228 412 1272 203
444 1231 478 1260 et
499 1224 752 1260 recentiorum
782 1220 992 1257 eorundem

336 1281 400 1317 abs
413 1278 705 1330 Theophylacto
726 1278 820 1314 Hist.
832 1279 991 1317 Mauric.

333 1338 398 1384 111,
419 1339 458 1378 8.
498 1338 584 1373 Nou
617 1334 840 1387 requIretur,
865 1333 991 1382 credo,

333 1394 455 1430 simile
495 1394 655 1429 aliarum
684 1391 885 1427 nationum
924 1404 994 1441 op-

333 1450 476 1501 probrii
506 1451 619 1486 virus.
679 1447 768 1493 Quis
795 1448 993 1496 virgiliani

335 1507 587 1554 obliviscitur,
620 1505 652 1542 Ο
689 1517 765 1541 vere
799 1503 991 1554 Phrygiae,

332 1575 439 1612 neque
474 1564 562 1598 enim
591 1561 764 1610 Phryge3‚
793 1561 892 1596 Aen.
922 1561 991 1607 IX,

335 1621 431 1665 617,
463 1618 528 1654 ubi
557 1616 605 1653 de
638 1617 761 1652 Persis
790 1618 844 1652 La
871 1615 992 1652 cerda

336 1674 529 1723 egregiej‘
586 1671 860 1720 Wesseling.
931 1671 992 1708 Ad

334 1731 451 1766 verba
492 1724 601 1768 δεινά
622 1726 861 1778 ποιεύμενος
890 1729 990 1765 conf.

335 1787 401 1834 111,
426 1783 477 1824 14
507 1783 611 1821 etad
632 1784 792 1820 verbum
822 1783 994 1820 medium

337 1843 518 1881 σπᾶσθαι
547 1847 643 1880 nott.
673 1839 721 1877 ad
741 1842 805 1886 ΙΙΙ,
828 1843 893 1880 29.
936 1842 993 1876 De

337 1899 482 1935 acinace
501 1895 576 1934 vid.
596 1903 688 1933 nott.
707 1895 756 1933 ad
775 1898 840 1942 ΙΙΙ,
862 1894 926 1936 64.

393 1954 460 1992 καί
470 1969 536 2004 μιν
549 1951 762 1992 ἐπιθέοντα
775 1951 993 2004 φρασθεὶς]

338 2006 480 2058 „goede
508 2008 631 2061 [quod
651 2008 791 2046 Aldina
810 2008 942 2058 habet]
965 2010 996 2045 si

339 2065 474 2103 darent
493 2065 653 2114 codices,
669 2064 788 2104 videri
807 2066 903 2102 forte
922 2078 997 2116 po-

339 2124 426 2160 terit
453 2129 658 2174 utrumque
678 2123 844 2173 posuisse
869 2123 995 2159 Hero-

339 2178 472 2216 dotus:
518 2179 585 2218 καί
628 2194 716 2229 μιν,
783 2177 995 2219 ἐπιθέοντα

340 2234 551 2286 φρασθεὶς,
573 2232 686 2284 φθᾶς
698 2231 994 2287 Ξειναγόρης-

339 2288 500 2343 ἁρπάζει
514 2290 633 2342 μέσον
653 2290 719 2330 καὶ
735 2287 876 2346 ἐξάρας
900 2291 995 2330 παί-

341 2363 374 2387 ει
391 2347 429 2394 ἐς
453 2345 524 2397 τήν
547 2350 647 2400 γῆντ
687 2361 796 2398 quem,
824 2360 898 2385 cum
929 2361 994 2384 ac-

338 2408 527 2441 currentem
559 2408 723 2451 cerneret,
772 2407 995 2455 praevertens

340 2459 546 2508 Xenagoras
567 2482 621 2488 —-
643 2460 790 2499 medium
813 2462 939 2509 arripit
961 2464 994 2497 et

340 2516 516 2553 sublatum
545 2518 582 2553 in
611 2521 741 2555 terram
765 2519 915 2555 statuit:
951 2525 993 2554 ut

340 2571 440 2619 apud
470 2573 697 2610 Terentium
733 2573 832 2626 [Ad.
861 2574 914 2609 111
953 2576 976 2600 Ο

917 2602 991 2621 '‘⁸‘'

342 2629 403 2666 18.
431 2628 514 2665 coll.
537 2629 657 2666 Andr.
686 2632 730 2678 V,
753 2635 791 2678 2,
812 2630 900 2678 20],
928 2643 992 2666 su·-

336 2682 470 2718 blz'mem
495 2684 643 2721 medium
670 2689 854 2738 arriperem
877 2690 910 2723 et
927 2699 990 2723 ca-

331 2739 405 2789 pite
423 2751 567 2789 pronum
584 2742 622 2777 in
644 2745 770 2781 terram
791 2747 989 2781 statuerem.

1051 1104 1306 1160 συναρπάσας
1334 1106 1447 1161 ἐξῇρε
1480 1113 1534 1142 est
1562 1106 1601 1141 in
1623 1105 1703 1141 Xe-

1048 1164 1234 1216 nophont.
1258 1162 1471 1215 Cyropaed.
1489 1177 1524 1214 p.
1547 1159 1702 1209 35‚34O

1051 1221 1118 1272 [II⁷
1150 1220 1188 1271 4,
1228 1220 1304 1271 14]
1343 1217 1465 1272 ’Ἁρας
1509 1217 1704 1269 μετέωρον

1050 1279 1105 1324 εἰς
1131 1275 1176 1316 τὸ
1197 1274 1410 1330 βάραθρον
1437 1277 1591 1326 ἐμβαλῶ
1615 1275 1704 1312 Ari-

1047 1333 1224 1384 stophan.
1256 1336 1357 1387 qu.
1400 1333 1554 1374 1359.“
1596 1331 1704 1370 Val-

1048 1390 1182 1430 cken.

1107 1502 1149 1542 οἱ
1215 1498 1437 1553 δορυφόροι
1496 1499 1538 1540 οἴ
1606 1503 1705 1538 Μα-

1047 1558 1202 1609 σίστεω]
1238 1560 1413 1595 Alterum
1446 1556 1512 1596 καὶ
1541 1557 1705 1594 sustule-

1047 1622 1135 1652 runt
1157 1613 1506 1664 Schweighaeuser.
1529 1621 1565 1650 et
1587 1613 1703 1649 Gaiss.

1048 1683 1169 1723 quum
1197 1670 1368 1707 additum
1396 1669 1489 1706 illud
1509 1671 1555 1706 sit
1576 1670 1622 1705 ab
1644 1682 1702 1716 eo,

1048 1728 1113 1779 qui
1134 1729 1344 1777 genitivum
1367 1727 1581 1766 Μασίστεω
1601 1739 1704 1762 ano—

1047 1785 1151 1820 mine
1173 1779 1387 1835 δορυφόροι
1409 1782 1575 1833 pendere
1593 1790 1705 1833 puta-

1049 1842 1122 1888 rit3
1160 1841 1211 1876 ita
1246 1847 1288 1876 ut
1315 1839 1364 1875 ad
1391 1840 1552 1876 verbum
1585 1838 1706 1889 προέ-

1051 1908 1198 1946 στησαν
1227 1895 1484 1947 supplendum
1513 1896 1559 1933 sit
1582 1894 1709 1934 αὑτοῦ

1051 1954 1129 1992 scil.
1153 1954 1389 2000 Μασίστεω,
1424 1951 1497 1989 hoc
1519 1953 1598 1989 fere
1617 1966 1707 1990 sen—

1051 2023 1116 2047 su:
1160 2009 1340 2047 DIasz'stae
1378 2009 1548 2046 satellites
1592 2011 1706 2060 ipsum

1044 2067 1286 2117 protegebant,
1310 2069 1392 2104 ante
1410 2066 1611 2116 ipsumscil.
1633 2067 1706 2104 col-

1051 2123 1169 2160 locati.
1227 2125 1305 2160 Nec
1322 2135 1413 2160 saue
1433 2121 1556 2170 video,
1577 2136 1644 2160 cur
1658 2124 1705 2160 ab

1050 2177 1123 2216 hac
1152 2180 1296 2216 ratione
1335 2178 1512 2215 recedam
1540 2186 1604 2217 aut
1633 2193 1706 2218 vo-

1051 2237 1176 2272 culam
1226 2236 1275 2284 οῖ,
1307 2249 1424 2287 quam
1466 2236 1704 2274 Florentiuus

1051 2305 1139 2328 cum
1161 2293 1239 2329 aliis
1259 2299 1395 2340 tuetur,
1414 2291 1574 2341 deleam,
1594 2307 1706 2344 prae-

1048 2350 1177 2385 sertim
1217 2362 1306 2385 cum
1345 2348 1592 2387 antecedente
1625 2351 1704 2402 syl-

1049 2406 1135 2442 laba
1178 2420 1213 2444 οι
1256 2405 1365 2442 facile
1414 2407 1602 2444 absorberi
1631 2419 1702 2456 po-

1049 2463 1173 2498 tuerit.
1185 2464 1291 2498 -ln
1313 2476 1418 2515 seqq.
1439 2462 1486 2499 ad
1499 2462 1701 2499 formulam

1049 2514 1189 2570 χάριτα
1227 2517 1362 2570 (quam
1397 2519 1593 2556 accusativi
1625 2518 1701 2554 for-

1048 2588 1153 2611 mam
1186 2583 1292 2612 notat
1321 2573 1456 2616 Matth.
1484 2576 1549 2611 Gr.
1581 2575 1645 2614 Gr.
1665 2576 1700 2620 ξ.

1048 2634 1100 2672 73
1123 2645 1160 2682 p.
1193 2632 1290 2681 164)
1320 2633 1505 2670 τίθεσθαι
1533 2629 1607 2671 vid,
1629 2632 1697 2678 IX,

1046 2690 1099 2727 60
1121 2695 1156 2725 et
1178 2687 1225 2725 ad
1241 2688 1353 2725 verba
1375 2682 1491 2726 ου’ὂὲν
1515 2685 1566 2726 ἔτι
1577 2685 1697 2728 πλέον

1046 2742 1196 2796 ἐγένετο
1217 2744 1316 2783 conf.
1339 2743 1399 2792 VI,
1421 2741 1487 2783 42.
