1879 3222
40 374 136 418 112

37 777 133 826 113

534 193 1005 230 CALLIOPE.
1063 194 1141 231 IX.
1374 192 1459 232 363

206 320 290 354 πας
317 303 516 353 τοσόνδε,
546 299 696 355 ἐχώρεε
726 300 822 351 ἔξω·
852 302 1111 355 ,,Δέσποτα,
1144 301 1198 346 οὐ
1231 300 1283 358 δή
1314 301 1376 346 κώ
1409 308 1515 357 με9ο

205 371 494 422 ,,ἀπω’λεσας.“
550 369 618 410 Ἐν
649 368 693 410 δὲ
722 366 863 425 τούτῳ
895 372 955 425 τῷ
986 370 1058 413 διά
1087 371 1222 426 μέσου
1239 370 1380 428 χρόνῳ
1409 370 1456 413 ἐν
1514 366 1792 429 ξζζξῗξῗξῖῗξξζῑζξ

203 444 263 496 τῷ
291 440 448 492 Ξέρξης
477 441 536 495 τῷ
568 436 763 494 ἀδελφεῷ
795 435 1021 491 διελέγετο,
1064 439 1090 493 ἡ
1119 439 1354 495 ’Ἄμηστρις
1386 455 1458 493 με-
1514 434 1677 464 ¹¹⁰“ibffiS’

202 505 508 561 ταπεμψαμένη
539 506 641 554 τούς
673 505 954 558 δορυφόρους
984 511 1063 549 τοῦ
1095 509 1283 560 Ξέρξεω,
1317 509 1462 549 διαλυ-

200 577 391 631 μαίνεται
423 574 503 629 τήν
533 578 719 627 γυναῖκα
750 572 828 628 τήν
861 576 1116 618 Μασίστεω·
1157 575 1261 625 τούς
1300 591 1343 617 τε
1385 591 1462 628 μα-

200 643 296 695 ζούς
327 641 612 697 ἀποταμοῦσα
641 641 743 684 κυσὶ
772 640 994 697 προέβαλε,
1026 643 1098 685 καὶ
1118 644 1229 699 ῥῖνα,
1252 643 1325 685 καὶ
1356 637 1458 694 ὦτα,
1515 630 1596 673 743

200 710 273 752 καὶ
306 711 459 764 χείλεα·
503 710 575 752 καὶ
604 713 806 764 γλῶσσαν
837 709 1104 765 ἐκταμοῦσα,
1148 711 1190 761 ἐς
1229 707 1354 753 οἶκόν
1384 725 1458 765 μιν
1473 715 1519 749 96

198 775 442 832 ἀποπέμπει
472 776 880 833 διαλελυμασμένην.
917 777 971 821 ‘O
1002 779 1047 822 δὲ
1077 780 1304 834 Μασίστης
1335 776 1464 820 οὐδέν

196 862 260 890 κω
302 845 500 902 ἀκηκοώς
529 845 717 897 τούτων,
753 845 987 901 ἐλπόμενος
1016 847 1062 892 δέ
1091 849 1131 890 τί
1161 848 1205 890 οἱ
1233 844 1369 890 κακὸν
1399 842 1453 888 εἶ-

169 920 290 965 Ξναι,
323 915 514 957 ἐσπίπτει
545 914 693 971 δρόμῳ
726 914 766 965 ἐς
795 913 846 957 τά
879 916 1007 959 οἰκία.
1057 915 1163 959 ἰδών
1184 914 1229 958 δὲ
1251 916 1459 968 διεφθαρ-

197 980 331 1037 μένην
360 982 439 1038 miv
468 988 668 1038 γυναῖκα,
700 980 856 1025 αὐτίκα
887 983 992 1037 μετα
1023 988 1160 1026 ταῦτα
1191 985 1463 1038 συμβουλευ-

199 1049 387 1104 σάμενος
424 1056 537 1093 τοῖσι
566 1051 712 1101 παισὶ,
756 1050 988 1104 ἐπορεύετο
1032 1051 1073 1101 ἐς
1103 1050 1282 1101 Βάκτρα
1310 1048 1392 1092 σύν
1421 1064 1467 1091 τε

195 1124 308 1161 τοῖσι
350 1118 517 1162 ἑωυτοῦ
553 1121 691 1162 υἱοῖσι
730 1120 802 1162 καὶ
845 1120 900 1175 δή
933 1118 1016 1161 κου’
1045 1129 1133 1161 τισι
1173 1119 1247 1161 καὶ
1277 1116 1492 1168 &Momm

198 1184 258 1236 ὠς
298 1186 556 1242 ἀποστήσων
591 1186 731 1241 νομὸν
760 1187 839 1229 τόν
871 1186 1111 1239 Βάκτριον,
1156 1187 1226 1229 καὶ
1268 1184 1465 1239 ποιήσων

195 1255 246 1296 τοὶ
277 1254 452 1309 μέγιστα
485 1259 633 1297 κακῶν
663 1254 860 1309 βασιλέα·
903 1253 954 1296 τά
984 1270 1062 1306 περ
1097 1253 1150 1295 ἂν
1179 1253 1252 1296 καὶ
1282 1252 1464 1308 ἐγένετο,

197 1322 255 1372 ὦς
281 1323 375 1377 ἐμοὶ
406 1322 586 1373 δοκέειν,
621 1324 736 1375 εἴπερ
770 1322 886 1377 ἔφθη
917 1319 1085 1376 ἀναβάς
1125 1321 1166 1370 ἐς
1205 1319 1308 1370 τούς
1348 1324 1466 1362 Βακ-

195 1393 344 1442 τριόυς
383 1391 455 1433 καὶ
486 1391 590 1441 τούς
621 1389 791 1439 Σάκας·
844 1390 917 1432 καὶ
953 1388 1036 1445 γὰρ
1070 1388 1273 1444 ἔστεργόν
1303 1388 1345 1431 τέ
1375 1404 1464 1443 μιν,

167 1459 272 1501 3καὶ
300 1454 355 1512 ἧν
384 1457 580 1514 ὕπαρχος
610 1463 697 1501 τῶν
728 1459 968 1512 Βακτρίων.
1029 1457 1137 1500 ἀλλά
1178 1458 1259 1512 γὰρ
1300 1457 1492 1511 Ξέρξηςό

196 1525 445 1581 πυθόμενος
474 1532 610 1570 ταῦτα
631 1527 799 1570 ἐκεῖνον
818 1525 1087 1583 πρήσσοντα,
1118 1526 1290 1581 πέμψας
1309 1525 1371 1568 ἐπ’
1392 1524 1466 1570 αὐ-

1521 774 1600 801 Hinc
1623 770 1732 798 turbae
1747 777 1795 796 ex-

1521 811 1617 839 ortae,
1637 804 1797 832 xenisre-

1517 850 1576 876 gno
1593 846 1703 874 graves
1716 838 1797 864 futu·

1516 872 1798 906 rae,11isiMasintae

1516 909 1640 941 eiusque
1666 904 1796 943 silini-um

1515 949 1590 970 nece
1613 943 1795 974 composttae

1519 975 1658 1004 fuissent.

354 1745 447 1796 cap,
465 1745 584 1787 CXII,

198 1824 239 1864 ἓν
259 1822 300 1863 δὲ
321 1821 449 1877 τούτῳ
463 1819 681 1878 -χρόνῳ]
712 1822 800 1865 Vid.

142 1879 243 1928 VIII,
261 1884 326 1921 27.
349 1882 645 1931 διαλυμαίνεται
657 1880 801 1931 estfoe-

143 1937 282 1974 dissime
301 1941 446 1982 tractat,
469 1938 655 1974 dilacerat.
678 1937 802 1974 Verba

142 1990 237 2040 τούς
274 2008 313 2032 τε
349 1990 497 2044 μαζούς
539 1990 802 2043 ἀποταμοῦσα

143 2051 182 2087 iu
202 2051 314 2088 simili
334 2064 375 2086 re
391 2057 538 2086 exstant
557 2051 620 2098 1V,
646 2053 735 2092 102.

348 2141 441 2191 cap.
455 2141 592 2181 CXIII,

198 2215 430 2271 ἐλπόμενος]
446 2220 470 2258 i.
484 2233 517 2256 e.
541 2221 722 2270 suspicans
742 2220 804 2256 iu-

144 2275 268 2329 deque
302 2281 465 2314 metuens.
521 2276 607 2314 Vid.
637 2277 700 2325 VI,
725 2279 802 2316 109

144 2335 273 2385 ibique
304 2335 427 2371 allata.

202 2389 255 2436 ὥς
305 2385 545 2440 ἀποστήσων
578 2385 704 2439 νομόν
732 2385 803 2428 τόν

145 2443 357 2497 Βάκτριον]
410 2449 434 2485 i.
473 2460 505 2482 e.
539 2449 580 2482 ut
616 2446 804 2483 Bactriana

143 2506 360 2554 provinciam
389 2503 436 2540 ad
466 2502 686 2552 desectionem
705 2503 804 2540 solli-

148 2563 287 2598 citaret.
346 2561 546 2596 Bactriana
569 2559 806 2609 praefectura

148 2618 454 2663 memoraturlll,
466 2618 531 2663 92,
554 2629 670 2667 quam
687 2629 806 2653 unam

151 2686 171 2708 e
190 2675 367 2711 maximis
389 2681 425 2710 et
437 2673 674 2723 amplissimis
694 2675 807 2711 totius

151 2729 228 2765 fere
258 2733 366 2782 regni
396 2732 508 2767 fuisse
548 2728 651 2765 haud
686 2743 807 2779 pauca

154 2791 346 2826 testantur.
365 2787 486 2826 ⁴Unde
507 2787 663 2836 factum,
685 2787 807 2826 utad—

857 1734 1012 1772 iuvante
1031 1734 1113 1785 ipso
1132 1733 1353 1785 provinciae
1382 1732 1456 1770 situ
1486 1739 1523 1771 et

858 1793 1024 1837 ambitu,
1056 1792 1108 1827 ibi
1137 1792 1303 1828 crebrius
1326 1792 1524 1826 exoriren—

858 1855 919 1886 tur
948 1848 1151 1885 seditiones
1173 1849 1349 1899 bellaque
1371 1847 1524 1896 praefe-

860 1913 1010 1942 ctorum
1032 1919 1120 1942 cum
1135 1905 1286 1954 regibus
1303 1906 1523 1940 Persarum.

861 1963 971 1999 Conf.
996 1964 1158 1998 Heereu.
1191 1960 1248 1997 Id.
1270 1962 1316 2008 II,
1343 1963 1360 2000 1
1384 1974 1422 2010 p.
1442 1962 1523 2000 316

861 2026 898 2055 et
935 2032 1032 2070 quae
1056 2018 1104 2055 ad
1126 2019 1291 2055 Ctesiam
1312 2018 1419 2053 attuli
1432 2029 1521 2067 pag.

861 2077 929 2115 93.

919 2151 973 2199 ω”ς
988 2152 1076 2204 ἐμοὶ
1099 2150 1275 2200 δοκέειν]
1307 2154 1364 2188 Ita
1385 2152 1519 2202 optimi

863 2211 1004 2262 quique
1029 2209 1141 2250 codd.
1164 2222 1232 2260 pro
1255 2208 1394 2247 δοκέει.
1432 2207 1520 2246 vid.

861 2267 925 2315 IV,
966 2269 1055 2307 168.
1119 2268 1164 2303 In
1199 2279 1305 2318 seqq.
1343 2263 1522 2315 ὕπαρχος

862 2331 916 2360 est
955 2327 1122 2376 satrapa,
1162 2330 1204 2360 ut
1231 2322 1277 2371 V,
1307 2325 1361 2362 20
1391 2323 1522 2374 ibique

860 2387 959 2420 nott.

918 2448 1042 2488 ταῦτα
1076 2446 1227 2486 ἐκεῖνον
1270 2441 1524 2496 πρήσσοντα]

862 2506 887 2542 i.
918 2520 951 2542 e.
986 2518 1060 2542 eum
1085 2505 1180 2540 talia
1203 2505 1345 2551 agitare
1365 2503 1523 2551 consilia,

864 2563 958 2600 talia
984 2562 1111 2598 moliri.
1170 2562 1226 2596 De
1248 2560 1364 2596 verbo
1395 2555 1524 2610 πρήσ-

864 2630 947 2658 σειν
964 2619 1012 2655 cf.
1034 2619 1103 2663 IX,
1122 2619 1200 2658 108
1228 2617 1356 2668 ibique
1378 2618 1524 2654 citt.—

862 2677 956 2711 Mox
983 2674 1155 2711 revocavi
1188 2673 1418 2720 κατέκτεινε,
1458 2673 1524 2710 ubi

864 2730 1091 2770 Schaeserus
1132 2729 1288 2769 dederat
1324 2729 1525 2770 κατέκτει-

864 2803 945 2829 νεν.
