1879 3222
395 222 462 258 DE
491 219 617 256 VITA
648 219 720 256 ET
751 218 985 256 SCRIPTIS
1016 219 1297 257 HERODOTI.
1506 220 1592 261 419

105 347 182 387 que
203 334 400 371 certiorem
422 330 544 370 redire
563 329 710 368 maluit.
767 329 826 366 Ac
845 330 949 367 iuvat
967 331 1046 382 ipsa
1064 331 1133 369 viri
1152 331 1458 382 praestantissimi
1476 335 1592 373 verba

105 391 183 430 huc
200 402 413 442 apponere:
446 387 487 438 *)
519 389 673 437 „Quum
688 386 856 437 primum
877 388 1071 425 Herodoto
1092 388 1325 426 recensendo
1356 404 1492 429 manus
1520 391 1592 429 ad-

107 449 358 498 „movissem,
390 444 487 482 hanc
511 444 607 481 mihi
627 445 754 495 legem
773 444 1015 494 scripseram,
1045 452 1087 482 ut
1106 446 1236 483 t'ormiS
1257 447 1460 485 verborum
1481 462 1592 486 com-

107 506 324 555 ,‚munibus,
355 504 468 540 etiam
489 509 571 539 tum
592 515 681 539 cum
702 499 849 538 codices
869 507 1036 538 tacerent
1056 503 1220 553 expulsis
1236 531 1246 550 ,
1276 505 1423 542 lonicas
1442 506 1594 543 suffice·

108 575 229 611 „rem
285 561 398 596 Hunc
418 572 567 596 morem
588 561 626 596 in
644 558 827 609 prioribus
847 558 1007 608 plagulis
1027 566 1241 596 constanter
1256 562 1374 600 tenui.
1406 562 1483 600 Sed
1499 576 1594 602 mox

107 617 289 669 „instituti
308 630 372 653 me
392 618 587 667 poenitere
608 616 750 666 coepit3
774 615 948 664 planeque
964 618 1113 663 cognovi
1125 615 1361 665 Herodotum,
1386 620 1534 668 perinde
1551 633 1595 659 ac

106 679 258 725 „ceteros
287 676 470 723 scriptores
500 675 676 719 Graecos,
715 672 902 709 dialectum
932 671 979 708 ad
998 675 1267 720 grammaticam
1297 669 1504 726 ἀκρίβειαν
1524 690 1594 716 non

105 744 175 781 „ea
205 731 381 779 exegisse,
412 743 500 780 quae
521 730 630 779 vulgo
656 729 809 767 creditur
833 731 1032 766 constantia
1053 732 1159 779 atque
1187 732 1459 780 pmpetaitatef‘
1518 734 1596 771 Ca-

105 793 219 825 veant
248 786 336 823 inde
367 789 456 835 sibi,
487 788 552 839 qui
578 787 870 823 inconstantIam
899 786 1005 822 illam
1024 786 1064 821 iu
1093 786 1250 836 singulis
1279 787 1411 825 formis
1441 789 1596 828 obviam

103 844 262 881 librariis
279 845 365 881 solis
385 857 475 881 cum
497 845 684 891 tribuant,
711 843 751 879 in
771 841 1009 879 Herodotum
1024 844 1184 893 grassari
1214 850 1436 897 temereque
1466 848 1596 885 omnia

104 899 154 937 ad
173 913 292 937 unam
314 914 430 952 quam
454 902 524 938 sibi
540 901 798 938 constituerint
818 912 995 936 normam
1015 900 1170 950 exigere
1197 907 1233 938 et·
1260 903 1449 952 corrigere
1464 904 1598 942 velint.
1633 953 1637 956 .

105 957 179 1003 Qui
197 960 448 995 constantiam
468 971 558 995 cum
587 964 797 1005 sectentur,
836 969 965 993 nonne
994 957 1034 993 in
1064 957 1276 995 maximam
1303 959 1599 998 inconstantiam

104 1027 144 1051 se
178 1014 346 1051 incidere
366 1012 526 1053 vident?
556 1013 760 1067 siquidem
780 1021 924 1050 temere
953 1012 1016 1050 hic
1044 1014 1158 1051 libros
1179 1016 1334 1066 scriptos
1372 1024 1597 1068 sequuntur,

104 1071 182 1107 illic
203 1070 401 1120 deserunt,
423 1073 528 1108 nulla
548 1073 621 1107 alia
643 1084 691 1107 ex
715 1083 828 1108 causa
843 1100 852 1118 ,
876 1071 948 1107 nisi
976 1069 1080 1123 quod
1100 1071 1284 1108 librorum
1303 1073 1414 1109 lectio
1436 1087 1525 1110 cum
1542 1087 1599 1120 ea,

105 1140 224 1179 quam
256 1129 325 1164 sibi
357 1129 484 1166 animo
511 1127 768 1164 informarunt
795 1128 926 1178 regula
956 1129 1214 1178 praeceptisve
1244 1131 1598 1180 grammaticorum,

104 1197 185 1221 non
206 1186 426 1224 consentiat.
485 1187 617 1236 Neque
638 1198 728 1222 sane
747 1185 873 1235 ipsum
893 1183 1134 1221 Herodotum
1154 1184 1309 1222 credam
1327 1186 1440 1223 istam
1464 1188 1504 1224 in
1519 1189 1601 1225 sin-

105 1242 203 1290 gulis
224 1243 374 1278 Ionicae
399 1241 548 1279 dialecti
568 1241 700 1279 formis
722 1243 974 1278 constantiam
992 1271 1002 1290 ,
1034 1254 1151 1293 quam
1181 1241 1416 1293 desiderant,
1450 1245 1601 1283 novisse

105 1296 273 1349 indeque
294 1300 423 1335 omnia
443 1298 492 1336 ad
512 1312 630 1335 unam
653 1297 893 1350 eandemque
908 1311 1087 1335 normam
1107 1300 1289 1349 exegisse,
1320 1314 1417 1352 quae
1434 1303 1603 1339 multum

104 1367 250 1401 vereor,
279 1362 321 1392 ut
334 1355 656 1402 Herodotisaetate
671 1356 749 1392 iam
772 1356 964 1403 exstiterit,
985 1354 1061 1407 quai
1081 1354 1232 1393 dialecti
1249 1358 1422 1407 singulae
1440 1358 1603 1396 vixdum

105 1410 158 1447 ita
190 1410 394 1460 discretae,
432 1413 729 1465 uniuscuiusque
749 1413 902 1448 termini
931 1425 974 1449 ac
1002 1412 1097 1449 fines
1127 1412 1289 1450 vixdum
1320 1415 1371 1451 ita
1403 1413 1604 1465 diligenter

107 1468 320 1514 constituti,
351 1469 679 1519 quemadmodum
709 1470 922 1520 posterioris
955 1470 1084 1506 aetatis
1114 1471 1452 1519 grammaticorum
1471 1471 1604 1510 studiis

106 1522 147 1560 id
177 1523 320 1560 factum
350 1537 430 1561 esse
458 1526 694 1568 invenimu53
745 1533 787 1561 ut
811 1539 903 1561 sane
931 1539 981 1561 ex
1001 1527 1081 1561 aliis
1114 1538 1269 1577 quoque
1301 1525 1467 1565 dialectis
1497 1527 1605 1566 haud

105 1593 229 1630 pauca
258 1582 297 1617 in
325 1580 510 1618 Herodoti
543 1594 763 1618 sermonem
795 1581 982 1618 transiisse
1013 1589 1313 1619 consentaneum
1342 1584 1401 1623 sit.
1461 1585 1606 1631 Quodsi

106 1638 222 1687 igitur
245 1639 507 1688 Hermogenes
537 1639 563 1675 l.
592 1651 706 1688 supra
725 1639 752 1675 l.
774 1636 821 1674 de
851 1637 1037 1674 Herodoti
1058 1637 1217 1675 dialecto
1237 1640 1407 1691 loquitur
1425 1642 1605 1698 ποικίλῃ,

105 1693 147 1730 id
167 1693 215 1730 ad
237 1707 322 1730 eam
348 1708 502 1746 quoque
521 1695 706 1731 sermonis
734 1695 954 1732 varietatem
982 1707 1159 1732 revocare
1183 1696 1332 1744 licebit,
1363 1696 1439 1749 quit
1467 1700 1606 1738 Ionicis

106 1751 237 1788 formis
257 1751 344 1788 alias
366 1752 462 1802 epici
482 1758 518 1788 et
537 1752 703 1802 vulgaris
721 1752 905 1789 sermonis
925 1752 1067 1789 formas
1081 1753 1263 1790 Nostrum
1282 1752 1525 1793 admiscuisse
1540 1769 1607 1794 eo-

108 1820 184 1859 que
204 1809 415 1844 orationem
434 1809 596 1846 variasse
614 1810 693 1847 sive
711 1811 866 1846 oratione
895 1811 1040 1846 variata
1068 1823 1181 1846 usum
1210 1824 1289 1847 esse
1309 1818 1509 1861 putemus,
1539 1814 1606 1850 vix

108 1865 187 1900 ullo
208 1871 309 1901 certo
330 1866 370 1900 in
391 1865 574 1915 eligendis
585 1866 742 1915 singulis
762 1866 893 1903 Formis
914 1867 1070 1903 consilio
1093 1865 1263 1914 ductum,
1279 1866 1346 1903 sed
1362 1880 1406 1904 ea
1416 1870 1606 1919 recipien-

109 1926 208 1967 tem,
250 1933 500 1973 quaecunque
531 1923 704 1958 animum
723 1923 893 1959 subirent
914 1929 978 1959 aut
998 1924 1168 1973 priorum
1199 1924 1427 1974 scriptorum
1446 1938 1517 1962 usu
1541 1927 1606 1963 in-

110 1975 286 2013 troducta
304 1985 438 2027 sponte
458 1991 538 2014 sese
564 1978 759 2019 offerrent.
781 1975 855 2028 3W)
913 1981 993 2016 Nec
1009 1980 1098 2016 talia
1117 1980 1246 2026 nobis,
1288 1981 1441 2030 opinor,
1474 1983 1605 2020 rimari

111 2033 261 2078 licebit,
292 2046 389 2083 quae
410 2046 430 2069 a
451 2035 631 2084 peculiari
651 2035 840 2084 scriptoris
862 2036 991 2072 animo
1015 2048 1058 2072 ac
1079 2049 1192 2072 sensu
1216 2036 1408 2086 pendeant
1437 2038 1605 2091 indeque

111 2090 223 2125 unice
255 2088 451 2126 diiudicari
478 2092 634 2140 possint.
696 2092 817 2127 Mixto
847 2092 961 2141 igitur
980 2105 1052 2128 nec
1072 2091 1211 2129 finibus
1240 2094 1349 2130 certis
1368 2094 1606 2133 circumscri-

111 2152 177 2195 pto
203 2146 379 2183 orationis
411 2159 551 2196 genere
579 2146 819 2184 Herodotum
846 2161 960 2184 usum
991 2160 1071 2185 esse
1091 2149 1268 2186 volumus
1291 2163 1362 2187 nec
1394 2152 1605 2205 quidquam

113 2201 216 2238 aliud
254 2203 362 2239 nobis
395 2202 620 2240 faciundum
650 2217 729 2241 esse
758 2203 928 2251 videtur,
961 2206 1032 2241 nisi
1055 2204 1159 2257 quod
1187 2206 1444 2245 Gaisfordium
1472 2209 1605 2247 secisse

111 2258 349 2296 invenimus:
380 2258 556 2296 codicum
576 2261 781 2298 meliorum
801 2268 837 2297 et
856 2263 1116 2313 antiquiorum
1139 2269 1181 2299 ut
1207 2276 1412 2315 sequamur
1440 2267 1605 2303 auctori-

112 2321 243 2362 tatem,
263 2328 312 2350 ne
333 2316 625 2353 inconstantiam
647 2318 858 2355 constantia
878 2319 1009 2355 tollere
1030 2332 1119 2355 cum
1139 2320 1311 2368 velimus,
1346 2322 1416 2372 ipsi
1435 2323 1605 2359 maxime

114 2372 369 2408 inconstantes
398 2375 633 2423 reperiamur
648 2403 659 2424 ,
697 2373 1013 2429 Herodotumque
1040 2377 1099 2413 sui
1117 2377 1231 2428 ipsIus
1251 2378 1419 2416 maxime
1439 2377 1605 2417 dissimi-i

118 2583 243 2662 XXIZ‘I)
282 2582 361 2617 Vid.
395 2583 547 2618 Praefat.
580 2594 662 2629 pag.
685 2585 728 2619 V.
761 2585 891 2620 Probat
914 2585 1229 2630 Schweighaeuser.
1252 2586 1405 2622 Praefat.
1427 2587 1455 2630 Ι,
1479 2591 1502 2625 2
1524 2601 1604 2635 pag.

208 2698 257 2741 ”)
282 2697 463 2731 Meierotto
488 2697 542 2739 l.‚1.
568 2709 600 2742 p.
627 2697 693 2732 596
708 2709 803 2744 seqq.
830 2699 872 2732 de
895 2698 1064 2733 Herodoti
1088 2699 1233 2733 dialecto
1257 2699 1425 2735 disserens
1449 2702 1532 2737 haec
1544 2703 1605 2736 nd·-

121 2739 190 2773 dit:
216 2749 380 2786 „peut-on
405 2755 444 2776 en
470 2743 637 2786 conclure,
662 2744 743 2788 qu'il
767 2744 834 2778 suit
857 2745 900 2779 ici
926 2757 990 2778 une
1013 2745 1109 2790 regie
1132 2745 1301 2789 generale,
1325 2747 1604 2791 l'usagerecu,sa

120 2785 263 2829 langue,
292 2799 351 2821 son
374 2789 537 2832 dialecte,
570 2801 614 2823 ou
636 2789 748 2835 plutot,
770 2792 1044 2836 nefaudra-t-z’l
1067 2803 1132 2837 pas
1159 2792 1234 2827 dire
1261 2792 1345 2837 qu⁷il
1372 2796 1520 2828 consulte
1543 2804 1603 2827 son

122 2832 240 2867 oreille
255 2836 288 2866 et
305 2833 341 2866 la
361 2834 448 2868 suite
459 2834 477 2867 2
489 2837 513 2854 “

1242 2881 1334 2925 27*
