1879 3222
49 513 115 558 27

510 204 974 245 CALLIOPE.

122 321 168 356 10
180 316 280 369 „uoti
320 313 431 369 πρός
469 311 641 363 ἄλλους.

1031 207 1050 244 1
1058 206 1110 244 X.
1351 207 1436 249 248

701 312 817 355 οὕτω
857 307 920 354 οἷν
959 313 1093 369 ἡμέας
1131 316 1302 360 δίκαιον
1332 316 1494 372 ἕχεινὸο

179 382 257 434 ,,τό
300 383 445 437 ἕτερον
484 381 633 434 κέρας,
683 377 787 435 ἤπερ
824 378 1095 435 Ἀθηναίους.

1153 382 1208 427 οὐ
1243 401 1327 440 γαρ
1358 386 1439 439 σφί

179 451 297 504 „eon
333 451 436 504 ἔργα
473 446 545 493 οἷά
588 465 639 492 πε
643 466 667 504 ρ
707 446 811 504 ἡμῖν
849 452 1191 505 κατεργασμένα,
1240 450 1328 494 οὔτ’
1374 448 1437 496 ὦν

180 517 338 572 ‚macrob
366 518 465 561 οὔτε
493 516 696 560 παλαιοῦ·
689 522 694 528 ‘

753 518 806 559 Οἱ
838 516 915 571 μὲν
943 522 1078 561 ταῦτα
1102 520 1257 574 ἔλεγον.

178 594 293 632 ναῖοι
323 587 367 630 δὲ
395 586 503 641 πρὸς
531 589 666 629 ταῦτα
694 584 982 639 ὑπεκρίναντο
1017 587 1118 629 τάδε
1136 601 1147 611 ·

1313 518 1438 577 Ἀθη-

1205 584 1432 639 ,,Ἐπιστά·

178 662 320 713 ,,μεθα
348 656 428 711 μὲν
458 654 650 697 σύνοδον
679 652 805 710 τήνδε
835 652 971 708 μάχης
1009 655 1151 696 εἵνεκα
1183 659 1493 711 συλλεγῆναιὸὃ

147 723 321 778 2,,πρὸς
358 723 436 766 τὸν
476 721 720 779 βάρβαρον,
764 721 852 764 ἀλλ’
893 721 947 764 οὐ
984 721 1141 777 λόγων.

1200 721 1290 764 ἐπεὶ
1330 724 1376 765 δὲ
1412 724 1436 766 ὁ

175 791 420 848 ,,Τεγεήτης
466 791 685 846 προέθηκε
722 790 884 833 παλαιὰ
920 790 994 834 καὶ
1032 788 1163 833 καινὰ
1203 790 1342 846 λέγειν
1383 791 1437 834 τοὶ

177 859 447 915 »ἑκατέροισι
476 858 522 901 ἐν
550 863 612 915 τῷ
640 859 769 902 παντὶ
786 857 938 916 ’χρόνῳ
957 857 1237 914 κατέργασται
1264 859 1438 914 χρηστά,

177 929 454 986 ,,ἅναγκαίως
481 928 585 984 ἡμῖν
615 928 698 984 ἔχει
727 929 916 985 δηλῶσαι
945 929 1054 981 πρὸς
1083 926 1228 982 ὑμέας,
1258 926 1365 970 ὅθεν
1393 925 1440 983 ἡ·

124 1147 267 1185 verbis:
311 1141 415 1187 οὔτ’
438 1136 496 1185 ὦν
520 1142 641 1186 mewa*
664 1143 782 1185 οὕτε

124 1201 275 1243 παλαιοὶ
307 1204 384 1242 vid.
405 1203 540 1241 Matth.
562 1205 628 1241 Gr.
658 1205 722 1241 Gr.
744 1204 783 1249 §-

125 1261 206 1302 625
225 1275 266 1312 p.
300 1261 418 1302 1275.

321 1351 414 1402 Cap.
435 1351 595 1388 XXVII.

181 1424 356 1469 σύνοδον
383 1425 502 1481 τήνδε
519 1452 574 1457 -
597 1431 785 1482 συλλεγῆ-

124 1485 224 1536 ναι]
266 1488 291 1527 i,
320 1501 353 1524 e.
383 1488 463 1524 bene
492 1488 669 1534 novimus,
701 1500 785 1524 con-

123 1544 255 1579 venisse
272 1557 332 1581 nos
355 1544 412 1580 ln'c
425 1544 627 1594 pugnandi,
649 1557 716 1580 non
725 1543 785 1581 al-

124 1600 287 1636 tercandi
310 1614 431 1648 causa,
452 1602 543 1648 sive,
563 1607 605 1637 ut
627 1602 784 1651 exponit

123 1655 348 1707 Schweigb.
387 1659 427 1693 in
467 1658 564 1696 Lex.
609 1656 781 1694 Herod.:

124 1715 307 1761 „novimus
327 1714 522 1764 pugnandi
562 1726 673 1751 causa
707 1727 783 1751 cum

125 1770 218 1806 hoste
239 1770 295 1807 lu‘c
315 1785 376 1807 nos
393 1772 599 1817 convenisse,
633 1784 784 1808 nonser-

124 1839 262 1863 monum
279 1827 527 1877 faciendorum
547 1840 670 1875 causa,
700 1829 725 1865 i.
748 1842 782 1868 e.

125 1895 193 1918 non
212 1887 252 1919 ut
274 1884 389 1933 longis
420 1885 636 1921 orationibus
653 1888 784 1934 tempus

127 1942 319 1977 teramus.“
377 1939 605 1977 Plutarchus
634 1942 674 1977 in
695 1943 787 1978 Ari-

126 1994 288 2035 stid.12
317 1994 413 2032 haec
432 1996 535 2032 hunc
562 1998 603 2032 iu
625 1997 787 2035 modum

126 2053 291 2102 profert:
323 2048 486 2103 ἥκομεν,
506 2054 630 2104 inquit
649 2055 786 2090 Aristi-

128 2108 206 2156 des,
220 2103 269 2147 ου’
289 2112 371 2176 τοῖς
389 2105 607 2160 συμμάχοις
623 2106 786 2148 στασιά-

128 2176 274 2213 σοντες,
307 2160 406 2204 ἄλλα
434 2161 677 2216 μαχούμενοι
703 2171 786 2213 τοῖς

129 2223 349 2272 πολεμίοις.
405 2223 479 2258 Ubi
509 2223 645 2259 similia
667 2237 788 2275 quae-

129 2277 219 2316 dam
239 2277 338 2315 dicta
359 2277 468 2316 affert
494 2278 743 2322 Valckenaer,
767 2293 787 2317 e

127 2337 212 2375 Liv.
234 2337 399 2383 xxxn,
423 2337 489 2376 34.
521 2335 677 2376 Diodor.
700 2339 787 2388 11p⁷

130 2394 222 2433 638.
243 2392 418 2443 Euripid.
441 2391 636 2430 Phoeniss.
655 2394 749 2435 591.

167 2459 571 2512 προέθηκε-λέγειν]
587 2460 788 2512 Schwgh.⁷

132 2518 197 2568 qui
218 2519 320 2568 prius
340 2518 599 2554 intellexerat:
630 2521 788 2556 instituit

134 2573 247 2611 dicere
267 2588 298 2616 s,
319 2576 513 2625 proposuit,
524 2578 565 2611 ut
586 2574 787 2624 diceremus,

133 2637 262 2680 postea
282 2629 385 2668 hunc
427 2644 549 2668 unum
576 2630 665 2668 huic
703 2633 788 2669 loco

136 2689 336 2724 convenire
356 2701 508 2725 sensum
518 2689 668 2726 statuit:
683 2702 790 2740 prae-

136 2742 220 2779 tulit
246 2757 502 2783 commemorare
533 2746 595 2783 vel
620 2749 660 2782 ut
696 2759 790 2784 com-

137 2803 407 2841 memoraremus.
462 2803 521 2839 De
560 2815 637 2855 qua
671 2803 792 2840 inter-

837 1145 1050 1197 pretatione
1066 1146 1202 1182 merito
1217 1144 1394 1183 dubitans
1408 1146 1497 1184 Ste-

838 1215 964 1252 gerus,
1014 1203 1167 1239 rescribi
1198 1203 1319 1240 voluit
1357 1201 1497 1255 λέγων.

839 1258 1032 1311 Equidem
1052 1273 1072 1294 e
1092 1260 1215 1310 glossa
1236 1260 1437 1309 marginali
1455 1260 1497 1296 in

839 1323 990 1352 textum
1008 1317 1202 1367 irrepsisse
1231 1318 1392 1354 verbum
1413 1330 1497 1353 cre-

840 1371 1017 1409 diderim.

897 1435 1124 1493 οἷναγκαίως
1149 1437 1247 1490 ἡμῖν
1272 1438 1347 1490 ἔχει
1366 1439 1497 1490 δηλῶ-

842 1509 908 1536 σαι
927 1494 1026 1548 πρὸς
1046 1495 1188 1547 ὑμέας]
1235 1495 1499 1545 „Laudabilia‚

841 1567 939 1606 quae
959 1554 1086 1590 multis
1102 1552 1164 1590 hic
1180 1560 1357 1590 enarrant
1376 1551 1500 1589 Athe-

839 1612 1001 1658 nienses,
1021 1611 1212 1647 maiorum
1231 1622 1388 1647 suorum
1407 1610 1500 1647 faci-

841 1666 1050 1717 nora‚hinc
1070 1668 1199 1717 paucis
1221 1672 1499 1703 commemorat

838 1723 1137 1761 Pseudo-Plut.
1166 1726 1224 1760 De
1244 1722 1388 1760 Herod.
1413 1724 1500 1759 Ma-

838 1782 932 1831 lign.
953 1793 1039 1831 pag.
1061 1783 1143 1822 872
1163 1782 1210 1818 A.
1265 1780 1415 1817 Eadem
1434 1780 1498 1816 illa

837 1851 1082 1889 magnacum
1117 1837 1230 1874 laude
1259 1838 1498 1874 celebrantur

839 1896 885 1931 ab
914 1896 1147 1941 onatoiibu53
1189 1895 1235 1931 ab
1265 1896 1429 1931 Isocrate
1456 1894 1499 1930 in

838 1953 1029 2003 Paneoyr.
1059 1966 1094 2003 Ρ.
1127 1951 1176 1992 51
1214 1951 1282 1999 [ξ.
1314 1954 1368 1992 27
1396 1950 1499 2002 seq-1

839 2022 944 2060 seqq.
986 2010 1024 2044 iu
1079 2007 1234 2045 Aristid.
1285 2006 1501 2048 Panathen.

840 2079 879 2130 Ρ
910 2068 987 2105 201
1009 2071 1079 2100 etc.
1100 2066 1139 2099 in
1163 2059 1422 2112 Ἐπιταφίοις
1442 2069 1501 2099 et·-

840 2122 918 2157 iam
929 2116 997 2158 λόν
977 2120 1210 2172 ‘'aig-‚quibus
1218 2121 1375 2156 nomina
1386 2132 1502 2170 prae-

842 2177 1012 2228 figuntur
1044 2173 1311 2213 Demosthenis
1343 2182 1379 2212 et
1419 2177 1502 2227 Ly-

842 2236 931 2271 siae.
936 2234 958 2252 “
995 2233 1215 2270 Valcken.
1247 2255 1299 2260 —-
1329 2233 1373 2268 In
1394 2244 1502 2283 seqq.

845 2304 865 2327 e
885 2291 1103 2327 Florentino
1135 2290 1292 2341 aliisque
1321 2287 1408 2325 dedi
1429 2292 1502 2328 οὑ-

842 2347 903 2386 τοί
942 2358 1052 2396 φασι,
1093 2347 1159 2383 ubi
1189 2345 1381 2386 Schaefer
1413 2358 1503 2383 cum

842 2403 978 2441 matth.
1002 2403 1101 2454 φασὶ
1119 2397 1243 2443 οὗτοι.
1301 2405 1359 2440 Ac
1385 2403 1501 2454 paulo

844 2468 930 2512 post
950 2474 1061 2499 voces
1080 2463 1197 2500 τοῦτο
1218 2457 1290 2511 μὲν
1307 2467 1394 2497 ante
1407 2455 1501 2498 τού-

845 2533 940 2564 τους
977 2519 1169 2554 immerito
1209 2530 1257 2553 ex
1286 2529 1364 2553 uno
1399 2517 1500 2554 Sau-

844 2575 954 2612 crofti
973 2574 1104 2611 codice
1125 2575 1249 2611 omisit
1258 2572 1497 2621 Schaeferus‚

845 2644 960 2684 quem
993 2629 1128 2671 Manli,
1169 2637 1206 2668 et
1242 2629 1408 2668 Bekker.
1436 2643 1499 2667 se-

846 2694 1027 2740 quuntur.
1082 2684 1178 2724 Mihi
1203 2694 1416 2725 ceterorum
1448 2687 1499 2723 li-

844 2746 1001 2782 brorum
1013 2745 1212 2783 auctoritas
1230 2751 1417 2797 praestare
1439 2744 1501 2781 vi-

845 2800 1019 2840 debatur.

1145 2860 1195 2899 16
1214 2855 1237 2885 *

1489 591 1572 635 704
