1996 3238
383 513 450 559 74

178 581 303 613 Accepto
337 577 450 612 nuntio,

177 612 318 640 Isthmum
346 612 406 644 neti
431 598 451 637 εἷ,

341 644 450 671 Graeci

176 645 323 678 barbaris,

175 678 214 706 ad
231 679 412 705 Salaminem

176 712 291 739 collecti
328 711 359 739 su

173 746 333 773 consilium

176 780 291 808 ineunt.

502 209 585 250 102

906 205 1362 243 HERODOTI

501 315 639 366 πόλις,
669 313 804 369 πάρεξ
833 317 923 366 τῶν
951 313 1164 368 κατέλεξα,
1195 315 1241 359 ἐκ
1269 317 1351 358 τοῦ
1379 313 1516 370 μέσου
1546 313 1760 358 ἐκατέατο·

504 384 542 427 εἰ
572 382 617 426 δὲ
646 381 886 436 ἐλευθέρως
913 370 1046 434 ἴξεστι
1077 385 1236 437 εἰπεῖν,
1279 382 1325 426 ἐκ
1355 386 1436 426 τοῦ
1466 383 1601 438 μέσου
1630 381 1819 438 nami-90

504 466 628 507 μενοι
655 448 868 506 ἐμήδιζον.

618 519 672 561 Οἱ
703 517 915 589 μὲνβῆ’
898 535 944 561 εν
973 521 1034 574 τῷ
1061 516 1247 573 Ἰσθμῷ,
1276 515 1459 575 τοιούτῳ
1490 514 1612 574 πόνῳ
1644 518 1764 561 συνὲ-

508 595 694 638 στασαν,
707 576 800 631 Af&
830 587 927 640 περὶ
954 589 1035 628 τοῦ
1065 583 1226 634 παντὸς
1263 584 1345 640 ἤδη
1377 584 1545 639 δρόμον
1574 585 1765 637 θέοντες,

508 654 582 698 καὶ
609 657 708 710 τησι
736 655 864 709 νηυσὶ
896 653 976 696 οὐκ
1007 652 1247 704 ἐλπίζοντες
1277 651 1591 708 ἐλλάμψεσθαι·

342 719 453 774 uffan«)
508 721 557 765 ἐν
586 725 806 776 Σαλαμῖνι
835 720 965 775 ὁμῶς,
994 723 1131 763 ταῦτα
1150 719 1497 775 πυνθανόμενοι,
1528 719 1822 775 ἀρῤώδεον,95
1860 741 1862 743 ·

1648 655 1690 696 οἱ
1721 653 1767 697 δὲ

512 787 596 833 οὐκ
626 788 742 832 οὕτω
773 789 873 841 περὶ
903 789 1029 844 σφίσι
1053 786 1224 830 αὐτοῖσι
1243 788 1548 841 δειμαίνοντες,
1581 788 1639 838 ὥς
1667 789 1767 841 περὶ

476 863 500 897 2
512 859 565 912 τῇ
597 855 933 913 Πελοποννήσῳ.

993 855 1072 906 ἕως
1112 855 1191 910 μὲν
1232 852 1285 910 δή
1318 853 1463 897 αὐτῶν
1494 853 1603 910 ἀνὴρ
1637 855 1768 910 ἀνδρὶ

505 922 730 976 παοαστοές
759 927 859 979 σιγῇ
888 922 1024 978 λόγον
1063 921 1280 973 ἐποιέετο,
1318 921 1479 977 θώυμα
1516 923 1768 979 ποιεύμενοι

449 1057 535 1081 mus
566 1043 611 1079 ab
636 1041 783 1092 Argivis
817 1038 984 1078 devictos
1014 1045 1051 1075 et
1072 1039 1112 1074 in

449 1107 590 1138 statum
619 1098 857 1164 περιοίκων,
900 1109 995 1148 quos
1027 1091 1111 1148 Ὀρ-

450 1171 593 1204 νεατας
611 1155 782 1193 vocarint
809 1154 963 1204 Argivi,
998 1150 1113 1188 reda-

452 1220 555 1261 ctos,
595 1225 686 1248 nam
708 1211 917 1262 Cynuriam
956 1217 1110 1256 terram,

453 1269 501 1307 de
531 1282 605 1321 qua
638 1268 728 1306 inde
756 1268 803 1304 ab
840 1268 994 1318 Olymp.
1025 1266 1112 1302 XV.

451 1339 542 1363 oum
583 1325 779 1376 Spartanis
830 1324 964 1373 Argivi
1018 1335 1114 1359 cou-

452 1389 662 1429 certarant,
720 1380 884 1417 tenuisse
935 1378 1114 1417 videntur

451 1439 587 1489 Argivi
642 1450 763 1490 usque
830 1435 879 1473 ad
941 1448 1112 1487 pugnam

451 1494 696 1547 Thyraeam,
731 1506 829 1545 quae
868 1492 1003 1530 accidit
1037 1493 1112 1529 cir-

453 1564 499 1589 ca
546 1553 698 1603 Olymp.
736 1551 878 1598 LVIII,
931 1557 974 1587 ut
1012 1548 1113 1586 dixi-

453 1621 540 1645 mus
579 1607 627 1645 ad
655 1606 798 1644 Herod.
836 1608 870 1655 I,
911 1609 985 1653 82,
1014 1607 1114 1656 ipsos

453 1665 596 1701 incolas
611 1678 641 1701 s.
652 1665 839 1715 Oynuri05
859 1676 927 1713 pro
940 1662 1113 1708 subditis,

455 1722 523 1773 qui
541 1722 704 1771 vectigal
723 1719 944 1771 penderent,
966 1718 1113 1755 haben-

454 1784 525 1815 tes.
581 1778 709 1828 Atque
728 1776 818 1813 inde
839 1775 940 1812 haud
960 1777 1036 1812 scio
1064 1788 1113 1811 au

454 1835 709 1884 intelligatur,
742 1847 809 1870 cnr
828 1835 961 1870 Noster
989 1831 1113 1869 dicere

456 1892 643 1942 potuerit,
695 1891 881 1941 Cynurios
921 1886 1002 1928 ὖιτό
1043 1891 1114 1928 τοῦ

456 1943 606 1998 χρόνον
652 1948 895 1984 Doriensium
946 1945 1116 1983 indolem

455 2005 569 2054 plane
595 2005 823 2041 assumsisse.
883 2003 990 2041 Conf.
1013 2004 1117 2040 mul-

455 2061 524 2097 ler.
545 2062 635 2096 Dor.
657 2061 674 2096 I
694 2073 779 2111 pag.
805 2059 897 2100 158.

513 2112 636 2168 πάρεξ
646 2119 727 2155 ταῖν
740 2113 938 2167 κατέλεξα]
954 2117 1012 2152 De
1023 2128 1118 2153 voce

457 2169 583 2224 πάρεξ
608 2173 710 2210 conf.
741 2180 836 2211 nott.
869 2172 917 2209 ad
951 2174 1029 2221 111,
1065 2175 1118 2212 97

458 2237 496 2266 et
512 2229 560 2266 ad
580 2243 690 2266 voces
711 2228 753 2268 ἐκ
781 2232 854 2268 τοῦ
873 2228 994 2280 μέσου
1024 2228 1118 2269 ἐκα-

457 2284 569 2326 τὲατο
588 2293 686 2324 nott.
707 2285 755 2323 ad
774 2288 846 2334 111,
868 2289 935 2327 83,

643 2375 736 2427 cap.
756 2375 931 2414 LXXIV.

519 2453 574 2493 Οἵ
586 2451 657 2506 μὲν
674 2450 723 2504 δή
737 2453 778 2494 ἐν
793 2450 1019 2508 τῷἸσθμῷ]
1031 2452 1119 2492 vid.

460 2510 596 2548 matth.
619 2513 684 2549 Gr.
707 2512 772 2548 Gr.
795 2513 832 2556 ξ.
855 2512 933 2552 289
963 2517 1042 2547 not.
1068 2513 1118 2549 10

460 2579 548 2616 pag.
570 2567 650 2608 582
666 2598 676 2616 ,
699 2569 764 2620 qui
784 2567 888 2604 idem
909 2569 944 2612 ξ.
971 2569 1069 2612 198,
1092 2569 1116 2606 3

460 2634 549 2672 pag·
571 2624 651 2664 357
680 2625 896 2661 conseratur
926 2623 974 2660 ad
1003 2621 1118 2662 συνέ-

460 2688 629 2726 atomum
674 2680 721 2717 de
758 2682 863 2719 cuius
903 2694 971 2717 usu
1016 2680 1118 2718 conf.

463 2747 617 2786 quoque
652 2735 700 2772 acl
739 2738 826 2786 VII,
877 2740 958 2778 170
992 2737 1116 2775 allata.

464 2792 586 2829 Verba
621 2791 708 2844 περὶ
741 2796 813 2833 τοῦ
856 2790 1004 2841 παντός
1038 2791 1117 2844 ἤδη

1167 1032 1317 1088 δρόμον
1351 1035 1539 1086 θέοντες,
1571 1053 1669 1092 qnae
1703 1041 1826 1092 attigit

1166 1093 1340 1130 Eustath.
1363 1093 1411 1130 ad
1431 1093 1537 1133 Iliad.
1560 1110 1598 1147 p.
1623 1096 1746 1146 1264,
1774 1098 1825 1139 15

1165 1152 1348 1198 s.1363‚
1383 1152 1433 1191 16
1460 1158 1497 1187 et
1525 1165 1562 1202 p.
1597 1154 1700 1202 259,
1738 1157 1762 1196 8
1795 1168 1827 1192 5.

1168 1206 1267 1253 342,
1296 1209 1370 1252 20,
1411 1208 1530 1258 probe
1551 1211 1716 1248 scribens
1737 1207 1826 1262 δρό-

1169 1277 1267 1315 μον,
1301 1264 1393 1307 nisi,
1439 1264 1542 1316 qnod
1570 1267 1827 1318 Wesselingio

1170 1332 1323 1371 quoque
1370 1321 1410 1356 in
1449 1329 1619 1358 mentem
1658 1331 1827 1372 venerat,

1168 1389 1318 1427 prorsus
1340 1377 1617 1416 eliminandum
1633 1387 1687 1417 est
1717 1380 1829 1429 (nam

1170 1432 1274 1485 quod
1318 1446 1366 1469 ex
1403 1433 1544 1472 Aldina
1574 1443 1829 1488 propagatum

1170 1497 1249 1526 elat
1283 1485 1461 1540 δρόμου,
1494 1492 1585 1528 ferri
1607 1505 1686 1530 non
1720 1507 1830 1544 posse

1168 1545 1274 1583 idem
1305 1547 1538 1599 Wesseling.
1568 1551 1665 1591 Diss.
1686 1551 1831 1590 Herod.

1169 1605 1187 1639 1
1199 1617 1235 1654 p.
1253 1604 1329 1643 129
1342 1605 1576 1654 monuerat),
1588 1607 1797 1644 illustravi·
1786 1622 1828 1645 ιιι

1170 1667 1251 1696 not.
1291 1658 1339 1696 ad
1376 1662 1465 1709 VH,
1514 1662 1579 1703 57.
1623 1663 1696 1704 Cr.
1736 1663 1773 1701 h.
1803 1666 1829 1704 l.

1171 1718 1310 1754 excitat
1324 1717 1474 1754 Platon.
1491 1717 1690 1757 Theaetet.
1713 1722 1750 1766 ξ.
1775 1724 1830 1762 76

1169 1787 1209 1824 p.
1236 1774 1315 1813 387
1366 1774 1496 1825 ibique
1543 1775 1743 1818 Heindorf.
1777 1799 1826 1805 —

1170 1831 1263 1866 Mox
1289 1843 1378 1866 cum
1402 1830 1622 1883 Schweigh.
1654 1840 1691 1870 et
1710 1834 1829 1872 Gaisf.

1169 1886 1340 1937 rescrlpsi
1360 1885 1465 1938 ὁμῶς
1484 1901 1552 1939 pro
1575 1885 1695 1938 ὅμως.

1226 1942 1294 1982 καὶ
1321 1946 1411 2009 τῇσι
1428 1958 1544 1994 νηυσι
1563 1942 1637 1986 οὔκ
1653 1946 1831 1994 ἐλπίζον-

1171 2014 1233 2046 τες
1253 1996 1547 2052 ἐλλάμψεσθαι]
1579 2004 1605 2040 i.
1629 2016 1662 2041 e.
1684 2017 1832 2055 neopa-

1173 2060 1289 2095 tantes
1315 2071 1353 2093 se
1383 2058 1490 2095 classi
1521 2072 1552 2096 s.
1581 2061 1726 2112 p1oelio
1761 2073 1831 2097 na-

1174 2114 1248 2151 vali
1282 2114 1432 2162 glumam
1466 2128 1535 2152 esse
1577 2121 1830 2167 reportaturos,

1173 2169 1323 2207 Eadem
1353 2172 1559 2221 splendendi
1582 2175 1738 2211 notione
1768 2172 1832 2213 ἐλ-

1173 2222 1542 2278 λάμπεσθαιΙ,8Ο.

1231 2282 1322 2331 περὶ
1354 2284 1467 2331 σφίσι
1493 2280 1650 2323 αὐτοῖσι
1679 2284 1832 2335 δειμαί-

1173 2337 1332 2391 νοντες]
1364 2340 1449 2377 vid.
1469 2340 1603 2378 Matth.
1625 2343 1689 2379 Gr.
1707 2343 1771 2379 Gr.
1793 2343 1831 2387 §-

1176 2397 1257 2436 394
1278 2410 1366 2447 pag.
1388 2400 1483 2438 721.
1508 2399 1551 2434 In
1572 2411 1677 2450 seqq.
1699 2397 1747 2435 ad
1761 2397 1832 2444 ἕως

1176 2450 1248 2502 μὲν
1270 2453 1524 2506 (aliquamdiu)
1545 2457 1646 2492 conf.
1666 2462 1761 2493 nott.
1784 2454 1833 2491 ad

1174 2511 1213 2555 Ι,
1235 2512 1309 2556 86,
1331 2518 1366 2547 et
1388 2509 1435 2547 ad
1458 2525 1569 2548 usum
1589 2513 1691 2548 vocis
1713 2507 1831 2560 ἀνήρ,

1174 2567 1238 2602 nbi
1251 2582 1307 2612 τις
1320 2567 1719 2617 e.xspectabas‚l-1erod.
1732 2569 1833 2615 VIII,

1177 2623 1336 2671 75·1V‚
1371 2626 1436 2664 26.
1479 2627 1594 2662 Plura
1623 2626 1832 2675 Bergman.

1176 2686 1213 2715 et
1233 2681 1424 2719 Benseler.
1453 2681 1501 2718 ad
1529 2684 1681 2718 Isocrat.
1703 2683 1832 2718 Pane-

1173 2748 1257 2787 gyr.
1304 2736 1329 2776 4
1361 2750 1448 2788 pag.
1478 2738 1568 2779 150.
1600 2739 1725 2787 Vigor.
1772 2740 1830 2774 De

1173 2793 1393 2833 idiotismm.
1430 2807 1516 2845 pag.
1544 2797 1610 2835 76.
1647 2798 1713 2836 77.
1750 2795 1830 2832 Ae-
