1879 3222
223 194 307 234 408
771 188 1148 228 COMMENTATIO

899 356 935 402 §.
970 358 1030 397 12.

340 466 419 505 Sed
438 465 532 504 haec
551 480 599 504 ne
620 467 703 519 quis
722 465 849 504 credat
867 467 945 504 sola
967 479 1064 513 esse,
1095 478 1192 518 quae
1219 467 1258 504 in
1277 466 1333 504 his
1354 467 1453 504 libris
1481 465 1701 518 posteritatis

227 526 435 562 memoriae
465 523 599 562 tradita
628 525 762 561 Noster
790 524 1002 574 reliquerit,
1041 523 1148 573 plura
1177 525 1248 560 alia
1276 523 1332 561 his
1354 523 1479 560 addita
1509 530 1546 560 et
1565 525 1702 560 inserta

228 580 422 628 videmus,
465 594 561 632 quae
593 582 788 617 occasione
814 581 937 617 oblata
957 580 1253 628 praetermittere
1287 594 1374 617 cum
1395 581 1524 628 nollet,
1550 580 1589 615 in
1618 591 1703 614 me-

229 635 335 674 dium
355 638 530 687 protulit,
559 636 662 688 quod
682 638 744 674 illa
765 637 889 688 aliqua
910 642 1009 672 certe
1029 636 1171 671 ratione
1190 637 1286 673 scitu
1305 638 1409 673 utilia
1429 643 1493 673 aut
1508 635 1556 672 ad
1574 636 1703 682 linem,

229 705 346 744 quem
371 695 516 746 assequi
546 694 685 740 voluit,
720 690 1004 729 accommodata
1023 689 1167 729 habuit.
1226 693 1323 728 Hinc
1348 694 1385 728 in
1413 691 1631 728 Herodoteis
1660 691 1705 727 li-

228 749 303 786 bris
323 748 426 786 haud
447 762 590 800 paucae
611 756 812 786 occurrunt
834 748 1080 797 digressiones
1103 748 1180 784 sive
1202 747 1389 798 episodia:
1422 748 1468 785 de
1492 750 1625 799 quibus
1644 759 1706 783 sa—

228 806 274 842 tis
301 804 463 842 diximus
491 807 531 842 111
552 812 646 842 nott.
679 804 727 841 ad
744 806 774 851 1,
797 806 862 843 23.
885 802 950 843 56.
970 806 1061 844 131.
1081 805 1146 852 ΙΙΙ,
1168 806 1233 843 60.
1255 805 1317 852 lv,
1340 806 1407 844 30.
1435 803 1526 844 145.
1554 806 1640 844 167.
1661 803 1706 850 V,

228 859 297 901 55.
326 862 370 910 V,
393 864 445 902 92
462 863 498 907 §.
520 865 559 902 2.
580 862 660 907 Vll,
684 862 775 899 171.
796 856 836 905 ii)
884 860 1017 910 Neque
1051 857 1124 896 hae
1160 858 1405 910 digressiones
1446 858 1709 896 huiuscemodi

228 924 339 965 sunt,
370 924 432 964 ut,
464 916 567 969 quod
586 917 810 967 primarium
836 916 905 952 sibi
935 914 1067 952 habuit
1089 917 1300 954 Herodotus
1328 915 1507 968 quodque
1540 916 1709 965 inprimis

229 971 569 1010 demonstrandum
596 973 667 1010 sibi
703 979 969 1023 proposuerat,
1009 971 1048 1009 id
1077 975 1203 1010 minus
1235 974 1413 1023 cognosci
1442 972 1570 1023 possit.
1627 968 1710 1008 Hoc

228 1037 355 1066 autem
375 1030 610 1079 primarium,
634 1041 708 1080 quo
725 1030 853 1065 omnia
873 1029 1020 1079 singula
1046 1031 1308 1076 continentur,
1347 1027 1448 1066 unde
1475 1029 1604 1065 omnia
1627 1040 1711 1064 sus-

227 1099 344 1136 pensa
370 1092 471 1133 sunt,
492 1085 595 1122 unde
614 1086 742 1122 lucem
766 1098 874 1121 suam
900 1098 943 1122 ac
973 1087 1078 1136 quasi
1105 1087 1183 1123 vim
1214 1088 1424 1136 accipiunt,
1454 1086 1619 1135 positum
1638 1080 1711 1134 5¹³³)

228 1142 417 1179 cernimus
437 1143 477 1177 in
496 1143 663 1179 barbaris
679 1171 688 1189 ‚
721 1142 818 1178 orbis
839 1148 1024 1178 terrarum
1040 1140 1213 1190 dominis,
1235 1144 1469 1179 Graecorum
1487 1143 1525 1176 vi
1545 1146 1713 1190 prostra-

227 1199 286 1246 tis,
308 1197 379 1235 deo
400 1199 521 1235 ultore
541 1205 655 1250 atque
675 1197 825 1235 vindice
836 1199 998 1234 Graecos
1019 1197 1220 1236 adiuvante
1245 1211 1543 1250 prosperumque
1564 1209 1713 1233 succes-

228 1267 314 1293 sum
334 1261 503 1305 parante.
560 1256 659 1291 Hinc
679 1255 801 1305 operis
819 1254 916 1304 finis,
941 1255 1006 1290 ubi
1031 1254 1077 1291 de
1095 1256 1259 1292 barbaris
1287 1254 1452 1292 vindicta
1471 1260 1595 1290 sumta
1613 1253 1714 1304 iique

229 1311 336 1360 gravi
356 1309 497 1347 damno
519 1311 647 1348 afflicti
675 1318 775 1348 sunt.
821 1313 876 1347 Ita
898 1318 934 1348 et
955 1312 1119 1348 Graecos
1138 1312 1316 1349 libertatis
1336 1310 1636 1355 studiosissimos,
1654 1321 1715 1345 ce-

229 1367 375 1403 lebrare
396 1374 433 1404 et
461 1367 628 1404 divinam
646 1366 853 1405 vindictam
872 1381 902 1405 s.
924 1366 1041 1404 divini
1054 1369 1219 1405 numinis
1239 1370 1317 1405 vim
1333 1373 1629 1404 commonstrare
1644 1377 1717 1415 po-

229 1424 302 1460 tuit
315 1431 463 1470 auctor,
494 1426 636 1474 patriae
656 1436 785 1460 amore
805 1437 925 1475 aeque
945 1437 989 1461 ac
1009 1426 1070 1475 pia
1089 1426 1129 1461 111
1150 1424 1239 1462 deos
1259 1425 1467 1461 reverentia
1488 1428 1716 1461 commotus.

230 1479 336 1525 Quae
351 1481 430 1530 ipsa
450 1493 539 1516 cum
559 1493 716 1517 omnem
737 1481 909 1517 animum
929 1488 1140 1531 penetraret
1160 1482 1557 1531 religiosissimumque
1577 1476 1719 1514 redde-

230 1543 288 1572 ret
305 1538 549 1587 scriptorem,
580 1537 679 1574 cavit
707 1549 861 1589 quoque
892 1536 1059 1573 eundem
1086 1539 1132 1574 ab
1155 1540 1259 1575 omni
1299 1536 1500 1574 mendacio
1524 1533 1719 1585 fidemque

231 1591 322 1628 inde
352 1593 564 1630 conciliavit
583 1605 775 1630 summam
795 1595 873 1629 eius
893 1595 1167 1631 narrationibus
1181 1623 1192 1642 ‚
1223 1596 1261 1630 111
1279 1595 1414 1646 quibus
1430 1592 1550 1629 ubivis
1573 1591 1720 1641 reperi-

232 1660 319 1685 mus
338 1649 463 1685 virum
492 1650 597 1684 omni
617 1649 782 1699 partium
801 1648 925 1685 studio
951 1657 1145 1686 exemtum
1167 1663 1238 1686 nec
1267 1651 1354 1699 ipsis
1383 1648 1534 1685 Graecis
1554 1646 1719 1696 patroci-

233 1711 389 1740 nantem
411 1710 541 1740 contra
560 1703 599 1740 id
615 1733 625 1753 ,
658 1703 761 1756 quod
780 1717 914 1742 verum
935 1711 971 1741 et
990 1706 1132 1742 iustum
1151 1706 1221 1742 sibi
1241 1705 1452 1743 videbatur.
1510 1701 1595 1740 Vid.
1616 1703 1719 1739 locos

233 1773 345 1810 supra
363 1761 506 1797 allatos.

347 1818 430 1853 Hoc
446 1829 533 1852 vero
555 1828 645 1852 cum
663 1828 784 1852 unum
813 1815 859 1852 sit
887 1816 1130 1866 primarium,
1158 1817 1307 1867 singula
1335 1828 1510 1868 quaeque
1547 1814 1721 1865 comple-

238 1879 341 1909 ctens
371 1879 407 1909 et
437 1871 484 1908 ad
519 1885 558 1908 se
579 1885 778 1920 revocans,
812 1871 1071 1920 Herodotum,
1100 1886 1228 1909 rerum
1257 1873 1504 1923 scriptorem,
1540 1870 1655 1908 efficit
1679 1877 1723 1908 ut

238 1929 358 1979 poetis
381 1930 493 1978 epicis
513 1929 649 1964 similia
668 1928 895 1965 sectantibus
911 1928 1163 1967 adscribamus
1185 1931 1338 1982 eiusque
1359 1928 1521 1966 historiis
1554 1928 1723 1978 speciem

240 1985 337 2035 epici
355 1984 528 2022 carminis
556 1985 699 2020 tribuit.
736 1986 835 2021 Nam
854 1986 1019 2022 multum
1034 1987 1164 2037 utique
1185 1987 1310 2034 abest,
1340 1992 1404 2034 ut,
1436 1986 1502 2037 qui
1522 1979 1724 2035 ὁμηρικῶ-

239 2054 352 2087 τατος
381 2043 462 2077 iure
493 2041 720 2091 appellatur,
747 2037 843 2090 mm)
873 2042 989 2078 talem
1031 2042 1148 2079 modo
1179 2056 1257 2080 esse
1286 2048 1464 2093 appareat
1498 2042 1538 2076 in
1567 2040 1724 2090 siugulis

239 2097 505 2148 lowfionibus,
535 2096 773 2146 dictionibus,
806 2099 999 2136 vocabulis
1020 2112 1069 2136 ex
1094 2101 1261 2137 Homero
1290 2099 1413 2150 petitis
1429 2097 1590 2150 atqueiu
1609 2108 1724 2134 suum

332 2283 367 2327 ”)
407 2283 480 2318 Vid.
507 2284 669 2319 Creuzer.
693 2285 822 2320 Histor.
846 2286 959 2320 Kunst
987 2287 1020 2320 d.
1046 2287 1187 2321 Griecli.
1212 2298 1246 2331 p.
1274 2286 1462 2321 141—146.
1485 2285 1550 2319 Vel
1572 2285 1607 2318 111
1631 2283 1725 2318 hisce

241 2328 388 2410 athmssil
401 2332 587 2420 ‹Kefpnfiliim
611 2332 785 2366 Herodoto
808 2332 914 2366 fuisse
937 2334 1149 2367 obversatum
1183 2333 1256 2366 vult
1279 2333 1462 2376 Dionysius
1487 2331 1540 2366 De
1563 2328 1725 2373 'rhucyd.

335 2442 379 2483 ⁰)
423 2443 499 2479 Vid.
534 2443 693 2479 Creuzer.
727 2444 749 2478 1.
774 2445 796 2481 1.
821 2456 853 2489 p.
881 2444 957 2486 141,
979 2446 1036 2479 ubi
1061 2445 1213 2488 Dionysii
1238 2444 1394 2478 iudicium
1428 2445 1503 2489 (De
1532 2441 1723 2486 Thucydid.

242 2486 316 2520 Iud.
340 2488 385 2520 Vl
411 2500 444 2533 p.
469 2490 555 2533 826)
579 2490 734 2535 disquirit
757 2490 964 2524 Herodotum
990 2497 1092 2536 atque
1118 2491 1328 2524 hellanicum
1352 2490 1531 2524 statuentis
1554 2488 1725 2523 narratio-

243 2542 318 2564 nem
343 2534 522 2568 secundum
546 2536 620 2568 loca
642 2536 857 2569 distribuisse
883 2542 918 2570 et
951 2539 1187 2570 conformasse.
1237 2537 1285 2570 Et
1319 2538 1406 2571 conf.
1435 2546 1568 2581 quoque
1597 2533 1725 2567 Meier-

243 2581 315 2610 otto
340 2578 373 2609 in
398 2579 582 2624 scriptione
605 2592 711 2625 supra
734 2584 767 2623 §.
791 2584 833 2615 10
857 2582 996 2616 laudata
1018 2594 1050 2626 p.
1076 2583 1142 2616 599
1165 2594 1260 2627 seqq.

336 2642 415 2686 ***)
440 2645 581 2689 Longin.
604 2648 656 2682 De
679 2649 809 2682 sublim.
834 2651 865 2691 ἓ.
893 2650 952 2683 12:
988 2647 1103 2691 μόνος
1118 2647 1315 2693 ἹΙρόδοτος
1330 2644 1628 2692 Ὃμηρικῶτᾱτθς
1646 2643 1725 2689 ἐγέ-

245 2700 339 2722 νετο.
385 2689 438 2722 De
462 2690 634 2726 Herodoto
658 2694 795 2727 Homeri
817 2696 1002 2740 exemplum
1025 2700 1140 2728 secuto
1165 2696 1367 2739 eundemque
1398 2694 1550 2726 imitante
1581 2691 1725 2735 diligen-

246 2742 299 2767 ter
323 2735 520 2768 observavit.
543 2748 674 2781 quoque
700 2739 881 2773 Meierotto
916 2741 936 2772 l.
963 2741 982 2776 1,
1007 2751 1041 2792 p.
1066 2742 1142 2774 581.
1168 2741 1233 2775 584
1257 2752 1328 2785 seq.
1353 2740 1428 2773 586.
1453 2739 1530 2772 535.
1554 2738 1620 2772 592
1650 2748 1724 2783 seq.

247 2780 324 2814 595.
372 2779 458 2814 Add.
483 2781 558 2815 Alb.
584 2782 626 2816 do
649 2783 767 2827 Iongli.
787 2785 829 2818 de
851 2785 1018 2820 Herodoti
1041 2786 1228 2832 philosoph.
1251 2797 1284 2831 p.
1312 2786 1352 2820 18
1378 2784 1453 2819 coll.
1478 2785 1532 2819 21.
