1847 3272
569 216 1093 254 URAN1A.V111.
1421 219 1448 256 8

197 329 269 373 καὶ
291 326 519 376 Χαλκιδέες
549 324 766 381 ἐπλήρουν
786 326 933 378 εἴκοσι,
982 324 1226 380 Ἀθηναίων
1255 336 1332 381 σφι
1368 338 1448 369 πα-

202 394 416 451 ρεχόντων
444 393 518 445 τοὶς
534 393 652 445 νέας·
682 395 910 448 Αἰγινῆται
941 392 997 442 δὲ,
1029 390 1343 436 ὀκτωκαίὸεκα’
1373 396 1448 436 Σι-

199 460 381 506 κυώνιοι
423 462 490 514 δὲ,
546 462 766 506 δυώδεκα·
818 458 1157 513 Λακεδαιμόνιοι
1203 460 1275 512 δὲ,
1321 461 1446 504 δέκα·

191 528 459 583 Ἐπιδαύριοι
489 530 547 581 δὲ,
577 528 713 574 ὀκτώ·
752 528 978 582 Ἐρετριέες
1007 527 1065 577 δὲ,
1096 525 1224 569 ἑπτά·
1273 527 1449 583 Τροιζή-

196 614 283 641 νιοι
320 597 389 648 δὲ,
425 597 571 642 πέντε·
613 597 802 651 Στυρέες
832 597 897 648 δὲ,
930 595 1036 640 δύο·
1081 595 1156 638 καὶ
1185 597 1332 646 Κεῖοι,
1362 595 1444 640 δύο
1502 603 1580 642 620

194 681 239 708 τε
265 665 380 716 νέας,
408 667 481 710 καὶ
502 665 870 721 πεντηκοντέρους
889 661 996 707 δύο·
1026 662 1190 716 Λοκροὶ
1223 662 1267 706 δέ
1299 675 1376 718 σφι
1407 664 1504 706 οῑ15

196 733 446 775 Ὀπούντιοι
466 733 723 789 ἐπεβώθεον,
751 729 1118 787 πεντηκοντέρους
1139 731 1308 786 ἔχοντες
1332 727 1449 773 ἑπτά.

108 805 138 848 2
189 795 329 843 Ἦσαν
362 800 441 855 μὲν
471 795 534 844 ὧν
562 796 687 844 οὗτοι
726 801 769 843 οἱ
797 799 1134 855 στρατευόμενοι
1165 797 1227 842 ἐπ’
1262 796 1450 852 Ἀρτεμί-

194 879 312 911 σιον·
368 870 533 924 εἴρηται
573 870 617 912 ὁέ
653 885 730 923 μοι
768 869 842 912 καὶ
890 867 948 919 ὡς
983 867 1032 911 τό
1074 871 1242 923 πλῆθος
1279 866 1451 909 ἕκαστοι

165 939 282 979 Ξτῶν
311 941 423 979 νεῶν
451 938 720 991 παρείχοντο.
788 935 983 991 ἀριθμός
1013 937 1059 980 δὲ
1088 939 1175 978 τῶν
1205 939 1449 990 συλλεχθει-

192 1004 305 1047 σέων
324 1007 438 1047 νεών
467 1001 531 1048 ἐπ’
558 1003 822 1061 Ἀρτεμίσιον
850 1001 919 1061 ἦν,
950 1003 1084 1059 πάρεξ
1112 1007 1201 1047 τῶν
1218 1019 1449 1058 πεντηκον-

1509 792 1656 820 Numerus
1690 800 1740 820 na-

1506 827 1584 853 vium
1621 827 1657 853 ad
1693 828 1773 854 Arte*

1507 861 1623 887 mistum
1639 861 1777 888 collema-

1508 903 1582 921 rum.
1620 895 1756 922 Sn'mmuu

1461 936 1609 974 QOearum
1648 929 1765 964 praese-

1507 966 1580 995 ctns,
1595 962 1780 998 Eum-mades

1508 996 1670 1031 Spartiata.

20 2824 34 2851 δ’

136 1184 225 1214 runt
243 1191 370 1225 naves,
393 1189 515 1229 eoque
533 1178 646 1214 simul
665 1176 789 1215 Athe-

134 1235 322 1270 niensium
334 1233 457 1270 studia
468 1235 696 1271 extulerunt.
707 1237 788 1272 Mo-

132 1292 218 1328 nuit
244 1289 491 1328 Valckenaer.
520 1290 679 1328 laudans
707 1294 790 1329 Iso-

134 1353 225 1384 crat.
262 1348 301 1383 in
339 1345 550 1384 Panathen.
590 1361 677 1399 pag.
708 1348 790 1389 242

135 1416 214 1471 seq.
239 1404 340 1454 [cap.
366 1406 414 1444 16
435 1405 535 1455 seq.]
654 1455 663 1468 Ι

191 1461 418 1505 Αθηναίων
434 1472 506 1510 σφι
517 1459 788 1510 παρεχοντων]

136 1517 192 1553 lta
212 1529 232 1552 e
251 1517 472 1553 Florentino
502 1515 589 1552 dedi
619 1529 709 1552 cum
728 1529 791 1551 re-

135 1579 250 1610 centt.
262 1572 348 1608 edd.
359 1585 427 1622 pro
441 1568 689 1622 παρεχόντων
702 1583 788 1620 σφι,

134 1627 239 1680 quod
255 1635 382 1665 tuetur
395 1626 589 1676 Matthiae,
605 1629 672 1679 qui
686 1627 790 1664 idem

134 1698 224 1722 cum
243 1684 422 1722 Bekkero
452 1697 546 1722 mox
570 1691 675 1721 tenet
695 1684 791 1724 δυο-

134 1742 319 1790 καίδεκα,
362 1740 466 1793 quod
494 1740 672 1793 equidem
702 1754 791 1778 cum

135 1800 216 1836 aliis
238 1812 258 1836 e
279 1797 427 1835 duobus
449 1797 560 1835 codd.
583 1799 730 1835 mutavi
750 1799 790 1834 in

135 1852 326 1895 δυώδεκα.
358 1855 467 1894 conf.
484 1853 620 1892 Matth.
637 1856 704 1892 Gr.
723 1856 788 1894 Gr.

134 1912 170 1958 ξ.
196 1911 275 1953 140
296 1925 383 1963 pag.
407 1910 501 1952 264.

188 1968 356 2019 Στυρέες
377 1965 436 2016 δὲ]
468 1968 568 2004 Male
584 1966 660 2004 duo
676 1966 787 2008 codd.

133 2024 329 2075 Στυριέες.
356 2025 624 2075 Intelliguutur
642 2026 789 2062 incolae

136 2079 281 2130 Styroe,
302 2093 398 2132 quae
418 2081 489 2118 fuit
502 2082 683 2118 Euboeae
700 2082 788 2118 urbs

133 2148 253 2186 prope
274 2137 494 2185 Carystum,
515 2139 683 2174 Homero
712 2139 791 2174 iam

134 2192 287 2242 cognita
321 2191 365 2227 11.
386 2191 433 2235 II,
455 2191 549 2237 539,
571 2191 662 2237 aliis,
691 2203 791 2241 quo-

134 2261 220 2286 rum
240 2248 343 2285 locos
363 2245 508 2283 dabunt
526 2247 685 2294 VVasse,
705 2249 790 2283 Du-

134 2303 217 2344 ker.
239 2311 275 2340 et
294 2306 428 2354 Poppo
450 2301 497 2339 ad
517 2301 737 2354 Thucydid.
758 2305 788 2351 I,

135 2364 162 2404 2
177 2373 264 2411 pag.
276 2362 357 2401 269
371 2359 428 2396 ed.
444 2361 605 2410 Poppo.‘
622 2361 671 2396 Et
687 2361 788 2403 conf.
802 2396 806 2400 ,

134 2418 259 2467 ipsum
296 2415 534 2453 Herodotum
583 2416 681 2463 VIII,
722 2414 789 2457 46.

134 2475 322 2511 Mannert.
337 2474 474 2523 Geogr.
496 2471 534 2510 d.
545 2473 609 2511 Gr.
625 2486 663 2509 u.
675 2474 788 2513 Rom.

3 2562 7 2574 ,
72 2544 76 2550 ·
134 2531 234 2573 VIII.
254 2544 293 2581 p.
313 2527 408 2571 264.
444 2530 529 2579 Ipsa
548 2529 635 2566 urbs
654 2530 790 2566 Malia-

137 2599 182 2624 co
203 2587 301 2624 bello
323 2598 450 2623 eversa
482 2584 630 2626 dicitur.
677 2587 788 2624 Nunc

137 2643 222 2681 loco
242 2655 385 2680 nomen
406 2641 521 2680 Stura
541 2655 569 2680 S.
587 2641 724 2680 Astura:

192 2701 260 2738 καὶ
297 2699 438 2747 Κεῖοι]
504 2699 638 2736 Plures
677 2695 788 2738 codd.

140 2757 256 2803 Κῖοι;
287 2768 403 2807 quam
432 2755 655 2802 lectionem,
689 2754 790 2792 haud

140 2811 417 2864 infrequentem
445 2812 552 2850 illam
571 2811 740 2864 quidem,
768 2825 789 2848 e

844 1179 945 1215 mala
981 1176 1170 1214 scribendi
1205 1178 1350 1213 ratione
1380 1175 1513 1212 ortam*

846 1249 924 1272 esse
943 1235 1041 1271 bene
1059 1240 1193 1270 monet
1206 1232 1419 1269 Brondsted
1438 1234 1506 1268 Iti—

845 1305 926 1328 ner.
937 1293 955 1327 Ι
975 1305 1012 1341 p.
1025 1294 1106 1331 102
1118 1291 1203 1327 coll.
1216 1304 1253 1340 p.
1265 1293 1317 1330 73
1331 1290 1507 1326 omnium

847 1348 1104 1399 copiosissime
1114 1347 1239 1384 deCeo
1252 1347 1386 1394 insula,
1403 1347 1504 1383 eius-

849 1418 923 1456 que
972 1403 1147 1447 historia‚
1207 1403 1503 1453 antiquitatibus,

847 1462 928 1497 aliis
939 1467 1115 1496 tractans.
1146 1461 1230 1509 Ipsa
1251 1460 1391 1505 civitas,
1409 1471 1505 1510 quae

845 1530 949 1553 nunc
970 1516 1050 1553 Zea
1068 1522 1244 1561 vocatur,
1278 1515 1370 1551 olim
1390 1527 1506 1551 voca—

846 1573 957 1610 batur
973 1570 1088 1619 Κέος,
1121 1572 1205 1608 Ceos
1227 1570 1386 1622 (Herod.
1405 1571 1504 1618 Vm,

847 1629 938 1677 76);
987 1630 1086 1665 cives
1120 1631 1234 1667 Κεῖοι
1262 1629 1341 1665 sive
1382 1623 1506 1677 Κήϊοι

846 1684 990 1723 Herod.
1022 1685 1086 1732 IV,
1117 1684 1183 1725 35.
1221 1685 1267 1731 V,
1293 1686 1384 1725 102.
1404 1685 1503 1732 vlu,

848 1741 914 1782 46.
932 1740 1113 1793 Thucyd.
1133 1742 1214 1789 VII,
1242 1742 1309 1782 57.

903 1798 1056 1850 Λοκροὶ
1077 1796 1118 1838 δέ
1135 1810 1208 1846 σφι
1224 1792 1504 1837 οἱὈπούντιοι

847 1852 1099 1906 ἕπεβώθεον]
1117 1856 1161 1890 In
1170 1854 1389 1891 Florentino
1403 1855 1504 1891 aliis-

848 1925 946 1964 que:
984 1907 1255 1963 ἐπεβοήθεον,
1293 1910 1342 1948 nd
1370 1912 1505 1961 vulga-

847 1982 929 2005 rem
959 1967 1112 2006 (licendi
1144 1981 1277 2015 usum,
1315 1968 1376 2004 cui
1405 1966 1446 2004 h.
1475 1968 1503 2005 l.

846 2032 1010 2077 praestat
1038 2026 1178 2062 Ionum
1206 2025 1350 2072 forma,
1386 2037 1503 2076 quam

849 2084 963 2119 etiam
993 2083 1147 2132 agnovit
1177 2079 1388 2132 Hesychius
1417 2082 1435 2116 I
1463 2094 1503 2131 p,

847 2140 942 2178 783.
977 2139 1220 2188 βωθέοντες’
1255 2139 1504 2187 βοηθοῦντες

846 2195 1016 2243 itemque
1027 2193 1238 2243 Abydenus
1249 2192 1350 2241 apud
1361 2193 1504 2228 Euseb.

847 2249 983 2298 Praep.
1006 2249 1153 2299 Evang.
1164 2249 1232 2295 IX,
1254 2246 1503 2298 14pag.416.

845 2306 907 2340 Ex
935 2303 1130 2342 Herodoto
1162 2304 1292 2341 confer
1325 2305 1371 2340 sis
1402 2304 1502 2351 VIII,

850 2359 913 2401 14.
935 2360 1001 2401 45.
1021 2359 1086 2401 47.
1108 2364 1172 2402 72.
1197 2359 1287 2400 144.
1306 2362 1376 2408 IX,
1392 2362 1444 2399 23
1466 2366 1502 2395 et

847 2430 945 2469 quae
980 2416 1116 2455 eodem
1155 2424 1349 2467 spectant:
1399 2410 1502 2466 ἐβώ-

847 2478 1005 2524 σθησαν
1018 2475 1081 2524 VJ,
1100 2476 1188 2514 131.
1210 2471 1416 2524 βεβωμένα
1434 2473 1500 2520 111,

846 2532 900 2570 39
920 2532 1003 2579 alia,
1032 2544 1129 2584 quae
1160 2529 1209 2567 ad
1234 2533 1264 2580 1,
1287 2532 1337 2571 10
1365 2535 1499 2581 protu-

844 2587 971 2624 limus.

1072 2643 1100 2678 C
1113 2655 1132 2679 a
1145 2656 1183 2692 p.
1220 2642 1269 2678 Π.

901 2696 958 2739 ’ἐπ’
986 2695 1245 2750 Ἀρτεμίσιον]
1282 2697 1392 2734 Couf.
1413 2697 1500 2741 vn,

850 2758 938 2797 176.
968 2758 1010 2792 In
1031 2755 1211 2806 proximis
1231 2756 1369 2791 retinui
1382 2755 1500 2791 libro-

847 2825 934 2850 rum
954 2820 1188 2851 vetustorum
1208 2812 1413 2850 lectionem
1439 2808 1472 2849 ωΓ
1483 2825 1503 2856 ς

1155 2871 1173 2906 1
1194 2866 1216 2891 *
