1996 3238
436 226 492 266 72

838 225 1298 264 HERODOTI

437 333 484 376 ἐν
522 336 584 391 τῷ
620 332 739 388 ἐλαίη
783 349 827 377 τε
855 334 927 378 καὶ
955 332 1156 380 θάλασσα
1183 336 1270 380 ἔνι·
1320 336 1374 379 τὰ
1415 334 1545 392 λόγος
1573 337 1693 391 παρὰ

381 521 516 545 narum
549 521 637 555 rex,
675 514 831 544 vocatur
870 505 1040 560 γηγενής

382 566 408 601 i.
430 578 462 600 e.
485 564 582 601 terrei
599 567 738 612 genitus
758 577 777 600 e
790 565 1039 602 Vulcaniscil.

382 622 529 657 semine
585 621 624 656 in
675 626 815 656 terram
864 623 1038 672 prolapso

383 675 533 724 editus,
564 684 605 714 ut
633 676 735 712 fama
764 678 919 713 ferebat.
978 677 1041 714 Ad

383 734 633 783 agriculturae
664 734 770 769 initia
798 735 836 768 in
868 734 948 770 solo
969 736 1042 771 At-

381 791 456 827 tico
478 790 563 826 talia
580 796 760 840 spectare⁷
782 791 846 825 vix
867 790 1041 842 estquod

381 860 575 883 moneam.
651 844 736 882 vid.
777 847 952 884 Creuzer.
993 847 1041 884 ad

383 903 502 942 Cicer.
561 904 618 938 De
638 909 716 939 nat.
739 901 862 939 deorr.
888 905 962 951 ΙΙΙ,
990 907 1039 945 19

382 972 470 1010 pag.
507 958 598 998 576.
629 959 703 1005 111,
744 961 798 998 22
825 972 913 1010 pag.
944 962 1038 1001 599.

383 1015 558 1066 Symbol.
579 1017 613 1051 11
633 1029 670 1065 p.
699 1016 792 1056 652.
812 1017 863 1053 lv
884 1030 920 1068 q.
943 1015 1038 1057 349.

382 1070 610 1109 Bro‘ndsted.
647 1072 672 1108 l.
702 1072 728 1108 l.
759 1073 795 1108 ΙΙ
827 1086 915 1123 pag.
946 1076 1041 1113 227.

383 1130 479 1168 231.
538 1128 740 1164 Caeterum
761 1127 855 1166 haec
886 1131 965 1181 ipsa
995 1131 1041 1166 ab

382 1183 578 1222 Herodoto
614 1186 750 1235 scripta
786 1193 893 1236 putat
925 1187 967 1223 C.
998 1188 1041 1225 O.

381 1241 531 1278 Miiller.
578 1242 636 1277 De
685 1243 846 1280 Minerv.
895 1242 1043 1280 Poliad.

382 1310 472 1348 pag.
495 1299 544 1337 18
566 1298 634 1334 sub
674 1300 828 1335 tertium
853 1299 931 1336 sere
956 1300 1045 1336 belli

383 1355 699 1404 Peloponnesiaci
741 1356 905 1403 bellum,
941 1355 1044 1407 quod

383 1409 488 1447 idem
517 1418 693 1461 posuerat
726 1413 823 1448 Rose
856 1414 1046 1464 Inscriptt.

383 1468 540 1516 Graeco.
562 1480 649 1518 pag.
676 1466 767 1507 149.

441 1522 483 1562 ἐν
505 1525 556 1575 τῷ
580 1523 695 1572 ἐλαίη,
711 1538 749 1562 τε
770 1522 837 1562 καὶ
859 1523 1044 1563 θάλασσα

384 1577 462 1628 ἔνι]
494 1581 698 1615 Neminem
718 1580 832 1630 sugit,
863 1581 902 1616 in
922 1579 1046 1617 Athe-

384 1648 525 1672 narum
559 1649 644 1672 arce
677 1635 751 1673 duo
795 1650 873 1673 esse
902 1638 1045 1688 templa

385 1693 505 1743 probe
571 1692 839 1738 discernenda,
885 1695 1045 1730 alterum

388 1750 642 1798 Παρθενῶνα
701 1749 804 1801 quod
846 1751 1045 1798 vocabant,

386 1806 548 1841 alterum
577 1807 771 1842 Minervae
791 1807 955 1843 Poliadis
984 1806 1044 1843 id-

386 1875 461 1913 que
482 1863 602 1911 magis
622 1869 831 1912 vetustum,
865 1865 927 1900 cui
954 1862 1044 1900 inde

384 1930 527 1954 nomen
549 1917 572 1958 ὁ
603 1914 764 1969 α’ρχαῖος
792 1917 892 1966 νεώς
921 1918 944 1958 o‘
972 1922 1045 1969 τῆς

386 1970 589 2020 Πολιάδος
637 1977 715 2011 sive
767 1970 790 2014 ὁ
835 1971 1044 2026 Ἐρεχθέος

386 2028 500 2080 νηὸς,
549 2028 590 2069 τὸ
631 2031 778 2081 οἴκημα
818 2027 1044 2084 Ἐρεχθεῖον

386 2087 435 2123 ob
447 2088 582 2123 cellam
593 2090 834 2134 anteriorem,
845 2102 942 2140 quae
952 2103 1044 2140 pro-

384 2144 465 2193 prie
480 2142 695 2180 Erechtheo
718 2143 889 2182 dedicata
910 2153 987 2182 erat
1008 2153 1045 2183 et

387 2212 485 2251 quae
526 2201 640 2236 etiam
670 2200 861 2238 Erechthei
887 2204 1044 2239 nomine

384 2257 500 2306 vulgo
512 2256 744 2306 significatur
761 2272 872 2294 sensu
882 2260 1044 2296 strictio-

387 2326 440 2349 re.
481 2313 564 2350 vid.
586 2320 682 2350 nott.
713 2314 760 2349 ad
782 2316 825 2360 V,
846 2318 911 2356 82.
935 2316 976 2352 C.
999 2317 1042 2352 O.

385 2370 535 2405 Miiller.
592 2371 649 2405 De
696 2371 855 2407 Minerv.
896 2371 1044 2408 Poliad.

386 2438 474 2474 pag.
497 2428 561 2466 22.
585 2426 741 2464 Siebelis
764 2426 810 2463 ad
831 2429 992 2465 Pausau.
1013 2430 1042 2475 Ι,

387 2483 440 2521 26
461 2483 497 2525 ξ.
521 2485 544 2522 6
567 2496 654 2533 pag.
684 2485 738 2523 92
758 2484 843 2520 0011.
870 2483 1043 2521 Boeckh.

386 2537 574 2587 Inscriptt.
599 2541 615 2575 l
636 2552 722 2590 pag.
745 2539 839 2580 264.
861 2543 958 2577 Rose
978 2543 1044 2577 111-

386 2594 528 2642 scriptt,
551 2596 704 2634 Graeco.
727 2609 813 2646 pag.
841 2597 916 2638 148
936 2611 1041 2649 seqq.

387 2649 430 2684 ln
455 2650 636 2686 Herodoti
656 2653 738 2688 loco
761 2661 862 2703 patet
891 2667 967 2689 non
995 2653 1042 2690 de

388 2706 482 2742 cella
505 2707 584 2754 ista,
609 2709 667 2743 cui
688 2710 878 2757 sigillatim
896 2709 1044 2747 Erech-

387 2759 466 2798 thei
487 2775 647 2809 nomen,
688 2764 754 2800 sed
795 2765 841 2802 de
881 2773 958 2803 tota
984 2768 1045 2817 agi

389 2817 503 2868 aede,
542 2821 571 2856 si
592 2819 747 2872 quidem
771 2823 853 2858 olea
884 2836 987 2860 sacra
1009 2831 1045 2861 et

1097 523 1200 545 mare
1239 522 1316 545 non
1352 510 1421 546 ista
1458 511 1498 547 in
1538 511 1632 548 cella
1660 517 1750 557 erat,

1096 565 1161 602 sed
1174 595 1183 612 ‚
1204 572 1246 602 ut
1267 564 1395 603 diserti
1423 569 1620 604 enuntiant
1640 573 1752 604 testes

1098 635 1119 658 a
1145 623 1306 659 Mtillero
1334 623 1359 659 1.
1389 623 1415 660 l.
1444 635 1533 673 pag.
1562 626 1616 663 22
1650 624 1753 660 citati

1099 677 1334 726 (Philochor.
1359 691 1418 730 ap.
1450 681 1608 730 Dionys.
1629 681 1753 716 Halic-

1099 749 1135 786 p.
1174 737 1267 775 636.
1309 748 1337 772 s.
1366 749 1405 786 p.
1441 739 1480 776 2.
1506 738 1572 776 80.
1612 736 1752 773 Siebel.

1097 789 1238 827 Athen.
1259 792 1331 827 XV
1350 805 1387 841 p.
1409 791 1488 831 694
1504 794 1568 841 D),
1590 793 1628 828 in
1650 794 1754 828 Pan-

1098 847 1253 895 droseo,
1276 860 1372 899 quae
1392 846 1492 884 aedis
1512 861 1596 900 pars
1617 847 1665 885 ad
1687 862 1755 885 oc-

1097 903 1287 941 cidentem
1325 906 1494 940 maxime
1542 906 1753 955 spectabat,

1097 967 1134 998 et
1154 960 1309 1012 quidem
1338 962 1377 997 in
1406 962 1553 1011 porticu
1584 961 1756 1012 Caryati-

1098 1016 1212 1065 dum,
1262 1025 1303 1054 ut
1339 1018 1583 1068 probabiliter
1628 1018 1756 1054 statuit
1816 1030 1819 1031 ⁷

1097 1073 1201 1111 idem
1228 1075 1376 1112 Miiller.
1408 1073 1510 1110 Add.
1550 1074 1679 1111 Stuart
1719 1080 1756 1110 et

1098 1133 1242 1169 Revett.
1264 1129 1494 1170 Altertlitim,
1515 1132 1532 1166 Ι
1553 1143 1639 1181 pag.
1660 1129 1755 1171 472.

1100 1187 1194 1229 581.
1266 1187 1375 1234 Olea,
1421 1200 1538 1239 quam
1583 1188 1756 1223 Minerva

1099 1245 1139 1280 in
1188 1257 1272 1280 arce
1323 1245 1508 1294 plantasse
1566 1243 1756 1279 ferebatur

1099 1301 1234 1351 prima,
1256 1301 1347 1336 olim
1369 1314 1435 1351 per
1455 1301 1654 1336 Graeciam
1667 1313 1755 1336 cum

1099 1369 1286 1407 perquam
1316 1369 1399 1393 rara
1431 1357 1499 1403 (cf.
1531 1357 1655 1406 ipsum
1677 1357 1758 1392 He-

1100 1412 1223 1449 rodot.
1245 1413 1299 1459 V,
1330 1416 1401 1461 82)
1434 1414 1583 1460 fuisset,
1628 1420 1758 1463 postea

1100 1470 1147 1506 ab
1171 1470 1300 1506 Atticis
1320 1468 1538 1505 hominibus
1554 1470 1757 1519 praecipue

1100 1527 1200 1563 culta
1211 1533 1276 1573 est,
1290 1532 1330 1561 ut
1341 1524 1388 1562 ad
1402 1527 1622 1576 praecipuos
1633 1527 1760 1575 regio-

1101 1583 1158 1619 nis
1174 1583 1299 1619 minus
1319 1581 1452 1618 feracis
1464 1580 1637 1634 adeoque
1647 1583 1760 1618 steri-

1101 1640 1146 1676 lis
1155 1637 1296 1675 reditus
1304 1638 1505 1675 referretur
1515 1637 1684 1690 deaeque
1699 1639 1759 1688 ip·-

1102 1697 1176 1732 sius
1188 1696 1328 1731 tutelae
1340 1696 1650 1731 committeretur.
1667 1695 1756 1731 Plu-

1103 1765 1143 1788 ra
1172 1750 1274 1788 idem
1300 1752 1448 1790 Mffller.
1479 1752 1505 1788 l.
1527 1752 1553 1788 l.
1577 1764 1665 1802 pag.
1686 1754 1754 1792 30.

1103 1811 1170 1849 31.
1199 1808 1329 1845 Stuart
1360 1815 1396 1845 et
1415 1809 1562 1846 Revett.
1584 1809 1609 1845 l.
1630 1808 1655 1846 l.
1682 1810 1699 1844 Ι
1719 1821 1759 1858 p.

1101 1863 1196 1904 497.
1254 1866 1387 1916 Itaque
1423 1866 1477 1901 nil
1513 1865 1680 1909 mirum,
1718 1866 1759 1900 iu

1098 1922 1277 1971 primaria
1327 1922 1574 1972 maximeque
1611 1928 1759 1958 vxtusta

1102 1976 1194 2013 deae
1211 1979 1358 2015 Atticae
1379 1977 1471 2014 aede
1487 1979 1623 2025 oleam,
1646 1991 1666 2013 a
1689 1977 1760 2014 dea

1100 2035 1202 2084 ipsa,
1233 2042 1275 2071 ut
1305 2035 1496 2081 ferebant,
1537 2035 1758 2085 plantatam,

1100 2104 1250 2141 semper
1264 2098 1448 2128 servatam
1470 2092 1606 2142 pieque
1617 2091 1759 2128 cultam

1102 2160 1192 2194 esse,
1214 2149 1245 2184 si
1265 2146 1421 2199 quidem
1434 2149 1472 2183 in
1492 2148 1612 2198 stirpis
1629 2160 1758 2183 emor-

1101 2210 1188 2240 tuae
1215 2205 1345 2241 locum
1384 2205 1455 2239 alia
1495 2205 1569 2239 cito
1608 2202 1757 2240 subdita

1100 2261 1224 2296 suerit.
1296 2261 1396 2296 Hinc
1436 2260 1580 2296 Plinius
1619 2262 1668 2296 H.
1709 2262 1757 2297 N.

1101 2317 1201 2363 XVI,
1213 2315 1289 2355 44:
1313 2314 1498 2362 „Athenis
1511 2329 1662 2367 qnoque
1674 2316 1757 2353 olea

1101 2371 1236 2408 durare
1275 2371 1433 2408 traditur
1472 2374 1512 2408 in
1552 2375 1757 2409 certamine

1101 2427 1199 2464 edita
1222 2441 1242 2463 a
1262 2430 1471 2465 Minerva.“
1513 2430 1637 2479 Prope
1659 2428 1756 2466 lianc

1101 2485 1224 2521 oleam
1264 2484 1329 2533 (de
1365 2498 1439 2537 qua
1468 2484 1544 2522 vid.
1583 2485 1756 2525 ciceron.

1099 2543 1157 2577 De
1188 2544 1308 2592 Legg.
1339 2544 1375 2588 l,
1412 2546 1429 2582 1
1463 2543 1589 2593 ibique
1619 2543 1755 2579 Moser.

1099 2612 1138 2649 p.
1169 2597 1194 2638 4
1235 2605 1270 2635 et
1301 2599 1527 2635 Turnebum
1561 2612 1646 2649 pag.
1676 2602 1757 2640 527

1101 2653 1161 2691 ed.
1175 2656 1236 2691 Cr.
1257 2653 1464 2705 Spanliem.
1477 2654 1523 2690 ad
1535 2654 1756 2692 Callimach-

1100 2711 1246 2747 Pallad.
1269 2713 1423 2747 Lavacr.
1452 2712 1538 2759 26.)
1569 2725 1646 2748 11011
1679 2713 1756 2748 mi-

1101 2769 1182 2804 nori
1205 2768 1386 2818 religione
1410 2776 1648 2805 consecratus
1670 2782 1754 2805 cer-

1101 2825 1262 2862 nebatur
1271 2829 1399 2875 pateus
1409 2838 1438 2862 s.
1451 2823 1536 2875 sons
1554 2838 1668 2876 aquae
1679 2825 1754 2863 sal-
