1996 3238
642 199 988 237 URANIA.
1046 200 1178 237 VIII.

1465 201 1521 241 63

261 310 386 362 ἐντὸς
426 307 650 364 οἰκημένοι
685 311 960 361 Θεσπρωτῶν
1000 309 1073 352 καὶ
1096 308 1346 365 Ἀχέροντος
1385 323 1520 352 ποτα-

258 382 358 435 μοῦ,
387 374 697 430 ἐστρατεύοντο
708 390 717 400 ·

779 377 1029 430 Θεσπρωτοὶ
1057 376 1140 431 γάρ
1172 380 1255 421 εἰσι
1285 376 1520 433 ὁμουρέον-

258 462 326 496 τες
357 441 708 501 Ἀμπρακιώτῃσι
747 445 819 487 καὶ
867 446 1173 496 Λευκαδίοισι,
1230 449 1273 489 οἳ
1314 446 1355 498 ἐξ
1401 445 1521 502 ἐσχα-

229 523 250 556 2
260 514 368 557 τέων
421 512 597 566 χωρέων
640 511 962 566 ἐστρατεύοντο.

1036 517 1136 556 Τῶν
1167 513 1212 556 δὲ
1252 514 1375 566 ἐκτὸς
1413 513 1520 558 τού-

254 597 344 624 των
376 580 631 635 οἰκημένων,
663 584 966 637 Κροτωνιῆται
995 585 1155 636 μοῦνοι
1195 576 1309 637 ἦσαν
1339 585 1381 624 οἳ
1412 581 1520 636 ἐβώ-

187 676 189 679 <
252 653 397 704 θησαν
426 653 479 705 τῇ
504 648 686 692 ‘Eudae
714 649 1056 707 κινδυνευούσῃ,
1087 651 1164 707 νηῒ
1190 653 1386 706 μιῇμτῆς
1415 646 1517 706 ἦρχε
1531 657 1574 691 10

254 716 364 773 ἀνὴρ
403 718 495 772 τρὶς
532 718 821 773 πυθιονίκης,
860 716 1074 770 Φάϋλλος.

195 883 260 919 lax
281 883 318 927 ξ.
343 884 409 922 33.
430 896 469 933 p.
494 884 545 921 12
564 879 684 916 Huds.
715 893 752 930 p.
776 880 856 921 255

197 939 294 980 Gail,
337 937 470 990 (quem
508 937 586 974 vid.
615 939 654 973 in
686 944 857 977 annotat,

194 1008 283 1047 pag·
298 998 392 1036 377.
405 994 520 1043 577.)
542 1001 655 1046 atque
675 995 858 1030 Dicaear-

194 1051 301 1090 chus.
338 1053 438 1088 Nam
458 1052 581 1088 latiori
601 1064 713 1088 sensu
734 1052 857 1087 Grae-

193 1111 294 1147 ciam
322 1110 384 1147 vel
423 1116 528 1145 extra
568 1107 638 1146 hos
673 1109 855 1145 terminos

194 1180 273 1204 esse
314 1167 520 1217 putabant,
563 1166 855 1218 quibuscunque

191 1224 283 1261 locis
316 1225 549 1260 Graecorum
591 1230 714 1260 essent
748 1224 856 1260 colo-

190 1282 290 1318 niae.
329 1282 428 1317 Hinc
448 1281 562 1331 paulo
582 1281 737 1316 inferius
759 1281 856 1316 Cro-

190 1339 356 1375 toniatae
380 1339 595 1374 referuntur
621 1336 668 1374 ad
690 1338 854 1374 Graecos

191 1392 306 1441 ἒκτός
325 1392 478 1434 τούτων
495 1393 753 1444 οἰκημένους,
781 1392 854 1430 ha-

190 1452 352 1488 bitantes
402 1452 480 1488 scil.
518 1459 624 1487 extra
668 1452 849 1487 Graeciae

191 1510 394 1545 continuae
414 1510 528 1555 fines,
559 1521 653 1559 quos
669 1507 718 1544 ad
739 1506 850 1544 The-

188 1573 405 1616 sprotorum
440 1572 579 1601 terram
609 1566 701 1615 poni
731 1563 848 1601 modo

189 1621 370 1659 diximus.
430 1621 507 1658 Sed
529 1635 674 1669 eorum,
697 1623 762 1673 qui
786 1623 849 1657 in-

187 1686 245 1716 tra
262 1678 329 1716 hos
349 1679 444 1715 fines
464 1677 635 1715 habitant
669 1679 765 1727 (τῶν
787 1677 852 1717 ἒν-

188 1732 255 1782 τός
286 1735 528 1786 οἰκημένων)
545 1766 554 1784 ,
587 1737 747 1772 extremi
770 1737 850 1772 sive

189 1794 313 1830 ultimi
332 1800 421 1830 sunt
439 1794 707 1829 Ambraciotae
736 1799 850 1844 atque

188 1849 382 1898 Leucadii,
410 1853 472 1902 qui
493 1851 576 1901 ipsi,
597 1863 718 1902 quum
739 1849 850 1886 The-

188 1909 323 1957 sprotis
352 1908 466 1944 vicini
495 1909 592 1955 sint,
624 1921 672 1944 ex
706 1908 849 1944 ultimis

190 1965 371 2000 Graeciae
410 1965 625 2014 regionibus
654 1963 849 2001 advenisse

188 2021 271 2056 iure
296 2019 485 2057 dicuntur.
510 2044 560 2048 —
592 2019 655 2057 Ad
684 2022 849 2057 sormam

188 2073 406 2128 ἐβαίθησαν
426 2076 501 2115 vid.
516 2083 612 2114 nott.
635 2076 683 2113 ad
694 2078 792 2126 VIII,
813 2081 848 2117 1.

246 2191 318 2240 τῆς
347 2183 442 2240 ἦρχε
474 2184 576 2241 οἷνήρ
598 2188 849 2238 τρὶς-πυθιο-

187 2246 321 2296 νίκης,
351 2244 550 2294 Φάῦλλος]
584 2247 709 2290 Quum
730 2260 849 2283 unam

187 2317 327 2341 navem
358 2304 404 2339 ab
441 2304 723 2353 opulentissima
752 2304 848 2341 Cro-

186 2362 416 2398 toniatarum
437 2361 584 2397 civitate
605 2358 762 2398 Graecis
777 2374 848 2397 au-

188 2419 280 2454 xilio
291 2419 445 2453 missam
461 2430 539 2453 esse
551 2430 684 2467 parum
700 2419 747 2455 sit
762 2431 847 2454 cre-

189 2473 316 2522 dibile,
329 2475 408 2512 veri
420 2475 462 2511 fit
476 2474 723 2522 simillimum,
745 2473 845 2512 hanc

187 2544 326 2569 navem
364 2544 445 2568 non
492 2531 644 2581 publice
690 2533 845 2568 missam

187 2602 285 2637 esse,
326 2587 393 2625 sed
420 2589 567 2638 privato
595 2595 750 2638 sumptu
782 2590 845 2625 in-

186 2652 368 2683 structam
390 2658 410 2681 a
432 2644 605 2695 Plzayllo,
636 2647 702 2697 qui
723 2647 845 2682 Grae-

187 2704 289 2751 ciae,
329 2704 367 2738 in
391 2715 466 2754 qua
484 2709 540 2738 tot
570 2703 731 2739 victoriis
755 2709 844 2739 tan-

186 2765 265 2796 tam
285 2760 445 2810 gloriam
461 2758 617 2810 adeptus
639 2766 736 2807 erat,
758 2761 843 2810 opi—

186 2811 381 2854 tulaturus'
395 2823 529 2869 sponte
549 2815 744 2855 advenerit
768 2830 842 2855 na-

1133 722 1434 775 Κροτωνιῆται
1472 720 1518 762 δὲ

913 881 951 917 vi
971 880 1046 918 suis
1070 881 1251 932 impensis
1271 881 1414 933 parata.
1474 881 1574 926 Quin

915 936 1060 975 disertis
1070 940 1193 975 verbis
1214 941 1388 976 enuntiat
1406 940 1574 976 Pausan-

913 996 964 1041 X,
988 997 1011 1035 9
1035 997 1071 1041 ξ.
1089 999 1123 1036 1.
1146 995 1355 1048 Phayllum
1376 1010 1465 1033 cum
1478 998 1574 1033 Per-

913 1053 960 1088 sis
984 1065 1171 1103 pugnasse
1194 1056 1301 1092 ναῦν
1327 1066 1574 1104 παρασκευα-

913 1106 1089 1159 σάμενον
1144 1110 1297 1150 οἰκείαν
1343 1112 1421 1148 sive
1469 1113 1574 1151 ναῦν

914 1163 1150 1213 ἰδιόστολον,
1174 1168 1355 1205 utscribit
1375 1167 1571 1206 Plutarch.

911 1224 1023 1261 Alex,
1046 1223 1120 1264 34:
1161 1238 1260 1277 quae
1282 1227 1359 1261 iam
1388 1227 1495 1263 attuli
1524 1224 1572 1262 ad

912 1281 1020 1328 VIII,
1047 1284 1110 1321 17.
1139 1283 1197 1318 De
1230 1282 1383 1333 Pleayllz·
1407 1284 1571 1320 victoriis

910 1339 1098 1374 consentit
1116 1340 1324 1376 Pausanias
1344 1341 1369 1376 l.
1390 1340 1417 1376 l.
1442 1341 1571 1392 Atque

910 1401 1032 1431 exstat
1065 1396 1104 1430 in
1129 1409 1217 1431 eum
1255 1397 1490 1446 epigramma
1529 1398 1571 1434 in

909 1451 1254 1501 Antholog.Palat.
1275 1454 1325 1491 T.
1343 1455 1392 1489 II.
1413 1468 1450 1505 p.
1474 1454 1570 1495 851.

907 1511 932 1548 3
952 1522 989 1558 p.
1014 1508 1107 1548 949.
1138 1508 1253 1559 Apud
1274 1510 1572 1561 Aristophanem

904 1563 1072 1605 Acharn.
1087 1568 1168 1606 210
1184 1565 1448 1618 (Both.)vesp.
1464 1570 1570 1609 1206

905 1623 970 1673 qui
998 1630 1234 1659 memoratur
1263 1624 1443 1675 Plcayllus
1481 1638 1572 1661 cur-

906 1692 968 1715 sor
989 1680 1256 1717 celeberrimus
1284 1681 1486 1734 idemque,
1527 1689 1571 1719 ut

904 1735 1117 1773 Scholiasta
1147 1736 1280 1785 tradit,
1315 1733 1570 1789 Ὀλυμπιονί-

905 1808 1002 1843 κης,
1035 1794 1080 1830 ab
1102 1792 1175 1831 hoc
1198 1795 1436 1844 Crotoniata,
1460 1797 1525 1848 qui
1546 1809 1569 1833 e

904 1851 1114 1887 Pausaniae
1129 1853 1344 1889 testimonio
1366 1866 1568 1905 nunquam

905 1908 1090 1958 Olympiis
1120 1909 1229 1957 vicit,
1270 1922 1360 1946 sane
1397 1910 1566 1947 diversus

903 1964 1073 2010 videtur,
1111 1972 1154 2002 ut
1175 1965 1321 2003 dudum
1352 1975 1454 2004 recte
1487 1974 1567 2004 sta-

903 2023 976 2057 tuit
999 2020 1248 2060 Valckenaer.
1264 2053 1274 2071 ,
1304 2026 1369 2076 qui
1393 2024 1440 2061 de
1467 2025 1565 2062 Cro-

902 2079 1046 2114 toniata
1067 2077 1229 2130 Phayllo
1251 2089 1444 2130 praeterea
1473 2094 1565 2118 con-

902 2134 992 2170 ferri
1020 2136 1101 2171 vult
1121 2136 1282 2172 Suidam
1309 2150 1338 2174 s.
1370 2151 1407 2174 v.
1424 2139 1475 2174 T.
1497 2139 1564 2175 III.

903 2203 991 2241 pag.
1017 2192 1110 2232 586.
1132 2193 1279 2229 Zenob.
1299 2193 1368 2241 IV,
1390 2197 1457 2234 23.
1479 2195 1563 2231 Eu-

902 2247 1014 2285 stath.
1032 2247 1078 2285 ad
1102 2248 1234 2300 Odyss.
1255 2250 1342 2286 VIII
1362 2265 1400 2301 p.
1422 2254 1515 2292 302.

962 2307 1239 2356 ,Κροτωνιῆται
1269 2304 1311 2345 δὲ
1343 2307 1456 2358 γένος
1486 2306 1563 2348 εἰσὶ

900 2355 1065 2411 Ἀχαιοί]
1097 2363 1343 2400 Constantem
1363 2363 1461 2401 hanc
1490 2378 1562 2401 an-

900 2419 1081 2471 tiquitatis
1111 2420 1223 2457 fuisse
1258 2421 1401 2458 famam
1431 2422 1561 2458 obser-

900 2482 965 2512 vat
982 2477 1240 2516 C.Her1nann.
1258 2479 1561 2516 Hellen.Staats-

901 2532 1050 2570 alterth.
1091 2535 1128 2578 ξ.
1174 2537 1226 2574 80
1260 2541 1340 2572 not.
1387 2536 1457 2582 15,
1492 2537 1559 2573 ubi

900 2589 1009 2639 plura
1028 2589 1128 2626 hanc
1148 2591 1186 2626 in
1218 2604 1300 2628 rem
1323 2591 1432 2629 affert
1452 2594 1560 2629 testi-

899 2648 1043 2684 monia.
1100 2648 1166 2684 Tu
1204 2647 1279 2686 vid.
1320 2651 1559 2700 potissimum

899 2703 1077 2741 Strabon.
1099 2705 1151 2742 VI
1171 2718 1210 2756 p.
1232 2708 1314 2745 262
1340 2720 1370 2744 S.
1401 2705 1482 2746 409,
1511 2708 1557 2744 B·

897 2773 974 2811 seq.
1017 2763 1116 2798 Nam
1142 2762 1389 2813 cogitandum
1418 2762 1479 2800 hic
1509 2762 1557 2800 de

897 2815 1081 2869 Achaeis,
1129 2820 1316 2871 pri01·1bus
1365 2821 1556 2859 Laconiae
