1879 3222
504 179 589 220 226

905 180 1363 219 HERODOTI

478 285 725 341 ῦσφύγετον
740 290 870 329 τοῦτο
892 285 1090 332 ἐποιέετο.
1125 292 1290 345 παρῆκε
1322 290 1368 333 δὲ
1399 288 1537 332 αὐτοῦ
1565 288 1615 332 τό
1634 299 1758 344 στρα-

506 352 716 406 τόπεδον,
757 352 995 409 ἀρξάμενον
1025 354 1110 399 ἀπὸ
1140 355 1401 410 Ἐρυθρέων,
1442 355 1562 410 παρὰ
1587 355 1754 409 Ὑσιάς·

509 421 721 465 κατέτεινε
751 422 796 463 δὲ
819 421 860 472 ἐς
888 422 967 478 τήν
991 425 1232 466 Πλαταιΐδα
1261 428 1364 479 γῆν,
1393 424 1510 477 παρὰ
1527 423 1606 467 τόν
1633 423 1757 468 Ἀσω-

483 489 599 533 6πόν
637 488 832 543 ποταμὸν
869 490 1134 544 τεταγμένον.

1195 489 1247 533 οὐ
1276 493 1424 546 μέντοι
1452 490 1504 535 τό
1536 507 1583 546 γε
1621 497 1814 547 τεῖχος25

505 561 714 601 τοσοῦτον
744 557 954 608 ἐποιέετο,
993 555 1091 599 ἀλλ’
1121 555 1180 607 ὥς
1208 557 1276 601 ἐπὶ
1305 558 1409 602 δέκα
1449 561 1652 611 σταδίους
1679 559 1756 615 μά-

505 623 628 668 λιστά
657 640 710 678 κη
731 624 928 678 μέτωπον
957 624 1149 667 ἕκαστον.

1813 649 1879 689 69ξ

478 698 499 731 7
616 689 825 746 Ἐχόντων
855 691 900 734 δὲ
931 692 1007 734 τὸν
1035 691 1176 735 πόνον
1203 694 1363 735 τοῦτον
1392 695 1479 735 τῶν
1506 692 1754 750 βαρβάρων,

507 758 747 815 Ἀτταγῖνος
771 757 793 802 ὁ
818 758 1082 813 Φρύνωνος,
1113 757 1224 815 ἀνὴρ
1249 762 1450 816 Θηβαῖος,
1486 772 1755 815 παρασκευα-

449 929 728 982 pretiosioribus
747 927 936 965 servandis
956 936 1104 967 exstru-

449 994 568 1024 ctum.
587 1008 642 1014 ——
673 984 734 1022 Ad
758 998 893 1023 vocem
922 983 1106 1038 κρησφύ-

448 1058 561 1096 γετον
579 1042 679 1080 conf.
701 1049 794 1081 nott.
818 1042 866 1079 ad
887 1042 941 1091 V,
964 1042 1032 1084 24.

504 1124 657 1172 παρῆκε
687 1118 730 1160 δὲ
760 1115 886 1160 αὐτοῦ
914 1117 958 1160 τὸ
989 1133 1101 1172 στρα-

448 1175 616 1216 τόπεδον
640 1193 674 1216 κ.
704 1192 736 1215 τ.
758 1178 811 1225 λ.]
850 1177 991 1215 Sensus
1025 1179 1100 1216 loci

445 1233 506 1271 hic
522 1235 599 1270 fere
621 1241 695 1270 est:
725 1233 855 1270 Castra
875 1236 918 1271 ab
930 1234 1101 1285 Erythris

444 1302 568 1327 exorsa
587 1293 618 1326 et
637 1290 770 1339 Hysias
778 1293 1036 1339 praetereuntia
1050 1292 1099 1328 ad

445 1346 682 1383 Plataeensem
705 1359 813 1395 usque
837 1360 964 1394 agrum
982 1350 1099 1397 perti-

398 1417 401 1421 *
441 1408 613 1447 fluerunt,
643 1402 692 1439 ad
714 1403 821 1452 Asopi
844 1406 942 1453 ripas
964 1406 1095 1454 posita.

441 1461 499 1496 De
529 1465 715 1496 snuctura
748 1460 853 1496 verbi
876 1455 1096 1526 οἷρξάηενον

441 1528 531 1552 cum
564 1516 839 1566 praepositione
874 1511 953 1555 <ino
994 1518 1094 1557 conf.

440 1570 577 1611 Matth.
621 1573 686 1607 Gi.
727 1573 790 1609 Gr.
829 1573 864 1617 ξ.
897 1574 976 1612 577
1006 1587 1095 1641 pag.

440 1629 562 1666 1100.
612 1625 721 1672 Quod
745 1640 835 1663 vero
862 1630 1095 1678 τεταγμένον

439 1681 613 1719 Reiskius
645 1688 835 1719 mutatum
864 1684 944 1719 vult
974 1686 1011 1720 in
1033 1699 1096 1723 τε-

438 1737 629 1788 ταμένον,
663 1740 742 1788 ipso
768 1739 950 1789 probante
981 1742 1095 1778 WVes-

438 1795 619 1844 selingi03
673 1794 769 1830 mihi
799 1795 953 1845 quidem
990 1798 1095 1834 nulla

438 1857 633 1901 comparet
674 1851 847 1887 mutandi
885 1855 1094 1891 necessitas,

439 1907 582 1952 Quibus
604 1905 742 1943 addere
763 1909 865 1944 iuvat
887 1909 998 1945 Gailii
1033 1912 1095 1946 iu-

437 1964 746 2014 terpretationem
781 1964 852 2011 (Le
879 1964 1010 2015 philol.
1044 1968 1094 2003 IV

435 2032 524 2070 pag.
555 2020 673 2067 283):
715 2021 896 2066 „l'armee
919 2024 1019 2059 avoit
1054 2036 1094 2060 sa

435 2074 584 2126 gauche
599 2074 621 2111 ἒῑ
642 2076 676 2111 la
692 2074 853 2112 hauteur
868 2077 1094 2130 d'Erytbres

433 2133 459 2169 i.
481 2146 514 2169 e.
537 2131 559 2167 ἐι
579 2133 694 2182 partir
715 2131 828 2169 d’uue
850 2134 951 2183 ligne
964 2136 1092 2185 piacee

435 2201 500 2225 sur
530 2189 565 2224 le
593 2189 884 2238 prolongement
926 2206 1090 2242 perpen-

436 2242 617 2282 diculaire
647 2243 681 2281 d'
702 2245 883 2297 Erythres
901 2276 908 2287 ‚
950 2247 1047 2285 douc
1068 2249 1090 2284 ὴ

433 2301 470 2337 la
508 2299 670 2337 hauteur
709 2301 744 2337 d'
786 2301 976 2353 Erythres.
1034 2307 1089 2341 La

433 2357 537 2407 ligne
553 2356 616 2393 des
628 2358 758 2395 Perses
778 2359 986 2396 s’etcndant
1005 2374 1088 2398 vers

432 2414 469 2449 le
514 2414 697 2450 territoire
756 2413 803 2450 de
864 2416 993 2452 Platee
1051 2424 1088 2455 et

432 2469 595 2507 bordaut
624 2471 647 2506 l'
670 2471 814 2521 Asope,
852 2484 899 2508 on
924 2486 970 2508 en
992 2486 1087 2510 con-

436 2526 568 2575 clura,
599 2539 673 2577 que
700 2527 735 2563 la
757 2527 876 2564 dnoite
894 2529 984 2566 etoit
1005 2544 1086 2567 vels

432 2581 562 2618 1³11th
583 2589 618 2618 et
648 2596 721 2634 que
751 2585 786 2620 la
807 2584 974 2634 gaudie,
1017 2600 1086 2638 ap-

430 2649 585 2686 Ρυμθ
577 2637 598 2673 Ξι
618 2638 797 2689 ΕΓ)ΙΙιῐ·ε·5
817 2642 983 2691 longeoit
1003 2646 1084 2694 Hy-

433 2694 527 2728 sies!
603 2696 673 2738 Oui
695 2696 796 2733 idem
817 2699 914 2735 Gaii.
948 2713 985 2750 p.
1002 2701 1084 2741 285

431 2749 546 2788 veiha
575 2748 614 2796 ἐς
651 2766 724 2801 την
758 2756 980 2796 Πλαταιΐδα
1006 2759 1082 2809 γῆν

1158 936 1273 980 negat
1307 927 1414 967 reddi
1448 941 1583 980 posse:
1627 930 1741 980 iusqu’
1764 943 1812 968 au

1159 988 1330 1024 terrz‘toire
1362 987 1402 1024 de
1426 986 1569 1034 Plate‘e‚
1601 999 1721 1039 quum
1740 999 1813 1038 po·-

1157 1044 1229 1080 tius
1249 1044 1422 1081 valeant:
1452 1044 1531 1091 „les
1551 1044 1682 1080 Perses
1704 1056 1813 1080 cam-

1155 1100 1223 1150 pes
1245 1102 1268 1136 ιὶ
1293 1100 1330 1137 la
1352 1112 1415 1137 vae
1439 1100 1479 1136 cle
1500 1112 1550 1136 ou
1569 1112 1646 1137 vers
1664 1100 1702 1137 la
1717 1100 1808 1136 Pla-

1155 1156 1296 1194 teidef‘
1367 1156 1550 1206 Erythrae
1600 1155 1649 1192 ad
1694 1157 1810 1204 viam,

1155 1226 1251 1264 quae
1302 1213 1460 1250 Scolum
1515 1213 1685 1249 Plataeas
1736 1211 1814 1249 du-

1155 1271 1263 1306 cebat
1278 1299 1289 1317 ‚
1323 1269 1566 1320 probabiliter
1603 1271 1695 1306 sitae
1729 1269 1813 1306 fue-

1154 1333 1242 1362 runt
1257 1327 1316 1363 vel
1331 1328 1370 1361 in
1385 1327 1467 1377 ipso
1484 1332 1615 1362 monte
1633 1326 1694 1363 vel
1710 1332 1811 1362 certe

1153 1383 1194 1418 in
1240 1383 1318 1419 eius
1369 1381 1640 1419 declivitatibus
1687 1394 1811 1435 eoque

1154 1439 1269 1475 etiam
1279 1438 1368 1475 hinc
1380 1439 1545 1475 referunt
1555 1440 1682 1475 ruinas
1698 1450 1811 1490 quas-

1154 1494 1244 1532 dam
1274 1508 1296 1531 a
1323 1494 1434 1532 docto
1454 1496 1581 1545 Auglo
1605 1496 1657 1531 ibi
1677 1495 1809 1532 inven-

1150 1558 1219 1588 tas.
1279 1551 1357 1589 Sed
1391 1553 1622 1588 accuratiora
1656 1550 1703 1587 de
1735 1552 1809 1587 situ

1150 1608 1252 1644 urbis
1273 1607 1397 1644 adhuc
1421 1607 1568 1648 desunt.
1589 1606 1671 1645 Vid.
1688 1608 1808 1643 Kruse

1149 1664 1247 1698 Hell.
1269 1665 1323 1710 11,
1349 1667 1365 1701 1
1390 1676 1477 1713 pag.
1500 1663 1592 1704 597.
1642 1664 1699 1699 De
1727 1664 1808 1713 ipsa

1149 1720 1315 1756 nominis
1336 1721 1518 1769 scriptura
1536 1747 1545 1766 ‚
1577 1718 1652 1770 quit
1670 1720 1807 1756 Nostro

1150 1788 1300 1825 semper
1319 1771 1524 1827 Ἐρυθραί,
1545 1782 1587 1811 ut
1609 1774 1808 1826 Thucydi-

1151 1830 1190 1867 di
1210 1833 1261 1867 111
1278 1861 1287 1878 ,
1317 1832 1368 1871 24
1392 1833 1470 1879 (ubi
1499 1831 1600 1871 conf.
1621 1833 1807 1882 interpre-

1150 1888 1223 1936 tes)
1247 1887 1323 1928 vid.
1346 1895 1437 1926 nott.
1461 1886 1509 1924 ad
1529 1888 1566 1934 1,
1600 1887 1688 1927 142.
1708 1888 1807 1925 Pro-

1147 1945 1276 1980 ximae
1316 1943 1488 1995 Erythris
1519 1943 1627 1980 fuere
1653 1944 1806 1995 Hysiae‚

1151 2002 1255 2037 cuius
1295 1999 1418 2037 adhuc
1455 1999 1644 2052 quaedam
1673 2002 1805 2037 ruinae

1151 2064 1295 2094 exstare
1317 2056 1494 2094 dicuntur
1509 2070 1554 2094 eo
1573 2057 1671 2105 loco,
1689 2069 1806 2109 quem

1149 2127 1253 2150 nuuc
1283 2121 1419 2151 vocant
1443 2112 1582 2150 Calivia
1602 2127 1633 2153 s.
1659 2120 1701 2150 ut
1724 2114 1803 2151 aliis

1147 2171 1289 2220 placet,
1340 2169 1512 2206 Platana.
1568 2168 1653 2208 vid.
1682 2171 1803 2207 Kruse

1145 2227 1170 2264 Ι.
1189 2227 1212 2262 Ι.
1232 2239 1316 2275 pag.
1334 2226 1413 2266 596
1429 2239 1509 2277 seq.
1530 2232 1567 2262 et
1587 2226 1688 2264 conf.
1703 2233 1801 2265 nott.

1145 2281 1193 2318 ad
1213 2281 1354 2318 Herod.
1376 2282 1429 2330 V,
1451 2283 1520 2323 74.

1196 2355 1440 2413 Ἀτταγῖνος]
1470 2359 1579 2398 Idem
1607 2374 1799 2400 memora-

1142 2424 1204 2453 tur
1236 2419 1314 2464 lx,
1345 2420 1398 2459 86
1431 2425 1466 2454 et
1505 2417 1608 2469 apud
1635 2420 1796 2458 Pausan.

1143 2475 1233 2519 vll,
1280 2477 1329 2514 10
1361 2475 1397 2520 ξ.
1422 2478 1440 2515 1
1488 2476 1586 2512 inter
1616 2476 1797 2512 Graeciae

1142 2530 1377 2581 p1·0ditores;
1426 2529 1605 2583 idemque
1652 2543 1796 2568 nomen

1142 2590 1256 2624 etiam
1291 2587 1487 2624 Athenaeo
1530 2588 1687 2624 restituit
1720 2589 1795 2625 Ca-

1141 2646 1328 2681 saubonus
1348 2645 1399 2680 IV
1413 2674 1423 2694 ‚
1454 2647 1506 2684 30
1527 2657 1564 2693 p.
1594 2643 1672 2685 148
1693 2646 1739 2682 E.
1754 2658 1795 2696 p.

1142 2704 1191 2742 81
1229 2698 1468 2751 Schweigh„
1497 2700 1564 2737 ubi
1593 2700 1642 2737 ad
1669 2703 1794 2739 Hero-

1139 2758 1215 2796 doti
1254 2759 1381 2795 locum
1427 2758 1623 2808 respicitur
1641 2787 1652 2806 ‚
1705 2759 1791 2798 coll.
