1879 3222
230 203 313 245 396
773 202 1151 242 ΟΟΜΜΕΝΤΑΤΙΟ

229 318 297 357 87.
326 316 388 362 IV,
421 315 485 356 99.
523 316 650 366 Heyse
678 316 704 354 1.
735 315 761 354 Ι.
790 327 830 365 Ρ.
863 314 953 356 134.
1009 315 1087 353 Sed
1127 315 1276 354 Pontum
1315 316 1520 367 Euxinum,
1571 318 1703 370 Bospo-

228 384 318 418 rum,
347 371 599 422 Propontidem,
631 371 891 421 Hellespontum
918 372 1015 409 bene
1044 374 1148 409 novit
1177 374 1275 424 ipse,
1305 387 1499 411 mensuras
1528 383 1704 414 accurate

227 427 410 465 iudicans.
466 428 551 466 Vid.
589 428 660 475 IV,
690 429 739 467 81
770 434 866 464 nott.
895 428 967 475 IV,
998 430 1062 469 85.
1091 429 1175 478 Vn,
1207 430 1273 468 34.
1336 430 1523 468 Thraciam
1551 444 1704 484 quoque

226 485 298 535 ipsi
329 484 521 534 cognitam
550 484 661 520 fuisse
690 491 901 521 monstrant
927 483 967 520 hi
986 485 1077 520 loci:
1109 486 1155 532 11,
1192 488 1284 526 103.
1313 487 1376 531 IV,
1406 490 1472 527 33.
1502 486 1568 527 74.
1625 489 1705 524 Ne-

227 553 304 592 que
332 553 422 579 vero
443 540 491 578 ad
522 541 716 577 interiores
745 547 883 578 tractus
912 547 1123 590 penetrasse
1159 540 1305 578 videtur
1338 543 1406 587 (cf.
1438 543 1482 590 V,
1513 546 1538 583 2
1575 543 1704 596 ibique

225 603 322 634 nott.
361 596 416 644 V,
450 599 488 636 3.
523 599 620 646 10),
667 595 734 634 sed
761 598 800 634 in
838 596 1073 632 meridionali
1102 603 1222 632 tractu
1257 610 1297 634 se
1334 600 1559 636 continuisse
1590 601 1705 637 maris

225 666 332 690 oram
359 650 609 704 'potissimum
647 653 777 703 legens
804 652 971 704 indeque
1001 653 1114 688 etiam
1143 653 1281 690 Xerxis
1309 654 1380 690 iter
1406 668 1521 706 quam
1550 669 1705 693 accura-

223 711 364 747 tissime
393 710 514 761 potuit
543 708 775 747 describens:
807 721 928 760 eoque
946 709 1147 758 pertinent,
1181 721 1281 758 quae
1308 711 1388 756 VII,
1419 711 1485 752 58.
1512 713 1578 752 59.
1611 715 1704 753 108.

226 769 317 807 109.
352 769 442 806 111.
477 768 554 806 112
579 766 777 815 leguntur,
807 777 906 816 quae
935 764 982 801 de
1011 763 1141 801 Thaso
1170 765 1219 810 ΙΙ,
1248 763 1313 806 44,
1354 767 1417 811 ΥΙ,
1446 766 1498 806 47
1539 767 1586 804 de
1629 769 1704 806 Sa-

223 820 420 859 mothrace
448 822 502 869 II,
533 823 609 869 51,
643 821 691 857 de
720 821 952 858 Chersoneso
983 821 1052 867 vl,
1084 823 1150 861 36.
1179 822 1271 869 ΥΙΙ,
1302 824 1370 863 33.
1399 821 1466 862 58.
1494 823 1576 872 ΙΧ,
1610 827 1701 866 116.

225 881 318 927 120,
349 884 461 930 atque
491 876 538 914 de
570 878 815 928 Hellesponto
837 877 900 926 IV,
930 877 982 917 95
1012 876 1224 918 traduntur.

334 980 399 1017 Sic
430 992 582 1031 quoque
611 977 846 1016 IlIocedom'ae
874 991 980 1016 oram
1008 979 1238 1016 maritimam
1265 979 1400 1031 legens
1428 977 1595 1027 audivit,
1620 979 1714 1031 opi-¹

220 1049 311 1083 nor,
344 1049 440 1088 quae
470 1035 516 1072 de
544 1037 784 1073 interioribus
817 1035 1064 1072 Macedoniae
1095 1037 1309 1087 regionibus
1338 1050 1374 1074 v.
1394 1050 1426 1073 c.
1448 1035 1495 1073 de
1525 1037 1704 1074 Crestone

219 1094 251 1129 1.
283 1094 349 1133 57.
381 1093 478 1140 VIII,
515 1094 589 1132 138
620 1093 765 1139 retulit,
798 1098 908 1129 testes
939 1094 1056 1129 citans
1085 1092 1312 1131 Macedones
1354 1094 1400 1141 V,
1429 1095 1496 1132 22.
1525 1093 1605 1140 ΥΠ,
1635 1096 1704 1134 73.

220 1149 330 1196 vlu,
371 1150 462 1188 138.
518 1149 568 1185 Et
610 1161 845 1200 quamquam
884 1162 1007 1200 nuper
1035 1150 1184 1195 exstitit,
1216 1147 1256 1198 ἐ)
1296 1150 1361 1201 qui
1397 1147 1636 1186 Herodotum
1662 1150 1704 1186 in

218 1206 358 1242 Xerxis
395 1206 528 1241 itinere
567 1218 634 1255 per
670 1204 938 1242 Macedoniam
975 1205 1178 1243 indicando
1215 1207 1266 1242 ita
1297 1207 1444 1256 lapsum
1476 1204 1631 1253 diceret,
1660 1212 1705 1243 ut

219 1263 341 1312 ipsam
369 1260 631 1298 Macedoniam
661 1261 792 1299 adiisse
812 1262 970 1298 minime
988 1263 1034 1299 sit
1055 1262 1243 1313 putandus
1264 1261 1439 1299 historiae
1459 1269 1577 1313 pater,
1593 1263 1705 1314 equi-

220 1317 311 1354 dem
340 1331 417 1354 non
447 1319 556 1354 facile.
587 1318 759 1354 animum
788 1317 968 1355 inducere
998 1331 1171 1368 possum,
1202 1326 1255 1366 ut,
1286 1331 1383 1369 quae
1413 1326 1492 1355 tam
1528 1325 1703 1355 accurate

217 1375 352 1411 Noster
381 1375 505 1411 retulit
545 1373 592 1411 de
630 1376 694 1412 illa
723 1382 820 1412 terra
850 1375 949 1422 Vm,
983 1378 1073 1415 113.
1108 1374 1199 1414 114.
1234 1376 1325 1416 115.
1362 1377 1451 1414 122.
1487 1377 1578 1415 123.
1611 1374 1702 1414 124.

222 1433 300 1471 127
331 1432 415 1468 coll.
446 1432 490 1478 V,
525 1431 700 1471 15—17
740 1439 776 1468 et
811 1431 876 1479 IV,
911 1433 962 1471 33
993 1431 1072 1478 fin„
1103 1429 1150 1468 de
1178 1429 1332 1468 Athone
1361 1437 1491 1467 monte
1523 1431 1606 1476 ΥΠ,
1634 1432 1703 1472 22,

218 1489 272 1526 23
304 1486 350 1523 de
379 1488 536 1525 Pallene
562 1488 661 1534 VIII,
697 1490 788 1536 129,
830 1500 907 1524 non
938 1488 1009 1523 nisi
1039 1489 1199 1524 aliorum
1229 1501 1250 1524 e
1281 1488 1518 1524 sermonibus
1552 1486 1703 1523 fluxisse

217 1550 362 1592 putem.
418 1546 516 1589 Quin
546 1543 649 1580 haud
679 1545 755 1581 scio
786 1557 834 1580 an
864 1543 939 1580 huc
968 1544 1029 1581 vel
1058 1543 1153 1581 illud
1182 1545 1312 1581 referri
1328 1545 1454 1595 possit,
1485 1542 1588 1595 quod
1611 1543 1704 1578 Pel-

216 1599 276 1635 lae
304 1601 343 1636 in
363 1601 443 1650 ipsa
471 1599 696 1638 Macedonia
717 1601 909 1650 sepultum
938 1612 1016 1637 esse
1046 1600 1283 1638 Herodotum
1313 1600 1467 1652 quidam
1489 1598 1703 1650 perhibent.

216 1654 304 1692 vid.
333 1669 445 1706 supra
475 1659 513 1702 §.
549 1659 587 1696 6.
644 1655 805 1703 Eodem,
839 1657 986 1705 opinor,
1017 1657 1150 1693 itinere
1185 1657 1387 1694 Thessaliae
1419 1669 1525 1693 oram
1555 1657 1703 1705 ingres-

215 1724 278 1748 sus
307 1712 458 1762 Tempe
478 1711 569 1749 adiit
595 1712 693 1759 (VII,
715 1714 792 1752 128
821 1710 912 1748 ibid.
943 1718 1036 1750 nott.
1058 1713 1140 1757 VH,
1174 1714 1267 1760 173)
1297 1711 1462 1762 indeque
1492 1723 1560 1761 per
1574 1712 1702 1748 Thes-

215 1768 348 1806 saliam
380 1769 480 1817 (ΥΠ,
514 1770 608 1808 129.
642 1766 740 1817 183)
774 1766 1083 1817 Thermopylarum
1112 1768 1237 1804 fauces
1267 1769 1441 1815 intravit,
1480 1766 1528 1804 de
1557 1780 1630 1819 qua
1660 1779 1702 1803 re

217 1823 297 1861 dixi
326 1825 364 1860 in
393 1832 473 1861 not.
502 1824 551 1861 ad
580 1825 659 1869 ΥΠ,
689 1823 785 1863 225.
842 1822 904 1860 Ad
934 1823 1116 1860 Dmlonam
1147 1825 1340 1860 accessisse
1370 1825 1545 1860 coniicias
1576 1837 1624 1859 ex
1651 1824 1701 1871 11,

216 1882 271 1923 52
300 1881 385 1927 coll,
416 1881 480 1921 53,
514 1880 566 1920 55
596 1881 690 1926 init.,
720 1880 888 1930 itemque
918 1878 966 1915 ad
995 1879 1186 1930 Delphos,
1217 1881 1270 1916 uti
1299 1886 1399 1916 recte
1430 1881 1552 1929 posuit
1570 1881 1695 1929 Heyse

215 1938 242 1974 l.
271 1938 296 1974 l.
327 1949 412 1987 pag.
447 1936 537 1982 124,
594 1937 689 1974 Abas
718 1948 870 1987 quoque
902 1935 1140 1972 Herodotum
1168 1937 1313 1972 venisse
1343 1936 1546 1972 coniiciens
1571 1936 1702 1984 (vul,

216 1996 283 2034 27.
314 1992 397 2042 33),
429 1992 714 2043 Parnassnmque
743 1991 950 2029 escendisse
980 1994 1102 2039 (wll,
1133 1995 1196 2032 32.
1227 1995 1298 2039 39)
1341 1999 1377 2029 et
1407 1992 1572 2029 Doridem
1600 1993 1703 2029 iuvi-

215 2050 490 2096 sisseYlII,31.
536 2048 654 2086 Addit
681 2047 787 2085 idem
817 2051 941 2100 Heyse
970 2063 1007 2099 p.
1036 2049 1109 2090 124
1128 2048 1247 2086 videri
1265 2047 1502 2086 Herodotum
1530 2048 1702 2086 Aetoliam

217 2119 369 2159 quoque
400 2104 532 2143 adiisse
553 2113 590 2143 et
604 2108 859 2153 Acarnaniam,
889 2106 974 2142 coll.
1004 2106 1128 2152 II,10.
1161 2105 1341 2143 Boeotiam
1360 2113 1498 2142 terram
1528 2112 1701 2142 accurate

216 2176 306 2199 eum
334 2163 594 2213 perlustrasse,
626 2175 748 2199 nonus
777 2163 872 2198 liber
900 2163 985 2198 satis
1014 2161 1181 2209 indicat,
1220 2163 1318 2198 bene
1346 2168 1527 2198 monente
1563 2160 1700 2198 eodem

215 2221 353 2271 Heyse,
380 2220 446 2270 qui
481 2220 653 2270 inprimis
683 2218 824 2255 attendi
853 2219 933 2255 vult
962 2217 1010 2254 acl
1039 2219 1107 2264 IX,
1145 2217 1208 2258 15.
1243 2221 1304 2258 16.
1333 2217 1399 2257 25.
1430 2219 1496 2258 51.
1533 2216 1601 2257 52.
1644 2215 1698 2258 85

215 2290 295 2327 seq.
342 2275 480 2313 Thebas
499 2277 644 2313 venisse
658 2273 907 2322 Herodotum,
940 2275 1093 2325 colligas
1123 2287 1169 2309 ex
1199 2274 1243 2320 V,
1274 2276 1326 2315 59
1350 2274 1435 2310 coll.
1465 2275 1496 2322 I,
1526 2273 1592 2312 52.
1623 2275 1699 2321 92;

216 2333 356 2370 Decium
385 2332 465 2380 (VI,
500 2332 610 2380 118),
643 2331 767 2368 Ρ«ὐῑιηι
798 2332 892 2379 (VII,
930 2333 1038 2379 135),
1073 2330 1320 2367 Orchomenum
1351 2328 1436 2381 (IX,
1467 2329 1537 2378 16)
1567 2327 1699 2366 adiisse

215 2390 323 2425 illum
353 2389 546 2438 probabile
580 2387 729 2425 videtur
759 2389 898 2438 lleysio
928 2387 952 2424 l.
983 2388 1009 2423 1.
1069 2388 1172 2432 Quae
1199 2388 1378 2437 contigua
1409 2393 1462 2423 est
1489 2387 1612 2424 Attica
1635 2397 1698 2421 re-

216 2446 299 2495 gio,
334 2447 411 2482 eius
441 2445 626 2481 ambitum
656 2445 798 2495 optime
829 2444 956 2490 novit,
984 2441 1060 2480 vid.
1091 2443 1153 2490 IV,
1183 2444 1248 2482 99.
1306 2444 1548 2490 Athenienses,
1596 2439 1697 2491 apud

216 2514 311 2554 quos
341 2500 573 2552 aliquamdiu
601 2507 880 2538 commoratum
910 2514 988 2536 esse
1016 2512 1127 2550 supra
1158 2501 1375 2549 posuimus,
1413 2500 1559 2548 saepius
1586 2503 1696 2534 testes

216 2556 369 2595 adhibet
398 2559 442 2604 V,
463 2560 527 2598 63.
558 2558 625 2599 85.
655 2561 720 2599 87.
750 2558 814 2604 VI,
839 2557 905 2597 75.
934 2559 1019 2597 137.
1054 2558 1145 2595 133.
1175 2556 1254 2604 vll,
1290 2558 1378 2596 189.
1405 2556 1506 2602 VIII,
1533 2552 1598 2593 41.
1628 2550 1695 2592 84.

215 2613 284 2655 94.
313 2614 381 2660 IX,
409 2616 475 2662 73,
505 2615 682 2667 urbisque
712 2612 951 2651 Athenarum
980 2613 1238 2663 coguifiouem
1266 2611 1391 2664 prodit
1419 2617 1560 2649 certam
1587 2610 1635 2658 11,
1655 2610 1693 2647 7.

307 2804 341 2846 *)
366 2802 431 2836 vid.
456 2802 500 2836 T.
525 2800 575 2834 111
599 2811 632 2844 p.
658 2801 734 2836 825.
