1879 3222
119 595 258 631 Lycidas,
273 598 396 623 senator

120 630 307 657 Atheniensis
329 637 395 656 cum

120 671 210 691 uxore
233 663 396 698 liberisque

118 697 265 732 lapidibus
291 697 376 724 obru—

118 733 178 764 tus,
194 729 272 765 quod
289 737 393 766 pacem

119 766 272 793 euasisset.

448 166 531 207 210

842 160 1297 198 HERODOTI

449 274 588 317 ναίων
620 268 674 314 οὐ
704 270 852 325 φιλίας
878 268 1063 326 γνώμας,
1092 268 1269 322 ἐλπίζων
1297 267 1344 311 δέ
1364 278 1498 323 σφεας
1512 265 1699 322 ὑπήσειν

446 345 522 396 τῆς
552 338 874 394 ἀγνωμοσύνης,
896 337 954 388 ώς
984 335 1254 390 δοριαλώτου
1283 334 1438 391 ἐούσης
1455 334 1596 389 πάσης
1624 338 1699 389 τῆς

441 407 630 461 Ἀττικῆς
658 405 824 460 χώρης,
865 405 937 448 καὶ
973 403 1129 459 ἐούσης
1159 403 1240 460 ἤδη
1269 402 1342 447 ὑπ’
1384 403 1542 457 ἑωυτῷ.
1601 400 1754 443 τού-45

446 491 533 518 των
565 474 644 529 μὲν
673 474 815 516 εἵνεκα
854 471 1071 528 ἀπέπεμψε
1102 473 1392 526 Μουρυχίδην
1431 471 1472 521 ές
1511 472 1701 523 Σαλαμῖ-

356 529 388 576 5
450 560 519 587 να.
573 541 628 584 ‘O
658 540 725 593 δὲ,
757 539 1017 595 ἀπικόμενος
1045 538 1113 581 ἐπὶ
1142 538 1219 592 τὴν
1257 536 1441 593 βουλὴν,
1491 537 1603 590 ἔλεγε
1647 534 1700 577 τὰ

451 608 571 663 παρὰ
597 609 872 662 Μαρδονίου.
901 611 989 650 τῶν
1020 606 1064 649 δὲ
1096 606 1363 661 βουλευτέων
1391 606 1584 659 Λυκίδης
1611 600 1701 646 εἷπε

448 676 649 734 γνώμην,
695 674 753 726 ὥς
787 677 859 726 ,,οῖ
896 674 1038 718 ἐδόκεε
1067 672 1248 729 ἄμεινον
1279 670 1405 723 εἶναι,
1447 670 1705 727 δεξαμένους

454 744 556 799 „niv
595 742 729 798 λόγον
768 742 846 785 τόν
874 753 953 796 σφι
982 741 1268 796 Μουρυχίδης
1293 737 1527 793 προφέρει,
1558 738 1761 790 {gemat-50

423 820 558 866 2,,και
587 811 630 861 ἐς
658 810 737 852 τόν
767 811 947 865 δῆμον.“
1006 807 1029 853 ὁ
1060 808 1138 865 μὲν
1167 805 1220 863 δή
1251 804 1412 860 ταύτην
1438 804 1517 860 τὴν
1531 805 1706 860 γνώμην

452 880 726 933 ἀπεφαίνετο,
757 877 797 919 εἴ
822 892 865 919 τε
891 875 943 932 δη“
965 877 1215 932 δεδεγμένος
1234 870 1430 929 χρήματα
1445 871 1563 926 παρὰ
1577 875 1706 925 Μαρ-

422 948 631 997 3δονίου,
671 946 710 987 εἴ
735 961 778 988 τε
809 946 852 987 οἱ
880 945 953 988 καὶ
981 949 1117 988 ταῦτα
1146 943 1338 988 ἑάνδανε.
1396 939 1631 996 Ἀθηναῖοι
1660 937 1707 982 δὲ
1766 943 1768 945 ’

452 1013 608 1058 αὐτίκα
647 1013 791 1055 δεινὸν
825 1012 1131 1068 ποιησάμενοι,
1179 1011 1226 1053 οἴ
1256 1025 1300 1052 τε
1339 1007 1385 1052 ἐκ
1422 1012 1499 1064 τῆς
1545 1009 1707 1064 βουλῆς

450 1082 524 1125 καὶ
563 1082 606 1124 οἱ
631 1080 810 1131 ἔξωθεν,
849 1079 908 1131 ώς
938 1079 1176 1128 ἐπύθοντο,
1215 1076 1487 1130 περιστάντες
1516 1076 1761 1118 Λυκίδεα55

450 1149 712 1192 κατέλευσαν
742 1146 997 1204 βάλλοντες,
1033 1145 1113 1191 τὸν
1143 1145 1189 1189 δὲ
1215 1143 1547 1203 Ἑλλησπόντιον
1576 1145 1707 1186 Μου-

390 1341 467 1381 vid.
488 1339 623 1379 Matth.
646 1341 711 1379 Gr.
726 1340 790 1378 Gr.
814 1341 851 1387 ξ.
870 1342 949 1381 338
961 1353 1049 1391 pag.

391 1398 485 1440 646.
524 1400 618 1435 Mox
646 1398 777 1448 scripsi
805 1394 1050 1447 δοριαλώτου

390 1469 458 1507 pro
499 1450 765 1507 δορυαλώτου.
830 1453 915 1491 Vid.
954 1460 1050 1494 nott.

391 1509 658 1561 adv111‚74.

635 1599 728 1649 cap.
758 1598 805 1637 V.

449 1673 615 1726 ἄμεινον
652 1672 780 1725 εἶναι]
827 1673 913 1711 Vid.
952 1682 1049 1712 nott.

393 1731 535 1782 ad111,
557 1735 625 1773 71.
656 1731 716 1768 Ad
736 1744 839 1783 seqq.
863 1730 1051 1778 ἐξενεῖκαι

391 1788 432 1835 ἐς
455 1786 525 1829 τδν
555 1789 685 1838 δῆμον
714 1787 791 1825 vid.
814 1794 909 1824 nott.
936 1787 984 1824 ad
1004 1788 1049 1836 V,

391 1847 459 1887 79.
518 1845 729 1895 Opponitur
750 1851 878 1880 autem
897 1846 952 1896 τῷ
977 1839 1053 1894 δή·

394 1916 453 1955 μῳ
476 1902 516 1937 ἰιι
541 1903 714 1951 proxime
742 1900 1051 1937 antecedentibus

392 1956 422 2008 ἦ
443 1954 582 2008 βουλή,
605 1960 671 2009 qui
689 1964 838 1994 senatus
861 1964 913 1993 est
935 1957 1051 2002 Quin-

393 2021 597 2063 gentorum
630 2012 789 2050 Athenis
816 2014 1051 2052 constitutus.

393 2072 574 2107 Formam
595 2066 762 2109 ἑάνδανε
780 2068 908 2106 laudat
917 2068 1052 2107 Matth-

394 2127 461 2166 Gr.
484 2128 550 2163 Gr.
572 2127 609 2171 ξ.
634 2129 707 2166 161
732 2138 818 2177 pag.
841 2127 934 2167 297.
989 2125 1051 2163 Ad

393 2184 628 2220 locutionem
667 2180 797 2221 δεινὸν
831 2179 1053 2234 ποιησάμε-

393 2254 458 2279 νοι
476 2238 553 2276 vid.
574 2245 670 2276 nott.
692 2238 739 2275 ad
758 2240 811 2275 ΙΙΙ
827 2270 838 2287 ,
865 2239 925 2278 14.

450 2294 703 2343 κατέλευσαν]
726 2294 810 2336 vid.
832 2297 876 2341 V,
897 2298 961 2335 38.
982 2296 1050 2341 ΙΧ,

397 2353 476 2392 120
497 2359 534 2388 et
556 2350 603 2388 de
624 2352 704 2402 ipso
717 2353 890 2403 supplicii
913 2364 1051 2401 genere

395 2414 491 2444 nott.
514 2406 561 2444 ad
588 2408 638 2452 V,
671 2410 737 2448 67.
785 2406 973 2445 Larchcro
1004 2406 1052 2444 ad

397 2461 490 2501 haec
507 2465 688 2515 respicere
720 2462 869 2502 videtur
890 2466 1054 2515 Lycurg.

397 2519 479 2556 adv.
518 2522 688 2558 Leocrat.
724 2534 762 2571 p.
787 2522 862 2563 165
892 2521 947 2571 [p.
971 2523 1046 2560 221

398 2581 434 2610 et
469 2579 548 2616 222
575 2577 640 2625 R]
673 2576 844 2628 Sequens
874 2575 1053 2616 Λυκίδεα

399 2632 518 2680 attigit
538 2632 670 2669 Matth.
693 2634 760 2675 Gr.
794 2636 859 2672 Gr.
880 2635 916 2679 ξ.
938 2635 1002 2680 91,
1029 2636 1047 2674 1

398 2699 485 2737 pag.
511 2688 602 2728 195.
649 2691 742 2726 Mox
772 2704 861 2728 cum
891 2696 1049 2729 recentt.

400 2742 572 2780 dedimus
590 2756 599 2781 τ
621 2742 664 2784 τὸ
686 2744 897 2799 γινόμενον
921 2745 965 2787 αἴ
984 2761 1051 2799 γυ-

1108 1341 1262 1386 ναῖκες,
1291 1338 1357 1375 ubi
1376 1337 1513 1387 vulgo:
1545 1334 1590 1375 αἱ
1621 1336 1763 1387 γυναῖ-

1106 1410 1172 1442 κες
1205 1392 1250 1434 vd
1289 1389 1521 1447 γινόμενον,
1551 1390 1655 1444 quod
1674 1390 1764 1428 reti-

1107 1453 1189 1489 nuit
1209 1459 1292 1502 post
1303 1449 1554 1489 Schaeferum
1569 1445 1764 1485 Matthiae.

1105 1510 1163 1545 De
1201 1509 1276 1545 loci
1315 1513 1538 1558 argumento
1576 1505 1676 1542 bene
1712 1504 1764 1540 ita

1108 1564 1253 1602 disserit
1292 1563 1508 1602 Valcken.
1565 1560 1700 1610 „Idem
1732 1560 1763 1596 si

1105 1621 1226 1657 satum
1248 1627 1335 1656 ante
1351 1619 1484 1656 decem
1504 1630 1652 1654 menses
1671 1617 1762 1652 sub-

1106 1677 1199 1712 ierat
1235 1676 1420 1726 Cyrsilus,
1451 1675 1591 1711 mirum
1613 1680 1667 1709 est
1687 1671 1763 1708 hu-

1106 1733 1163 1769 ius
1192 1733 1367 1782 exemplo
1395 1744 1472 1767 non
1502 1731 1615 1766 fuisse
1648 1729 1763 1778 Lyci-

1108 1788 1196 1825 dam
1218 1787 1451 1825 deterritum.
1485 1788 1664 1836 Ignotum
1688 1787 1763 1821 He-

1107 1844 1241 1881 rodoto
1287 1845 1412 1895 plures
1433 1843 1621 1894 Cyrsilum
1653 1853 1764 1878 com-

1107 1908 1340 1948 memorant,
1378 1913 1468 1936 cum
1495 1897 1763 1936 Themistoclis

1107 1959 1210 1995 iussu
1253 1963 1459 1994 statuerent
1497 1954 1762 2002 Athenienses,

1107 2018 1147 2051 ut
1181 2015 1264 2051 urbe
1300 2013 1428 2050 relicta
1452 2034 1508 2040 —
1539 2024 1649 2049 naves
1685 2023 1764 2048 con-

1107 2070 1323 2118 scenderent,
1352 2092 1403 2099 -—
1449 2069 1628 2119 Cyrsilum
1655 2080 1763 2116 quen-

1108 2128 1190 2164 dam
1203 2155 1213 2173 ‚
1247 2126 1447 2163 suadentem
1467 2129 1506 2161 ut
1527 2127 1564 2161 in
1582 2124 1663 2160 urbe
1683 2136 1762 2160 ma-

1107 2186 1223 2220 nerent
1241 2182 1459 2231 Xerxemque
1474 2182 1673 2231 reciperent,
1703 2179 1762 2216 la-

1101 2239 1245 2290 pidibus
1283 2239 1488 2282 obruerunt3
1544 2239 1596 2274 sic
1635 2237 1762 2273 scribit

1109 2296 1240 2332 Cicero
1280 2296 1337 2331 De
1376 2293 1447 2333 Off.
1480 2294 1553 2340 111,
1594 2295 1638 2333 11
1679 2292 1762 2340 [ubi

1109 2352 1210 2389 conf.
1251 2352 1401 2388 canter.
1441 2357 1477 2388 et
1511 2349 1633 2387 Beier.
1673 2361 1762 2400 pag.

1108 2408 1206 2456 266]
1229 2415 1376 2445 secutus
1395 2405 1691 2444 Demosthenem
1705 2407 1763 2441 De

1109 2465 1249 2506 coron,
1271 2477 1357 2516 pag.
1381 2467 1458 2504 174
1481 2463 1540 2514 [p.
1566 2463 1659 2508 296,
1680 2460 1759 2501 5—

1111 2523 1160 2560 16
1190 2522 1276 2571 R.],
1309 2535 1357 2558 ex
1390 2533 1466 2572 quo
1503 2518 1666 2570 Cyrsilus
1699 2519 1762 2554 in-

1106 2579 1229 2614 notuit
1249 2577 1555 2628 Harpocrationi,
1594 2576 1760 2611 Hermo-

1107 2635 1195 2684 geni
1218 2648 1253 2685 [ι.
1275 2634 1356 2676 448
1382 2634 1472 2670 aliis.
1533 2632 1650 2668 Caute
1671 2631 1759 2667 Ari-

1105 2689 1218 2728 stides
1258 2704 1383 2742 neque
1411 2688 1598 2739 Cyrsilum
1632 2688 1761 2724 nomi-

1107 2754 1170 2784 nat
1200 2760 1270 2786 nec
1289 2744 1496 2800 Lycfflam,
1533 2743 1610 2782 duo
1632 2750 1760 2782 tamen
