1879 3222
305 467 371 512 92

102 531 266 566 foedusque
284 531 321 558 ad
339 531 376 558 Ιί-

101 566 267 599 Ιιεηειῑειῃ,
297 565 376 591 1οιιί-

100 599 155 627 bus
181 598 342 634 parandam

101 633 182 659 inter
219 631 376 666 Leotychi—

432 152 516 192 336

831 149 1285 188 HERODOT!

400 257 639 312 3,,οἰωνόν,
673 258 751 301 τὸν
779 257 1131 314 Ἡγησίστρατον,
1162 252 1197 301 ὦ
1227 258 1332 309 ξεῖνε
1362 256 1518 312 Σάμιε·
1549 256 1603 300 σύ
1635 258 1680 302 δὲ

432 325 562 380 ,,ἡμῖν
607 327 724 369 ποίεε
761 325 873 377 ὅκως
912 324 1043 376 αὐτός
1072 342 1114 368 τε
1145 325 1247 375 δοὺς
1284 327 1426 368 πίστιν
1463 323 1681 368 ἀποπλεύ-

431 405 574 447 ,,σεαι,
611 394 684 436 καὶ
714 395 757 436 οἷ
800 394 882 438 σύν
910 394 980 436 σοὶ
1007 392 1148 442 ἐόντες
1179 395 1286 443 οἵδε,
1325 389 1355 448 ἦ
1380 392 1456 446 μὲν
1486 394 1682 447 Σαμίους

430 460 560 516 ,,ἡμῖν
589 460 845 517 προθύμους
883 461 1053 504 ἔσεσθαι
1092 458 1381 514 συμμάχους.“

433 528 521 583 ἅμα
549 527 754 583 ἠγόρευε,
781 528 853 571 καὶ
881 528 929 571 to*
963 529 1088 582 ἔργον
1117 530 1317 580 προσῆγε.
1349 524 1502 569 αὐτίκα
1521 527 1604 582 γάρ
1637 529 1680 570 οἷ

433 596 595 650 Σοῖμιοι
634 597 776 638 πίστιν
813 612 856 638 τε
902 595 973 639 καὶ
1011 594 1135 647 ὅρκια
1181 594 1401 636 ἐποιεῦντο
1449 596 1739 654 συμμαχίης-40

1450 462 1593 502 Ταῦτά
1636 476 1681 504 τε

101 665 167 692 ‘¹⁰¹¹'
195 673 230 692 ³⁰
258 665 375 700 legatos
405 664 531 717 Ξπέρι
559 661 669 715 πρός
702 662 804 713 τοὺς
828 662 1048 717 Ἓλληνας.
1105 664 1242 703 ταῦτα
1260 662 1304 703 δὲ
1334 659 1603 716 ποιήσαντες,
1643 663 1685 703 οἱ

431 732 510 787 μὲν
540 729 774 773 ἀπέπλεον·
813 730 915 785 μετα
948 729 1092 782 σφέων
1120 726 1203 783 γάρ
1232 727 1393 770 ἐκέλευε
1431 727 1571 770 πλέειν
1608 728 1684 770 τὸν

401 798 789 854 3“Ηγησίστρατον,
821 795 981 838 οἰωνόν
1010 795 1057 838 τὸ
1089 795 1256 849 οὔνομα
1278 793 1545 848 ποιεύμενος.
1575 797 1618 836 οῖ
1641 795 1685 837 δὲ

420 865 634 920 ”Ελληνες,
664 862 904 917 ἐπισχόντες
932 861 1094 918 ταύτην
1115 862 1193 918 τὴν
1214 860 1389 917 ἡμέρην,
1419 864 1469 917 τῇ
1483 859 1686 916 ὑστεραίῃ
1697 865 1740 900 45

432 930 766 985 ἐκαλλιερέοντο,
797 930 1120 985 μαντευομένου
1143 941 1220 984 σφι
1234 927 1465 984 Ληϊφόνου
1482 932 1562 971 τοῦ
1577 927 1689 983 Εὐη-

431 1001 551 1050 νίου,
607 995 764 1051 ἀνδρὸς
800 995 1160 1055 Ἀπολλωνιήτεω,
1209 994 1494 1052 Ἀπολλωνίης
1529 996 1574 1039 δὲ
1612 999 1688 1052 τῆς

102 699 224 727 factum.

434 1067 480 1111 ἓν
509 1070 568 1123 τῷ
587 1064 720 1125 Ἰονίῳ
750 1063 910 1123 κόλπῳ.

378 1253 470 1290 boni
488 1253 601 1290 fuisse
630 1250 766 1289 ominis
792 1249 1034 1286 manifestum

379 1316 445 1357 est,
467 1310 590 1360 quale,
613 1316 654 1345 ut
670 1309 720 1344 ait
746 1307 1034 1356 Wesselingius‚

378 1367 551 1415 Augusto
573 1364 619 1401 ad
634 1365 787 1401 Actium
808 1370 895 1399 ante
914 1364 1035 1399 aciem

380 1423 514 1459 asellus
535 1435 623 1458 cum
639 1421 798 1458 asinario
828 1418 931 1455 dedit
950 1417 1035 1454 Eu-

380 1479 505 1529 tychus
522 1478 661 1526 homini,
685 1478 812 1513 bestiae
835 1473 1036 1512 Nz'conerat

378 1548 509 1582 nomen,
547 1535 669 1586 iuquit
706 1534 865 1570 Sueton.
893 1532 933 1567 in
953 1531 1037 1566 Au-

380 1598 480 1641 gust.
510 1593 578 1631 96.
634 1588 782 1625 Eadem
820 1601 868 1623 ex
890 1599 1015 1637 super

380 1647 542 1698 stitione,
565 1658 645 1681 rem
665 1643 951 1680 memorabilem
967 1653 1037 1690 ag-

381 1703 566 1752 gressuri⁷
608 1714 670 1737 eos
701 1699 937 1750 potissimum
967 1696 1038 1732 ad-

380 1758 599 1803 sciscebant,
626 1757 759 1808 quibus
774 1755 905 1805 fausta
926 1754 1038 1789 nomi-

381 1828 451 1860 ηας
501 1815 556 1849 uti
585 1813 853 1862 Vespasianus,
886 1809 1036 1859 Capito..

381 1871 478 1907 lium
493 1868 745 1916 dedicaturus,
773 1869 813 1903 in
833 1867 957 1902 Taciti
977 1863 1036 1900 hi-

383 1933 471 1964 stor.
506 1926 569 1973 IV,
591 1925 642 1966 53
670 1937 758 1961 cum
785 1923 900 1973 Lipsii
929 1920 1037 1961 not.“

382 2004 439 2011 —
467 1984 524 2018 De
542 1982 657 2019 verbo
679 1979 840 2029 δέκομαι
860 1978 960 2017 conf.
982 1977 1040 2012 al-

383 2040 460 2078 lata
497 2037 545 2075 ad
573 2038 672 2084 VIII,
715 2035 808 2075 114.
868 2030 1040 2080 Οἰωνόν,

384 2108 483 2148 quae
502 2094 598 2130 iufra
619 2092 715 2129 redit
733 2092 880 2137 vocula,
902 2091 940 2126 in
954 2089 1042 2124 uni-

384 2164 537 2191 versum
569 2162 636 2200 pro
671 2150 777 2185 omine
804 2148 916 2198 poni,
953 2146 1039 2182 satis

384 2214 489 2260 patet
538 2219 586 2243 ex
623 2203 794 2254 Euripid.
843 2202 1039 2241 Phoeniss.

385 2264 488 2304 865:
521 2275 635 2315 quem
654 2263 782 2298 locum
813 2260 935 2296 attulit
948 2258 1040 2294 val-

387 2319 565 2357 ckenaer.
620 2319 706 2355 Alia
745 2316 832 2353 dedi
867 2315 914 2351 ad
939 2315 1039 2350 Plut.

383 2378 503 2415 Flam.
526 2379 552 2417 7
572 2377 692 2426 p.96.

439 2428 466 2484 ἦ
492 2430 578 2482 μὲν]
611 2431 745 2467 Merito
765 2428 816 2465 sic
835 2427 1041 2477 repositum

384 2502 451 2538 pro
483 2484 511 2539 ἦ
546 2484 649 2538 μήν,
684 2493 725 2523 ut
759 2486 831 2531 Ill,
872 2486 938 2523 66.
976 2483 1039 2529 lv,

388 2544 477 2584 154.
502 2543 601 2580 Add.
618 2546 802 2592 Hartung.
818 2538 940 2576 Lehre
956 2553 992 2576 v.
1005 2537 1041 2574 d.

391 2600 542 2637 Griecli.
560 2599 699 2636 Partik.
725 2601 759 2635 11
779 2610 866 2649 pag.
884 2598 977 2637 391.

592 2678 682 2728 cap.
717 2678 833 2716 xcn.

439 2728 561 2772 ταῦτά
589 2747 628 2772 τε
659 2730 741 2784 ἅμα
763 2757 811 2761 -
847 2730 1041 2785 προσῆγε]

1089 1250 1150 1288 Ad
1191 1249 1366 1288 oratIOnis
1392 1253 1628 1286 'structuram
1666 1243 1742 1284 vid.

1088 1309 1165 1355 ΠΙ,
1190 1307 1280 1347 135.
1328 1305 1574 1343 Valckeuaer.
1605 1309 1743 1339 coutu-

1090 1366 1185 1401 lerat
1206 1364 1302 1410 vlu,
1325 1362 1364 1403 5.
1385 1365 1450 1401 97.
1473 1363 1547 1397 Pro
1567 1361 1743 1410 προσῆγε

1091 1434 1189 1457 unus
1211 1418 1399 1456 Sancrofti
1431 1416 1553 1453 codex
1582 1417 1743 1465 προῆγε,

1092 1476 1194 1528 quod
1214 1475 1317 1512 idem
1344 1475 1383 1510 in
1403 1480 1573 1509 mentem
1593 1476 1747 1508 venerat

1093 1530 1454 1581 Schweighaeusero
1465 1529 1624 1566 vertenti
1637 1540 1646 1564 :
1658 1539 1746 1577 pro-

1094 1591 1194 1626 cessit
1217 1589 1405 1635 negotium.
1428 1585 1641 1635 Sedpostea
1661 1595 1745 1618 ma-

1092 1646 1161 1680 luit
1180 1645 1220 1679 in
1241 1643 1344 1691 vulg.
1360 1643 1607 1692 acquiescere,
1630 1651 1745 1690 quam

1091 1701 1143 1736 ita
1177 1700 1461 1747 interpretatur:
1501 1698 1646 1732 sermoni
1677 1706 1746 1730 rem

1093 1759 1204 1806 ipsam
1230 1754 1356 1790 adiecit
1386 1754 1411 1789 i.
1433 1766 1466 1788 e.
1489 1756 1520 1788 et
1543 1764 1612 1788 rem
1635 1753 1746 1800 ipsam

1090 1812 1284 1862 praestitit.
1317 1808 1424 1845 Idem
1445 1809 1566 1858 placet
1584 1809 1747 1843 Letron-

1092 1869 1156 1903 nio
1191 1866 1341 1912 (Jouru.
1364 1864 1400 1901 d.
1422 1864 1511 1901 Sav.
1535 1866 1639 1904 1817
1661 1875 1747 1913 pag.

1095 1922 1166 1969 44)
1187 1924 1237 1959 sic
1258 1920 1449 1958 reddenti:
1473 1920 1498 1956 il
1510 1919 1646 1967 joignit
1664 1932 1749 1955 aus-

1093 1979 1177 2016 sitat
1244 1978 1325 2027 effet
1352 1990 1425 2013 aux
1446 1976 1602 2026 paroles,
1645 1971 1748 2026 quod

1095 2034 1198 2072 idem
1219 2035 1291 2071 alio
1307 2033 1422 2070 modo
1444 2030 1657 2068 Herodotus
1678 2044 1748 2066 ex-

1096 2092 1227 2142 pressit
1253 2091 1327 2136 111,
1366 2089 1465 2134 135;
1505 2100 1670 2138 namque
1699 2085 1748 2123 ad

1095 2149 1269 2198 προσῆγε
1289 2145 1391 2182 idem
1411 2145 1623 2181 subiectum
1643 2140 1748 2195 quod

1094 2204 1142 2240 ad
1163 2197 1343 2254 ἠγόρευε.

1151 2270 1283 2308 πίστιν
1301 2283 1340 2307 τε
1356 2266 1423 2306 καὶ
1440 2263 1574 2318 ὅρκια]
1599 2263 1749 2302 Eodem

1094 2326 1210 2363 modo
1252 2327 1378 2361 iuncta
1407 2324 1650 2361 inveniuntur
1682 2322 1746 2368 111,

1095 2382 1162 2423 74.
1207 2384 1280 2429 lx,
1316 2383 1404 2421 106.
1428 2400 1482 2407 —
1522 2381 1622 2415 Ante
1650 2371 1748 2415 (ἕπε’-

1096 2442 1216 2477 πλεον
1236 2436 1404 2476 Bekker.
1426 2434 1607 2472 excidisse
1629 2432 1746 2469 conii-

1097 2496 1145 2532 cit
1176 2492 1247 2545 μὲν
1281 2489 1368 2532 δύο.
1404 2516 1454 2521 ——
1494 2490 1555 2528 Ad
1587 2501 1745 2539 sequeus

1097 2549 1383 2601 ἐκαλλιερέοντο
1430 2546 1506 2586 vid.
1554 2551 1648 2585 nott.
1699 2542 1745 2598 qd

1098 2609 1186 2654 Vll,
1212 2607 1302 2647 134.

1153 2671 1413 2720 Ἀπολλωνίης
1437 2666 1479 2707 δὲ
1518 2669 1588 2717 τῆς
1620 2665 1661 2705 ἕν
1694 2667 1747 2719 τῷ

1096 2726 1219 2785 Ἰονίῳ
1238 2726 1392 2781 κόλπῳ]
1411 2727 1467 2762 De
1487 2724 1652 2775 genitivo
1673 2721 1746 2760 hoc
