1996 3238
585 199 930 236 URANIA
990 201 1116 238 VIII.
1377 202 1459 241 129

197 312 376 371 ρι’νθιον
432 319 505 362 στρ
512 307 672 364 ατηγὸν
682 343 692 361 ,

760 309 937 365 λέγουσι
989 307 1236 365 Ἀθηναῖοι,
1295 309 1455 353 αὐτίκα

1512 309 1597 342 Quae
1618 309 1655 337 de
1682 309 1791 337 Corin-

1512 344 1584 371 thiie
1602 343 1633 370 in
1652 346 1761 376 utrm-

195 377 284 422 κατ’
308 377 441 432 ἀρχὰς
455 376 512 427 ὡς
534 377 796 432 συνέμισγον
816 379 861 419 αἱ
880 382 991 433 νῆες,
1021 377 1282 434 ἐκπλαγέντα
1311 395 1355 422 τε
1384 379 1457 422 καὶ
1516 384 1596 423 663

195 446 530 500 ὑπερδείσαντα,
579 446 631 488 τὰ
674 447 787 488 ἱστία
821 444 1098 500 ἀειράμενον,
1131 448 1326 501 οἴχεσθαι
1356 447 1456 503 φεύ·

196 529 353 569 γοντα·
387 514 560 565 ἰδόντας
589 515 634 557 δὲ
665 512 768 564 τούς
790 515 1060 567 Κορινθίους
1088 512 1169 568 τήν
1200 519 1461 571 στρατηγίδα

1516 442 1575 468 que
1601 438 1716 469 partem
1734 435 1778 464 fo-

1516 473 1631 496 rantur.

169 578 471 636 Ξφεύγουσαν,
503 581 716 632 ὡσαύτως
747 584 955 638 οἴχεσθαι.
994 580 1127 631 ὦς’δὲ
1160 578 1246 634 ἄρα
1277 584 1460 638 φεύγου·
1473 593 1517 627 85

194 665 273 699 τας
291 650 490 702 γίνεσθαι
518 656 593 707 τῆς
626 653 896 708 Σαλαμινίης
927 649 1036 694 κατὰ
1053 648 1102 692 τὸ
1135 648 1234 703 ἷρόν
1263 649 1459 707 Ἀθηναί-

194 733 246 773 ης
273 718 514 773 Σκιράδος,
545 721 814 771 περιπίπτειν
844 731 925 775 σφι
953 720 1107 773 κέλητα
1143 719 1242 774 θείῃ
1282 724 1461 776 πομπῇ’

194 784 273 827 τὸν
311 786 410 830 οὔτε
451 788 678 842 πέμψαντα
720 791 915 844 φανῆναι
958 786 1138 840 οὐδένα,
1170 787 1270 830 οὔτε
1300 805 1340 830 τι
1376 792 1464 830 τῶν

196 851 283 897 ἀπὸ
314 859 389 911 τῆς
419 860 620 913 στρατιῆς
652 856 787 901 εἰδόσι
805 854 1135 912 προσφέρεσθαι
1164 860 1278 899 τοῖσι
1296 859 1459 912 Κοριν-

140 1041 232 1094 quid
252 1043 510 1093 pronuntiare.
569 1043 678 1081 Conf.
704 1049 802 1080 nott.

140 1099 185 1137 ad
205 1101 286 1147 VII,
314 1103 390 1142 139
413 1108 449 1137 et
465 1113 562 1152 quae
582 1101 691 1151 plura
702 1098 802 1136 hanc

138 1157 178 1192 in
216 1171 299 1193 rem
339 1157 542 1209 disputavit
569 1160 695 1209 Heyse
726 1157 802 1207 (De

138 1214 326 1252 Herodot.
349 1214 426 1252 Vit.
446 1222 482 1252 et
501 1215 605 1264 ltin.)
628 1227 713 1265 pag.
733 1215 800 1255 57.

137 1284 244 1323 seqq.
276 1273 357 1308 iure
394 1271 590 1309 discedens
622 1273 661 1307 in
683 1273 803 1308 VVes—

138 1329 287 1379 selingii
306 1337 443 1380 partes,
466 1330 527 1366 cui
548 1328 642 1366 haec
659 1330 698 1364 in
722 1330 803 1364 He·-

139 1384 319 1422 rodotum
340 1387 570 1433 criminatio,
593 1399 614 1422 a
634 1384 804 1422 Larche-

139 1455 181 1478 ro
203 1455 358 1494 qnoque
380 1450 509 1494 postea
532 1443 672 1490 diluta,
701 1456 721 1478 a
741 1456 800 1479 se-

138 1501 245 1536 rioris
277 1502 359 1537 aevi
388 1499 606 1537 hominibus
634 1500 803 1551 profecta

137 1556 310 1605 videtur,
354 1571 429 1608 quo
468 1558 610 1593 scilicet
627 1586 636 1604 ,
681 1569 803 1608 quum

138 1626 287 1650 summa
306 1615 528 1650 auctoritate
549 1614 700 1650 floreret
720 1615 802 1649 He-

137 1669 314 1717 rodotus,
347 1684 413 1707 eae
442 1672 675 1707 Graecorum
706 1671 802 1707 civi-

136 1734 252 1775 tates,
285 1727 331 1764 de
361 1729 496 1780 quibus
526 1729 652 1764 minus
674 1726 801 1764 hono-

137 1784 240 1821 rifica
289 1783 462 1837 adeoque
510 1784 697 1822 dedecora
736 1785 800 1821 ille

138 1842 346 1878 memoriae
394 1841 618 1893 prodidisset
643 1871 652 1889 ‚
704 1840 799 1878 haec

138 1899 218 1948 ipsa
238 1900 369 1950 iniquo
389 1900 551 1936 ferentes
572 1901 701 1936 animo
724 1912 744 1935 a
760 1913 799 1936 se

140 1962 308 1991 avertere
337 1956 551 1993 studuerint
594 1970 638 1993 eo
668 1956 800 2003 modo,

140 2018 183 2048 ut
212 2013 401 2063 scriptoris
431 2012 549 2049 fidem
586 2020 802 2063 suspectam

139 2067 343 2106 redderent
359 2083 526 2122 eumque
540 2071 705 2121 partium
722 2077 804 2106 stu-

141 2124 210 2162 diis
240 2127 469 2174 incusarent,
501 2128 548 2163 ab
571 2128 662 2174 aliis,
683 2125 802 2163 Athe-

139 2183 333 2219 niensibus
373 2197 410 2220 v.
441 2197 476 2220 c.
519 2183 627 2220 donis
668 2197 802 2220 corru-

137 2246 263 2290 ptum.
325 2239 404 2277 Sed
425 2238 519 2277 haec
541 2253 657 2292 quam
679 2241 802 2277 aliena

136 2298 211 2333 sint
231 2298 277 2333 ab
298 2296 483 2334 Herodoti
504 2299 646 2345 animo,
668 2310 799 2345 nemo,

139 2355 205 2405 qui
226 2355 434 2391 accuratius
466 2355 565 2392 iliius
597 2355 711 2391 libros
732 2368 800 2391 su-

136 2412 307 2462 perstites
340 2412 562 2462 perlegerit,
593 2425 672 2448 non
709 2425 799 2448 sen-

143 2470 219 2505 tiet.
232 2488 285 2496 —
306 2467 368 2505 Ad
384 2470 618 2505 locutionem
629 2464 709 2506 κατ’
724 2465 799 2518 εἷρ-

141 2522 212 2576 χοῖς
257 2526 357 2562 conf.
403 2526 577 2573 V11‚88
610 2533 646 2562 et
666 2524 714 2561 ad
737 2525 797 2564 οῖ’-

140 2586 281 2634 χεσθαι
302 2578 502 2633 φεύγοντα
518 2582 675 2630 1‚157·

196 2654 295 2678 κατα
343 2655 386 2679 το
443 2637 532 2689 ἷρον
573 2635 800 2689 Ἀθηναίης

144 2692 358 2746 Σκιραδος]
402 2697 427 2732 i.
451 2710 482 2734 e.
514 2709 589 2733 cum
615 2696 668 2744 (in
689 2696 798 2746 fuga)

142 2753 360 2790 advenissent
381 2753 429 2790 ad
446 2754 607 2804 templum
619 2753 801 2790 Illz'nervae

145 2808 328 2857 Sciradis,
364 2811 415 2846 ita
441 2811 518 2847 scil.
549 2811 805 2862 cognomina-

201 2867 422 2905 Henonor.
452 2868 518 2905 IV.

859 1049 919 1079 tae
940 1055 961 1079 a
983 1042 1108 1090 Sciro,
1139 1050 1224 1080 vate
1242 1042 1429 1095 quodam,
1453 1044 1520 1095 qui

859 1101 964 1136 illam
996 1099 1132 1136 aedem
1165 1114 1284 1151 prope
1313 1100 1522 1137 Phalerum

860 1156 1072 1194 condidisse
1094 1158 1212 1194 fertur
1235 1160 1274 1194 in
1289 1158 1521 1209 Cynosurae,

859 1221 901 1251 ut
921 1215 1115 1265 probabile
1137 1221 1211 1261 est,
1243 1216 1522 1266 promontorio.

861 1272 971 1308 Conf.
984 1273 1148 1308 Pausan.
1160 1273 1189 1319 Ι,
1205 1275 1257 1313 36
1279 1274 1316 1317 ξ.
1330 1275 1353 1313 3
1381 1273 1467 1309 coll.
1484 1274 1521 1317 I,

863 1332 883 1369 1
909 1330 947 1374 ξ.
969 1327 1016 1375 4,
1048 1330 1114 1365 ubi
1141 1328 1217 1366 vid.
1241 1329 1400 1366 Siebelis
1430 1342 1521 1380 pag.

864 1387 941 1426 133
964 1398 1056 1436 seq.,
1079 1387 1144 1437 qui
1160 1387 1249 1423 citat
1263 1386 1441 1423 Strabon.
1463 1387 1521 1423 IX

860 1456 899 1492 p.
935 1441 1014 1483 347
1046 1456 1075 1479 s.
1101 1445 1180 1483 603
1213 1443 1259 1480 A.
1298 1441 1520 1480 Philochori

860 1499 1040 1549 fragium.
1071 1513 1108 1549 p.
1142 1501 1207 1539 31.
1241 1501 1362 1536 Kruse
1392 1501 1520 1537 Hellas

858 1557 911 1603 ΙΙ,
937 1559 955 1595 1
989 1569 1026 1605 p.
1046 1558 1138 1596 306.
1160 1578 1216 1583 —
1255 1558 1300 1592 Iu
1329 1570 1437 1608 seqq.
1457 1555 1520 1596 κε’-

857 1615 954 1662 λητα
983 1613 1099 1662 vulgo
1137 1611 1303 1650 reddunt
1332 1615 1521 1663 navigium

856 1670 1079 1717 actuarium,
1150 1670 1259 1706 celox
1321 1671 1521 1721 navigium

853 1725 1036 1778 idemque
1084 1726 1269 1777 exignum
1321 1728 1521 1766 celerrime

854 1785 1052 1834 navigans.
1130 1784 1241 1821 Conf.
1296 1783 1521 1837 Thucydid.

855 1840 931 1888 IV,
965 1843 999 1880 9.
1029 1841 1132 1888 Vlll,
1167 1844 1218 1882 38
1239 1842 1368 1893 ibique
1398 1842 1519 1879 inter-

857 1905 968 1949 prett.
1005 1897 1142 1936 Suidas
1163 1912 1193 1935 s.
1213 1912 1250 1936 v.
1271 1900 1307 1935 II
1322 1897 1518 1949 pag.294.

857 1954 918 1991 Ad
940 1956 1147 1992 formulam
1168 1956 1263 2009 θείῃ
1279 1958 1423 2012 πομπῇ
1443 1955 1519 1995 vid.

859 2013 971 2049 allata
986 2012 1034 2049 ad
1053 2013 1127 2060 ΙΙΙ,
1162 2015 1229 2053 77.

914 2121 986 2164 τόν
1005 2121 1096 2164 οὔτε
1122 2123 1338 2176 πέμψαντα
1359 2140 1396 2164 κ.
1414 2141 1447 2163 τ.
1462 2124 1519 2176 L]

858 2182 884 2222 i,
908 2195 940 2218 e.
972 2195 1076 2232 quam
1105 2184 1167 2231 qui
1204 2184 1375 2230 misisset,
1407 2185 1520 2220 nemi-

857 2252 933 2275 nem
953 2238 1118 2288 (dicunt)
1140 2241 1362 2289 apparuisse,
1394 2253 1522 2292 neque

857 2295 1069 2347 quidquam
1119 2309 1272 2341 eorum,
1326 2309 1424 2348 quae
1472 2296 1520 2333 ab

857 2355 1023 2389 exercitu
1045 2352 1179 2398 (relata
1201 2361 1328 2400 erant,
1349 2353 1519 2391 devene-

856 2411 969 2459 rant)
1015 2411 1175 2446 scientes
1216 2410 1263 2447 ad
1304 2410 1519 2448 Corinthios

855 2480 940 2502 eam
975 2468 1170 2504 accessisse
1200 2480 1229 2504 s.
1262 2480 1424 2520 eamque
1451 2481 1518 2504 ac-

855 2525 1007 2561 cessisse
1048 2523 1094 2560 ad
1133 2523 1347 2561 Corinthios
1378 2526 1517 2562 inscios

855 2582 968 2632 plane
990 2594 1144 2628 eornm,
1168 2594 1264 2632 quae
1287 2580 1386 2632 apud
1403 2595 1516 2619 exer-

857 2640 974 2674 citum
1010 2637 1237 2675 acciderant.
1257 2660 1313 2665 —
1352 2640 1396 2675 In
1419 2638 1519 2676 duo-

857 2696 925 2732 bus
956 2694 1068 2736 codd,
1100 2694 1236 2732 desunt
1273 2708 1386 2733 voces
1417 2699 1520 2735 τοῖσι

859 2753 1138 2801 Κορινθίοισι,
1175 2753 1363 2804 probante
1397 2754 1518 2792 Wes-

856 2810 1028 2860 selingio.

1216 2867 1243 2905 9
