1996 3238
521 195 552 231 U
582 196 614 231 R
642 195 678 231 A
704 195 739 232 N
767 197 784 231 1
814 197 861 234 A.
920 197 1046 237 VIII.
1326 195 1408 236 195

158 307 287 358 ὄρος·
313 303 517 361 Ἀμύντης
545 303 604 353 δὲ,
633 302 854 347 Ἀλκέτεω·
882 302 1083 350 Ἀλκέτεω
1107 305 1153 350 δὲ
1181 307 1323 364 πατὴρ
1352 302 1408 364 ἦν

153 372 379 426 Ἀέροπος·
408 377 488 414 τοῦ
508 372 565 426 δὲ,
585 373 820 423 Φίλιππος·
858 375 1080 417 Φιλίππου
1100 375 1169 427 δὲ,
1193 374 1408 432 Ἀργαῖος·

158 445 239 484 τοῦ
268 442 334 492 δὲ,
375 442 618 497 Περδίκκης
657 439 680 484 ὁ
715 439 982 497 κτησάμενος
1021 441 1100 498 τὴν
1139 442 1290 501 ἀρχήν.
1320 444 1465 500 {ys-40

157 509 278 565 γόνεε
305 506 383 563 μὲν
419 507 471 564 δή
502 503 585 552 ὦδε
611 508 883 564 Ἀλέξανδρος
912 507 935 552 ὁ
962 506 1188 564 Ἀμύντεω.

1468 581 1629 609 Alexandri
1638 587 1741 616 pacem

1467 624 1504 644 ac
1521 615 1626 644 foedus
1643 622 1708 642 cum

266 585 342 638 Ὡς
372 587 418 630 δὲ
448 585 623 632 ἀπίκετο
655 589 697 640 ἐς
724 588 798 640 τὰς
823 588 1006 645 Ἀθήνας
1035 588 1339 645 ἀποπεμφθεὶς
1366 588 1412 633 ’ὖ-

127 653 212 698 1πὸ
260 657 550 710 Μαρδονίου,
600 657 714 712 ἔλεγε
763 657 876 700 τάδε.
935 656 1134 713 ,,Ἀνδρες
1173 655 1411 715 Αθηναῖοι,
1470 656 1551 694 687
1645 704 1662 732 d

152 723 440 778 „Mapao'mog
478 725 578 769 τάδε
617 726 747 781 λέγει·
785 724 902 780 Ἐμοὶ
940 724 1113 782 ἀγγελίη
1149 726 1246 783 ἥκει
1288 728 1410 779 παρὰ
1464 704 1742 801 Ξῶῗῑῒέξέξιῗοᾞω

150 792 404 846 ,,βασιλεός,
434 793 622 849 λέγουσα
652 794 789 837 οὕτω·
816 792 1089 850 Ἀθηναίοισι,
1109 794 1183 846 τὰς
1217 792 1411 850 ἁμαρτά-

150 861 256 912 ,,δας
284 860 362 913 τοὶς
391 861 434 915 ἐς
455 861 527 918 ἐμὲ
557 863 599 916 ἐξ
617 862 793 906 ἐκείνων
810 863 1047 921 γενομένας
1065 861 1206 915 παίσας
1222 864 1407 921 μετίημι·

0 584 93 630 140

91 1071 236 1095 nomen
246 1054 438 1110 Ἀέροπος
453 1055 547 1094 haec
557 1056 752 1108 adscripsit

95 1114 184 1154 Cn:
233 1116 487 1164 „AEPOHO
524 1116 563 1151 in
600 1116 749 1164 numis,

91 1169 180 1209 hinc
196 1171 439 1209 scribendum
450 1172 571 1210 ubivis
583 1173 748 1223 Aeropus.

88 1228 320 1268 AEPOHE
348 1230 462 1267 etiam
489 1230 671 1280 scriptum
694 1230 748 1265 le-

89 1286 192 1336 gitur
240 1287 279 1322 in
318 1299 509 1323 marmore
556 1288 744 1335 Romano,

88 1355 191 1379 nunc
201 1342 525 1393 Heidelbergensi.
554 1342 649 1380 Vide
662 1343 746 1379 Ad-

90 1397 215 1437 denda
230 1398 278 1436 ad
307 1402 336 1437 Ι.
365 1399 542 1436 Eckhelii
563 1403 609 1441 D.
630 1401 675 1436 N.
697 1401 743 1438 V.

92 1455 308 1493 Vindobon.
343 1459 448 1498 1826
478 1469 566 1508 pag·
587 1461 640 1499 23
666 1471 746 1510 seq·

89 1519 127 1550 et
188 1515 552 1550 commentationem
616 1528 746 1551 meam

88 1569 401 1620 francogallicam
431 1569 478 1607 de
507 1572 635 1609 Servis
665 1579 747 1609 not.

89 1625 184 1666 52.“
213 1647 263 1654 -
322 1629 366 1663 In
389 1640 483 1665 voce
499 1623 679 1680 Ἀργαῖος
698 1630 748 1666 Ιί-

87 1682 146 1720 bri
164 1684 292 1734 scripti
304 1684 502 1720 fluctuant.
555 1686 747 1722 Florenti-

86 1752 158 1776 nus
179 1753 267 1777 cum
290 1740 437 1778 duobus
454 1741 533 1779 aliis
551 1737 743 1794 Ἀῤῥαῖος,

88 1797 151 1832 alii
172 1791 372 1849 Ἀργαῖοςς
413 1804 527 1849 atque
554 1800 607 1836 sic
629 1801 744 1837 etiam

89 1852 191 1903 apud
204 1855 390 1890 Iustinum
421 1855 502 1903 VII,
526 1859 552 1895 2
581 1869 649 1907 pro
673 1858 744 1894 Ar-

87 1921 152 1957 geo
172 1907 232 1959 (ut
250 1924 353 1947 nunc
373 1911 425 1947 ibi
448 1886 591 1949 editum
606 1914 744 1963 exstat)

86 1966 318 2015 Bongarsius
337 1969 459 2004 tenuit
478 1969 629 2018 Argaeo,
659 1971 745 2012 coll

87 2022 227 2059 Euseb.
248 2024 288 2059 in
321 2022 497 2061 Chronic.
520 2032 556 2061 et
585 2026 744 2065 Diodor.

87 2079 189 2126 XVI,
211 2081 249 2126 2,
270 2080 336 2116 ubi
356 2080 449 2117 alius
478 2080 612 2118 eadem
632 2090 747 2132 gente

86 2142 294 2186 prognatus
311 2131 505 2188 Ἀργαῖος.
553 2140 586 2175 Ε
609 2140 748 2176 Goltzii

86 2204 206 2229 numo
229 2205 350 2244 quum
373 2192 551 2231 afleratur
568 2191 745 2262 Ἀργείου

88 2247 297 2300 βασιλέως,
338 2250 596 2302 Wesselingio
626 2254 746 2290 corri-

87 2304 258 2356 gendum
277 2305 476 2345 videbatur
505 2303 681 2362 Ἀργεῖος
711 2316 753 2357 etr

86 2363 236 2412 Argeas.

293 2454 385 2507 Cap.
407 2455 523 2494 CXL.

145 2619 200 2670 οἷς
219 2620 262 2663 δὲ
279 2618 440 2664 οἷπίκετο
465 2623 504 2672 ἒς
531 2621 601 2671 wig
619 2620 745 2676 Ἀθή-

90 2679 179 2727 νας]
216 2682 360 2731 „Igitur
386 2688 477 2718 tunc
509 2681 666 2733 quidem
703 2684 746 2720 in

89 2734 224 2772 urbem
243 2750 282 2774 se
302 2751 427 2776 rursus
442 2739 679 2776 contulerant
691 2740 745 2776 A-

89 2787 321 2834 thenienses:
366 2793 446 2833 ·sed
491 2796 605 2848 paulo
646 2802 744 2848 post,

807 1069 928 1108 quum
967 1071 1095 1095 versus
1134 1058 1271 1095 urbem
1311 1056 1465 1096 duceret

804 1113 1025 1152 MardonIus
1038 1143 1053 1160 ,
1091 1114 1217 1152 denuo
1248 1128 1334 1152 eam
1357 1114 1464 1152 dese-

804 1184 926 1208 ruere.
976 1173 1078 1209 conf.
1125 1173 1196 1220 IX,
1244 1172 1268 1212 5
1311 1179 1348 1209 et
1384 1174 1421 1212 6.
1437 1173 1463 1192 “

806 1226 1197 1278 SchweighaeuS.
1244 1229 1348 1274 Quae
1370 1242 1463 1266 con-

802 1284 909 1321 tinuo
921 1293 1133 1337 sequuntur
1152 1287 1360 1323 accuratius
1373 1300 1464 1336 per-

803 1341 946 1391 legenti
977 1343 1139 1392 suspicio
1168 1340 1265 1379 mihi
1284 1350 1373 1379 nata
1394 1349 1462 1390 est,

805 1410 848 1433 ea
863 1428 872 1446 ‚
912 1411 1011 1450 quae
1031 1399 1275 1436 Mardonium
1293 1398 1332 1436 h.
1354 1400 1380 1436 l.
1401 1398 1462 1436 di-

803 1461 954 1491 centem
974 1456 1063 1493 fecit
1080 1463 1188 1507 pater
1213 1454 1411 1499 historiae,
1442 1469 1464 1492 e

803 1510 1000 1548 rhetorum
1048 1519 1161 1564 atque
1209 1511 1465 1564 sophistarum

803 1568 955 1606 fluxisse
983 1567 1141 1618 scholis,
1164 1570 1204 1606 in
1225 1570 1363 1622 quibus
1382 1570 1465 1608 scil.

811 1626 901 1662 talia
923 1625 1056 1663 sedulo
1068 1633 1226 1664 tractata
1256 1639 1335 1663 esse
1349 1627 1464 1664 novi-

802 1695 900 1722 mus.
938 1684 1110 1720 Pertinet
1138 1681 1226 1731 huc,
1250 1684 1322 1719 alia
1342 1689 1384 1719 ut
1403 1690 1465 1719 ta-

803 1752 924 1787 ceam,
946 1741 1089 1792 templa
1110 1741 1265 1777 incensa
1276 1738 1380 1792 quod
1399 1740 1464 1776 ille

800 1809 840 1832 se
854 1796 980 1834 denuo
991 1805 1270 1835 exstructurum
1283 1810 1361 1834 esse
1371 1809 1464 1847 pro-

800 1854 928 1901 mittit,
957 1856 1148 1905 pertinent
1167 1853 1243 1891 huc
1264 1867 1330 1903 ea,
1362 1866 1462 1905 quae

801 1909 980 1962 deinceps
1021 1910 1273 1956 adiiciuntur,
1333 1911 1462 1963 qualia

801 1967 991 2004 Mardonii
1012 1971 1115 2006 iussu
1134 1969 1314 2005 nuntium
1334 1969 1400 2006 vix
1417 1980 1461 2003 e-

801 2025 974 2061 locutum
997 2039 1075 2062 esse
1097 2024 1277 2062 credibile
1297 2031 1364 2062 est.
1394 2025 1460 2060 Tu

803 2081 954 2128 confer,
993 2094 1092 2132 quae
1120 2082 1161 2116 iu
1190 2081 1305 2117 simili
1344 2093 1461 2130 argu-

802 2144 933 2173 mento
1007 2138 1223 2174 notavimus
1281 2135 1330 2174 ad
1392 2136 1460 2184 111,

802 2193 869 2235 40.

857 2279 968 2334 ἠ’κει]
1000 2284 1100 2320 Male
1118 2285 1208 2322 olim
1228 2277 1313 2334 ἧκε,
1345 2281 1458 2322 codd.

801 2341 1090 2391 refragantibus.
1140 2343 1192 2378 At
1220 2339 1336 2378 habet
1369 2337 1460 2392 ἥκει

799 2399 990 2448 praeteriti
1028 2399 1237 2445 notionem,
1276 2405 1318 2436 ut
1341 2393 1458 2449 ἥκειν

800 2455 961 2505 (ventsse)
988 2455 1085 2502 VIII,
1119 2454 1195 2495 141
1229 2461 1265 2492 et
1293 2450 1458 2506 ἥκοντα.

797 2513 855 2548 De
889 2512 1019 2549 Ionica
1058 2512 1325 2548 terminatione
1355 2513 1459 2549 vocis

799 2565 981 2619 ἆμαρτιὶς
1001 2567 1080 2605 dixi
1100 2567 1149 2604 ad
1168 2569 1197 2616 Ι,
1230 2570 1321 2609 167.
1353 2569 1458 2614 Quae

799 2632 1012 2677 sequuntur
1040 2625 1177 2670 verba,
1205 2638 1226 2661 e
1246 2624 1332 2662 cod.
1355 2626 1458 2663 Flor-

801 2695 891 2719 cum
930 2679 1149 2732 Schweigh.
1186 2688 1224 2719 et
1262 2682 1378 2720 Gaisf.
1406 2683 1460 2719 ita

801 2739 1005 2776 collocavi:
1036 2733 1107 2785 τοὶς
1139 2737 1179 2785 ἐς
1208 2736 1275 2790 ἐμὲ
1300 2739 1339 2787 ἐξ
1360 2738 1456 2778 ἐκεί-

801 2808 905 2845 νων;
935 2796 1051 2847 vulgo
1071 2792 1140 2842 τοὶς
1170 2793 1211 2877 ἐξ
1233 2795 1394 2837 ἐκείνων
1416 2794 1456 2842 ἐς
