1879 3222
438 156 521 196 282
841 157 1297 198 HERODOTI

436 261 652 317 λέχθησαν
679 263 778 317 περὶ
807 262 954 308 αὐτῶν
979 282 1026 310 τε
1052 268 1219 312 τούτων
1247 268 1320 312 καὶ
1347 269 1514 321 ἄλλων,
1543 269 1695 315 ἐλθόν-

411 335 509 379 2τες
538 328 656 383 παρὰ
678 333 935 389 Παυσανίην
955 334 1022 377 ἐπὶ
1049 335 1099 378 τό
1121 335 1260 387 δεξιὸν
1277 336 1417 389 κέρας.
1469 338 1578 380 ἄλλα
1594 339 1692 393 γάρ,

436 395 605 439 τούτων
646 398 859 443 τοιούτων
888 399 1071 453 ἐόντων,
1110 401 1276 457 μᾶλλόν
1315 414 1450 459 σφεας
1479 405 1693 450 ἐπελύπεε.

437 459 540 505 οὔτε
568 462 652 519 γὰρ
685 468 798 510 σιτία
826 466 941 523 εἶχον
971 468 1053 517 ἔτι,
1093 470 1140 511 οἵ
1163 469 1209 513 τέ
1239 483 1384 525 σφεων
1419 471 1613 526 ὀπέωνες,
1645 471 1694 516 ἆ-

433 531 761 586 ποπεμφθέντες
804 535 845 585 ἐς
880 534 1218 591 Πελοπόννησον
1255 538 1310 588 ὡς
1351 540 1694 595 ἐπισιτιεύμενοι,

433 596 725 645 ἀποκεκλέατο
764 601 853 646 ὑπὸ
882 609 956 659 τῆς
986 605 1145 655 ἵππου,
1182 605 1237 647 ου’
1283 605 1517 661 δυνάμενοι
1546 607 1726 652 α’πικέ-1

433 669 541 707 σθαι
570 664 613 716 ἐς
640 667 691 711 τὸ
721 669 1028 723 στρατόπεδον.
1085 672 1450 726 Βουλευομένοισι
1490 675 1535 718 δὲ
1579 682 1691 720 τοῖσι

435 740 711 788 στρατηγοῖσι
730 737 867 788 ἔδοξε,
899 737 952 792 ἢν
970 736 1299 791 ὑπερβάλωνται
1315 741 1461 796 κείνην
1480 742 1559 798 τὴν
1583 744 1683 800 ἡμέ-

431 814 514 855 ρην
544 802 588 844 οἱ
618 802 782 858 Πέρσαι
812 805 1035 861 συμβολὴν
1057 805 1114 861 μὴ
1137 805 1407 861 ποιεύμενοι,
1437 808 1480 859 ἐς
1509 810 1589 866 τὴν
1616 815 1691 867 νῆ-

307 664 370 710 51

101 726 269 756 Pausaniae
278 734 378 757 castra

102 760 156 786 sub
175 767 289 789 noctem
309 772 375 799 pro-

100 793 209 822 ximam
223 801 339 824 mutare

100 828 210 862 placet.
230 831 337 860 υὲῐοέ.

402 871 512 911 26ον
542 869 667 912 ἰέναι.

430 1048 529 1090 ἄλλα
551 1067 624 1107 γαρ
648 1077 699 1083 —-
737 1051 886 1106 μᾶλλόν
906 1067 1031 1106 σφεας

370 1105 586 1158 guatinas]
627 1112 653 1148 i.
684 1125 718 1149 e.
756 1125 903 1162 namque
948 1114 1031 1150 haec

368 1177 474 1213 quum
519 1167 572 1204 tta
613 1171 743 1215 esseut,
790 1169 867 1206 alia
899 1182 1031 1219 quoque

373 1221 655 1272 (incommoda)
699 1226 789 1274 ipsos
827 1225 880 1262 vel
911 1229 1030 1275 magis

367 1278 578 1325 premebant.
620 1281 805 1331 Rescripsi
821 1279 918 1320 ἄλλα
939 1296 1029 1319 cum

370 1332 665 1385 Vahkeuaerio,
716 1336 934 1388 Schweigh.
992 1345 1029 1377 et

367 1388 508 1438 Gaisf.,
557 1392 660 1430 libris
702 1394 845 1444 scriptis
886 1395 1026 1443 invitis,

368 1447 436 1496 qui
461 1447 502 1483 in
530 1448 694 1486 lectione
737 1445 836 1489 ἆλλοὶ
876 1452 1027 1502 conspi-

366 1509 474 1540 rant·
462 1503 591 1555 ,quod
606 1505 877 1545 sicumMatth.
891 1510 1026 1559 (quem

366 1558 469 1596 conf.
488 1562 554 1597 Gr.
567 1562 630 1599 Gr.
649 1563 686 1607 ξ.
711 1563 791 1603 615
812 1576 899 1613 pag.
917 1562 1024 1604 1244

366 1614 456 1651 coll.
483 1617 564 1654 Ast.
599 1616 647 1654 ad
672 1619 823 1656 Platon.
861 1618 1023 1655 Phaedr.

365 1682 454 1719 pag.
487 1671 591 1720 224,
630 1673 696 1709 ubi
737 1672 785 1709 de
833 1675 1022 1723 particulis

366 1721 465 1764 ἄλλα
485 1742 560 1779 γαρ
579 1729 742 1765 crebrius
754 1730 902 1778 iunctis)
915 1743 1021 1766 rece-

364 1782 483 1832 peris,
520 1783 711 1834 subiecto,
742 1784 846 1837 quod
877 1786 1019 1835 dicunt,

363 1839 505 1876 carebit
543 1841 676 1882 oratio,
751 1842 826 1878 Pro
883 1838 1020 1881 ἐλύπεε

363 1907 452 1930 cum
468 1894 604 1933 eodem
620 1894 838 1948 Schweigh.
857 1905 894 1935 et
906 1898 1019 1936 Gaisf.

364 1949 452 1987 dedi
474 1948 687 2001 ἐπελύπεε,
710 1953 814 2005 quod
835 1968 923 1991 eum
939 1956 1019 1992 aliis

361 2009 588 2057 suggerebat
607 2011 858 2048 blorentinus.
879 2033 931 2038 —
976 2013 1020 2048 Iu

362 2065 537 2114 proxime
575 2078 681 2118 seqq.
729 2080 818 2104 cum
864 2075 1020 2106 recentt.

363 2119 452 2157 dedi
491 2117 687 2171 ὀπέωνες,
726 2124 792 2160 ubi
831 2123 1021 2161 Saucrofti

362 2176 487 2214 codex
522 2173 722 2227 ὀπαωνες,
757 2187 795 2217 et
823 2179 1020 2218 Sebaeser.

361 2246 451 2270 cum
463 2232 635 2272 Matth.’
618 2231 797 2283 οπάονες.
826 2238 890 2273 Tu
915 2238 1016 2275 conf,

361 2297 456 2326 nott.
486 2290 535 2327 ad
566 2292 624 2339 V,
674 2295 763 2331 111.
809 2294 882 2337 Qui
915 2294 1015 2331 enim

362 2345 459 2383 dixit
477 2346 715 2395 Ποσειδέων,
737 2350 807 2385 alia
823 2349 861 2385 id
882 2362 1014 2399 genus,

362 2415 450 2438 eum
472 2417 623 2470 quoque
644 2400 775 2444 ὄπέων
800 2404 925 2443 dicem
945 2419 1017 2457 po-

362 2461 472 2495 tuisse
504 2474 571 2510 pro
593 2456 753 2509 ὀπάων,
801 2461 895 2498 nihil
925 2476 1015 2498 sane

362 2515 531 2563 impedit,
588 2516 651 2553 Ad
685 2518 844 2555 verbum
889 2518 1015 2558 ἐπισι-

359 2567 557 2620 τιεύμενοι
572 2574 672 2611 conf.
683 2581 775 2613 nott.
793 2574 840 2611 ad
854 2576 1015 2623 V11‚176

359 2626 447 2672 tin.;
479 2634 515 2663 et
535 2627 581 2664 de
602 2630 722 2667 forma
754 2627 1013 2672 ἄποκεκλὲατο

359 2680 493 2720 Matth.
522 2685 588 2725 Gr.
609 2688 674 2724 Gr.
703 2689 739 2733 ᾗ.
763 2687 856 2735 204,
879 2691 905 2729 6
925 2701 1013 2740 pag.

725 872 752 927 ἡ
781 871 826 915 δέ
856 871 943 916 ἐστι
962 871 1047 916 «ind
1077 877 1157 917 τοῦ
1183 873 1379 918 Ἀσωποῦ
1395 875 1469 918 καὶ
1497 880 1572 933 τῆς
1591 878 1718 933 κρῆ-5

1324 1080 1415 1132 Cap,
1444 1082 1506 1118 LI.

1141 1165 1194 1220 ’ἦν
1241 1166 1545 1223 ’ὅπερβάλωνται
1590 1190 1640 1199 —-
1686 1169 1740 1222 μή

1084 1222 1335 1278 ποιεύμενοι]
1397 1224 1449 1280 μή
1497 1240 1545 1263 ex
1595 1225 1742 1265 duobus

1085 1282 1196 1322 codd.
1239 1289 1435 1333 receptum
1474 1296 1495 1319 a
1536 1281 1741 1321 Schaefeio

1084 1340 1224 1376 retinui
1264 1352 1353 1376 cum
1391 1340 1542 1391 reliquis
1582 1338 1668 1378 edd.
1705 1347 1741 1377 et

1083 1396 1270 1446 probante
1306 1396 1353 1432 G.
1387 1397 1635 1443 Hermanno,
1675 1397 1741 1447 qui

1082 1451 1186 1488 hunc
1217 1453 1292 1489 loci
1319 1464 1472 1489 sensum
1504 1465 1582 1489 esse
1613 1451 1742 1490 docuit

1081 1509 1121 1545 in
1142 1509 1265 1546 Wolf.
1286 1515 1323 1545 et
1341 1509 1485 1546 Buttm.
1495 1510 1592 1546 Mus.
1606 1509 1739 1561 Antiq-

1079 1566 1097 1601 Ι
1126 1578 1215 1615 pag.
1241 1567 1323 1605 219
1357 1572 1393 1602 et
1420 1564 1469 1602 ad
1497 1565 1622 1615 Viger.
1650 1578 1736 1616 pag.

1080 1622 1159 1660 811
1179 1634 1190 1657 :
1221 1623 1280 1668 „si
1298 1633 1371 1658 eum
1394 1621 1483 1658 diem
1512 1621 1638 1658 Persae
1662 1623 1737 1658 sine

1074 1676 1207 1724 proelio
1246 1677 1586 1724 Ρτιιεΐενηιιἐιέεεηίιι
1631 1675 1735 1713 idem

1079 1729 1269 1778 adiiciens,
1295 1733 1478 1781 particula
1499 1729 1553 1782 μή
1573 1732 1603 1768 si
1624 1734 1735 1769 omit-

1076 1792 1196 1834 tatur,
1217 1787 1291 1823 loci
1310 1801 1462 1824 sensum
1498 1800 1601 1824 esse:
1637 1790 1670 1824 εί
1697 1801 1734 1825 eo

1077 1843 1133 1880 die
1163 1843 1331 1893 proelium
1368 1846 1572 1880 committere
1607 1843 1735 1882 Persae

1076 1901 1280 1938 omisissent.
1322 1898 1631 1950 Schweighaeus.
1650 1914 1734 1937 ver-

1075 1955 1125 1993 bo
1145 1951 1463 2006 ύπερβάλλεσθαι
1492 1956 1736 2006 supersedendi

1075 2013 1256 2048 tribuerat
1293 2013 1510 2060 notionem3
1555 2011 1733 2064 equidem

1077 2068 1270 2116 defferendi
1292 2075 1328 2104 et
1345 2069 1634 2118 procrastinandi
1652 2070 1732 2119 sig-

1076 2125 1292 2161 nificatione
1312 2124 1352 2160 id
1371 2125 1463 2175 poni
1483 2123 1656 2173 credam,
1682 2125 1729 2162 de

1077 2194 1151 2232 qua
1173 2181 1274 2220 conf.
1290 2181 1367 2228 IX,
1397 2179 1465 2221 45.
1487 2202 1535 2208 -
1558 2182 1601 2217 In
1622 2194 1728 2233 seqq.

1076 2236 1377 2287 dicendigeuus:
1400 2234 1479 2275 ἐστὶ
1497 2257 1545 2264 -
1560 2233 1729 2287 ἀπέχου-

1074 2305 1122 2332 σα
1139 2294 1259 2342 attigit
1272 2291 1408 2330 Matih.
1431 2293 1571 2333 Gr.Gr.
1590 2295 1628 2338 ξ.
1647 2293 1728 2334 559

1072 2363 1110 2400 p.
1128 2350 1244 2397 1104,
1258 2351 1323 2401 qui
1335 2348 1436 2386 idem
1448 2351 1484 2385 in
1495 2351 1638 2387 verbis:
1660 2351 1729 2400 νῆ·

1074 2417 1143 2451 σος
1175 2402 1217 2444 δὲ
1244 2401 1368 2445 οὕτω
1401 2401 1453 2445 ἂν
1481 2405 1541 2457 εἴη
1574 2417 1610 2444 κ.
1632 2420 1665 2444 τ.
1690 2408 1724 2443 λ.

1073 2463 1295 2512 particulam
1325 2458 1428 2501 οὕτω
1452 2461 1500 2499 ad
1519 2461 1723 2514 sequeutia,

1072 2531 1148 2555 non
1165 2518 1213 2556 ad
1228 2531 1443 2570 praegressa
1457 2525 1622 2569 spectare
1637 2530 1724 2553 mo-

1071 2576 1153 2611 nuit
1170 2576 1204 2620 §.
1226 2575 1306 2615 470
1327 2582 1405 2613 not.
1426 2588 1465 2625 p.
1490 2576 1583 2614 871.
1628 2573 1722 2609 ver-

1071 2632 1164 2668 bum
1185 2630 1324 2682 διέχων
1347 2631 1392 2680 (ἰ.
1413 2645 1446 2667 e.
1469 2642 1645 2679 separans,
1663 2629 1720 2666 ‹lt-

1069 2689 1209 2736 rimens)
1250 2686 1358 2724 ass'ert
1406 2684 1577 2723 Thomas
1617 2688 1720 2735 Mag.

1069 2758 1100 2783 s.
1118 2758 1155 2785 v.
1176 2741 1292 2795 διέχει
1317 2755 1402 2794 pag·
1432 2740 1525 2783 134.
1544 2763 1599 2770 —
1638 2743 1720 2780 Hoc
