1996 3238
504 220 587 261 134
903 222 1359 260 HERODOTI

512 329 639 370 ἵπποι
668 342 712 370 τε
735 329 809 371 καὶ
839 327 994 383 ἄνδρες
1024 331 1228 383 διεστᾶσι,
1256 331 1366 374 κατα
1395 331 1634 388 ἡμερησίην
1653 331 1761 377 ὁδὸν
1773 337 1818 375 45

505 394 690 450 ἑκάστην
730 396 859 447 ἵππος
897 414 941 440 τε
974 398 1047 441 καὶ
1077 396 1189 454 α’νήρ
1219 400 1490 456 τεταγμένος·
1529 400 1633 450 τοὺς
1662 400 1762 445 οὔτε

505 462 694 518 νιφετὸς,
724 460 806 505 οὐκ
837 462 1018 520 ὄμβρος,
1050 465 1104 509 ου’
1134 470 1301 521 καῦμα,
1343 466 1398 511 ου’
1428 468 1507 519 νὺξ
1536 467 1670 521 ἐέργει
1700 468 1761 523 μή

505 528 559 574 ου’
599 529 842 574 κατανύσαι
878 535 954 576 τὸν
992 535 1278 588 προκείμενον
1321 535 1469 592 ἑωυτῷ
1500 534 1666 589 δρόμον
1685 534 1766 591 τὴν

475 597 720 653 3ταχίστην.
781 597 804 641 ὁ
835 599 913 654 μὲν
943 599 995 655 δή
1025 602 1199 653 πρῶτος
1227 601 1407 657 δραμών
1444 605 1686 656 παραδιδοῖ
1712 601 1764 646 τὰ

505 665 785 719 ἐντεταλμένα
813 671 874 723 τῷ
905 667 1112 722 δευτέρῳ,
1147 665 1170 710 ὁ
1203 668 1248 710 δὲ
1279 670 1479 724 δεύτερος
1522 674 1582 728 τῷ
1610 672 1762 726 τρίτῳ’

503 732 554 776 τό
588 735 633 777 δὲ
664 733 868 776 ἐνθεῦτεν
906 733 988 789 ἤδη
1019 733 1128 776 κατὰ
1171 734 1306 778 ἄλλον
1335 738 1588 793 διεξέρχεται
1630 744 1822 792 napa-50

506 801 736 856 διδόμενα,
781 800 971 856 κατάπερ
998 800 1176 857 1Ἕλλησι
1214 802 1242 858 ἡ
1279 808 1644 861 λαμπαδηφορίη,
1686 806 1767 861 τὴν

505 872 566 926 τῷ
591 866 811 928 Ἡφαίστῳ
845 869 1120 914 ἐπιτελέουσι.

450 1009 538 1057 νος]
570 1010 627 1045 De
655 1008 726 1046 hac
754 1010 1038 1061 participiorum
1067 1010 1106 1046 iu

450 1066 685 1103 nominativo
707 1067 916 1117 positorum
946 1074 1108 1104 structu-

451 1134 492 1158 ra
512 1123 612 1160 conf.
626 1129 720 1162 nott.
741 1122 789 1160 ad
809 1124 915 1171 VIII,
948 1126 1015 1165 83.
1040 1126 1107 1164 86.

450 1179 544 1215 Mox
592 1180 736 1216 restitui
777 1176 895 1219 οὔτε
935 1176 1107 1229 νιφετός,

452 1235 520 1271 ubi
554 1235 779 1273 Schaeferus
813 1236 968 1273 dederat
1008 1232 1109 1275 οὔτι.

452 1292 660 1329 Particulas
680 1294 872 1343 negativas
891 1295 943 1331 sic
965 1295 1110 1329 iunctas

455 1345 548 1387 οὔτε
562 1370 618 1377 ——
640 1346 714 1388 οὐκ
736 1351 856 1400 attigit
886 1349 1021 1387 Matth.
1043 1350 1111 1386 Gr.

452 1405 519 1442 Gr.
547 1405 584 1450 ξ.
605 1407 684 1445 609
717 1419 804 1457 pag.
833 1407 952 1448 1225.
1007 1405 1111 1446 Add.

452 1463 642 1511 Hartung.
680 1461 805 1499 Lehre
837 1477 874 1500 v.
897 1463 935 1501 d.
957 1461 1110 1499 Griech.

451 1510 572 1555 Partt.
602 1520 619 1554 1
651 1531 738 1569 pag.
770 1521 867 1567 199,
898 1520 963 1572 qui
997 1520 1112 1556 etiam

452 1573 583 1611 laudat
603 1575 744 1613 Herod.
773 1576 816 1623 I,
859 1579 950 1616 138.
1002 1574 1114 1621 Quod

454 1630 643 1668 antecedit
672 1629 765 1678 τούς
794 1633 834 1667 in
866 1631 936 1672 τὸν
971 1633 1019 1669 01)
1052 1646 1114 1669 se-

455 1699 575 1738 quens
605 1685 741 1741 ἕωυτῷ
760 1695 949 1724 mutatum
979 1689 1114 1725 volue-

455 1750 513 1779 rat
524 1742 710 1783 Reiskius.
734 1743 813 1781 Sed
825 1746 959 1781 merito
971 1746 1112 1794 respuit

453 1800 686 1850 Wesseling.
730 1802 823 1837 Mox
843 1814 932 1837 cum
953 1807 1110 1837 recentt.

454 1857 558 1892 tenui
589 1854 728 1908 ἐέργει,
759 1856 862 1908 quod
891 1859 1010 1906 magis
1042 1870 1113 1892 an-

452 1913 604 1964 tiquum
636 1920 690 1950 est
719 1920 832 1965 atque
853 1915 1112 1960 Homericum,

455 1982 493 2007 v.
511 1982 542 2005 c.
562 1968 670 2007 Iliad.
690 1971 748 2019 ΙΙ,
779 1973 873 2011 617.
909 1971 985 2006 Alii
1000 1969 1112 2007 codd.

457 2023 574 2077 ἔργει.

523 2077 622 2120 κατὰ
670 2078 790 2120 ἄλλον
847 2081 1109 2133 διεξέρχεται]

453 2137 480 2176 ἰ.
503 2150 536 2174 e.
558 2140 686 2174 transit
714 2138 764 2174 acl
784 2138 908 2175 alium.
961 2140 1112 2190 Reliqui

454 2193 663 2241 intactum,
702 2193 806 2246 quod
835 2196 881 2231 ab
904 2194 1110 2233 Schaefero

454 2257 589 2300 sponte
603 2256 793 2288 mutatum
811 2259 889 2288 erat
903 2253 943 2288 in
953 2248 1033 2291 κατ’
1041 2249 1112 2290 ἅλ-

455 2309 549 2348 λων.
621 2305 684 2343 Ad
732 2306 901 2345 dativum
949 2306 1113 2359 ΓΈλλησι

455 2363 558 2400 conf.
578 2361 713 2402 Matth.
735 2364 798 2402 Gr.
824 2366 889 2401 Gr.
911 2367 946 2410 ξ.
969 2367 1049 2405 387
1069 2378 1107 2415 p-

457 2422 552 2460 709.
584 2421 700 2456 Faces
720 2427 849 2456 autem
874 2423 912 2457 in
929 2422 1113 2458 solemni-

456 2476 527 2512 bus
566 2475 726 2513 deorum
764 2476 1005 2528 quorundam
1025 2491 1113 2514 cur-

457 2544 499 2568 su
550 2534 687 2583 gestari
734 2534 859 2570 solitas
905 2547 926 2570 a
965 2535 1114 2570 iuveni-

457 2587 527 2624 bus
556 2602 686 2625 secum
720 2591 948 2628 certantibus
987 2592 1115 2627 notavi

457 2642 507 2680 ad
526 2645 597 2692 VI,
631 2646 724 2687 105.
780 2648 938 2692 Qualem
963 2660 1116 2685 cursum

457 2700 499 2736 in
542 2701 700 2738 Vulcani
740 2703 864 2752 sestis,
917 2705 981 2756 qui
1023 2704 1116 2741 deus

458 2756 556 2806 ignis
576 2759 653 2794 sive
684 2759 776 2796 lucis
797 2767 927 2797 auctor
947 2759 1117 2798 habeba-

458 2819 542 2862 tur,
593 2812 752 2853 Athenis
790 2817 932 2854 institui
962 2818 1118 2856 solitum

1186 874 1326 915 Τοῦτο
1356 871 1404 916 τὸ
1437 872 1644 930 δράμημα
1676 877 1767 917 τῶν

1162 1009 1276 1048 fuisse
1296 1018 1481 1049 testantur
1501 1009 1634 1050 Schol.
1665 1009 1714 1047 ad
1733 1010 1825 1047 Ari-

1162 1066 1285 1119 stoph.
1307 1070 1403 1109 Ran.
1441 1071 1532 1109 131.
1567 1070 1674 1108 1026
1707 1065 1824 1105 Both.

1163 1126 1310 1175 (1119)
1348 1126 1435 1163 coll.
1470 1127 1693 1174 Harpocrat.
1731 1137 1759 1161 s.
1784 1137 1822 1161 v.

1163 1179 1322 1230 λαμποὶς
1356 1188 1392 1218 et
1423 1182 1506 1218 Istri
1536 1182 1714 1230 fragium.
1736 1192 1825 1231 pag.

1166 1239 1219 1277 60
1243 1237 1304 1275 ed.
1326 1238 1467 1277 Siebel.
1500 1238 1675 1275 Creuzer.
1706 1236 1826 1289 Sym-

1165 1294 1240 1334 bol.
1280 1296 1333 1331 III
1371 1307 1458 1346 pag.
1489 1293 1569 1334 403
1610 1293 1696 1330 coll.
1729 1293 1827 1333 509.

1166 1350 1365 1391 Welcker.
1396 1352 1543 1400 Trilog.
1577 1349 1614 1387 d.
1644 1347 1826 1400 Aeschyl.

1167 1420 1205 1457 p.
1242 1409 1317 1448 121
1358 1415 1439 1444 not.
1473 1407 1564 1447 150.
1593 1406 1826 1455 Wesseling.

1168 1464 1397 1500 excitaverat
1427 1462 1615 1501 Themist.
1641 1464 1706 1500 Or.
1731 1462 1828 1498 xlx

1168 1532 1256 1571 pag.
1285 1523 1368 1561 230
1390 1520 1432 1557 C.
1454 1527 1490 1557 et
1510 1517 1691 1572 Aeschyl.
1719 1519 1829 1568 Aga-

1168 1589 1313 1613 memn.
1354 1579 1450 1617 320.
1489 1577 1638 1614 Erasm.
1675 1573 1830 1626 Adagg.

1168 1646 1209 1684 P.
1229 1631 1310 1675 574
1332 1632 1391 1670 ed.
1412 1633 1588 1670 Francof.

1233 1691 1359 1728 Τοῦτο
1384 1686 1427 1728 τὸ
1453 1685 1641 1740 δράμημα
1659 1689 1738 1726 τῶν
1759 1687 1829 1726 ’ἵπ-

1170 1759 1259 1783 πων
1290 1744 1477 1784 καλέουσι
1523 1745 1674 1796 Πέρσαι
1703 1739 1829 1794 οἷγγα-

1168 1796 1305 1852 ρήϊον]
1328 1802 1404 1837 Pro
1425 1796 1612 1852 δράμημα
1624 1799 1829 1837 Blomfield

1167 1858 1206 1893 in
1246 1855 1284 1894 h.
1308 1858 1332 1894 l.
1374 1864 1410 1893 et
1449 1859 1488 1893 in
1524 1856 1703 1909 Aeschyl.
1723 1858 1830 1894 Pers.

1168 1913 1251 1954 252
1262 1915 1413 1950 rescribi
1427 1915 1507 1951 vult
1528 1910 1649 1964 δρὸμη
1655 1929 1720 1963 μα,
1735 1926 1829 1949 ana-

1167 1969 1292 2019 logiae
1320 1983 1442 2008 causa.
1503 1969 1581 2007 Sed
1618 1969 1720 2007 conf.
1749 1971 1830 2006 Lo-

1169 2025 1284 2063 beck.
1306 2026 1355 2063 ad
1375 2025 1582 2078 Phrynich.
1618 2039 1706 2077 pag.
1734 2028 1830 2067 618.

1168 2083 1274 2118 Libri
1297 2084 1424 2134 scripti
1453 2097 1531 2120 non
1559 2082 1829 2133 suffragantur.

1169 2138 1280 2184 Quod
1296 2139 1343 2176 ad
1364 2147 1633 2191 argumentum
1653 2140 1726 2176 loci
1739 2139 1830 2175 atti-

1167 2203 1246 2243 net,
1270 2195 1348 2233 vid.
1366 2198 1533 2234 Brissou.
1558 2198 1615 2232 De
1632 2208 1711 2245 reg.
1724 2196 1829 2232 Pers.

1167 2253 1329 2302 princip.
1361 2253 1396 2299 Ι,
1439 2254 1520 2293 238
1551 2253 1638 2289 coll.
1669 2252 1830 2289 Staulei.

1168 2307 1217 2344 ad
1250 2307 1429 2360 Aeschyl.
1470 2309 1574 2345 Pers.
1615 2307 1718 2352 247,·
1756 2320 1829 2344 uec

1169 2366 1271 2400 enim
1311 2377 1544 2416 quemquam
1589 2364 1687 2414 fugit
1703 2393 1713 2412 ‚
1754 2362 1829 2400 hoc

1167 2423 1369 2458 Persarum
1390 2422 1624 2468 institutum,
1647 2421 1830 2472 antiquis-

1167 2479 1309 2514 simum
1329 2477 1423 2514 illud
1440 2478 1517 2514 fere
1538 2478 1712 2514 omnium
1727 2506 1738 2524 ,
1773 2477 1826 2513 sic

1169 2535 1255 2571 satis
1303 2535 1506 2571 convenire
1555 2547 1642 2570 cum
1691 2533 1827 2570 nostris

1170 2591 1339 2628 cursibus
1359 2592 1528 2641 publicis,
1549 2591 1614 2641 qui
1633 2602 1700 2640 per
1715 2590 1827 2640 equi-

1169 2654 1226 2684 tes
1269 2648 1480 2698 plaustrave
1507 2647 1602 2683 liunt
1646 2644 1827 2694 (Posteri),

1173 2705 1315 2756 quique
1337 2703 1436 2755 apud
1451 2716 1517 2740 nos
1539 2703 1691 2753 privatis
1705 2714 1828 2754 aeque

1172 2774 1215 2798 ac
1236 2761 1395 2812 publicis
1415 2761 1622 2797 inserviunt
1653 2771 1829 2795 commo-

1173 2816 1243 2867 dis,
1265 2831 1354 2855 cum
1365 2815 1466 2869 apud
1476 2817 1607 2854 Persas
1616 2814 1710 2853 illud
1719 2816 1829 2853 iusti-
