1879 3222
549 172 1149 214 CALLIOPE.1X.
1399 170 1484 212 349

228 286 453 342 συνέβαινε
482 285 693 326 ἐλθοῦσα·
722 281 770 324 τὸ
803 281 880 336 μὲν
909 281 992 336 γὰρ
1024 282 1070 325 ἐν
1101 283 1346 337 Πλαταιῇσι
1373 281 1490 335 πρωῒ

227 354 288 397 ἔτι
317 357 392 408 τῆς
420 350 578 406 ἡμέρης
607 350 789 405 ἐγίνετο·
821 349 870 391 τὸ
903 349 947 391 δὲ
971 349 1017 392 ἐν
1035 348 1253 407 Μυκάλῃ,
1282 349 1379 403 περὶ
1409 349 1490 392 δεί-

199 426 323 476 3λην.
382 419 448 462 ὅτι
478 418 523 461 δὲ
561 422 635 474 τῆς
666 416 801 472 αὐτῆς
831 416 990 472 ἡμέρης
1020 418 1250 472 συνέβαινε
1277 419 1488 473 γίνεσθαι,

225 486 361 544 μηνός
389 503 432 530 τε
461 488 541 528 τοῦ
572 484 732 534 αὐτοῦ,
766 483 906 540 χρόνῳ
936 483 990 527 οὐ
1022 489 1166 540 πολλῷ
1198 497 1277 539 σφι
1304 485 1546 538 ὕστερον95

198 558 334 610 4δῆλα
364 553 728 611 ἀναμανθάνουσι
759 553 930 608 ἐγίνετο.
982 547 1063 594 Ἦν
1100 553 1145 595 δὲ
1177 551 1371 607 ἄρ’ῥωδίη
1411 563 1491 607 σφι
1546 552 1630 592 738

224 624 330 675 πρὶν
357 622 436 678 τὴν
468 623 618 679 φήμην
648 622 938 674 ἐσαπικέσθαι,
973 621 1027 663 οὔ
1056 637 1097 663 τι
1125 621 1221 674 περὶ
1240 619 1385 674 σφέων
1416 617 1489 662 αὐ-

223 694 311 733 τῶν
351 690 490 743 οὕτω,
535 689 593 741 ὦς
623 694 712 733 τῶν
737 688 974 745 Ἑλλήνων,
1011 690 1068 745 μή
1108 690 1206 742 περὶ
1245 688 1489 744 Μαρδονίῳ

195 761 382 814 5πταίσῃ
422 758 449 815 ἡ
484 757 642 808 Ἑλλάς.
703 756 758 808 ὡς
795 757 942 812 μέντοι
979 757 1006 814 ἡ
1047 756 1222 815 κλῃδών
1261 755 1369 810 αὕτη
1408 766 1490 810 σφι

225 826 449 877 ἐσέπτατο,
491 826 657 882 μᾶλλόν
702 843 741 869 τι
783 827 855 868 καὶ
885 825 1119 881 ταχύτερον
1155 824 1234 881 τὴν
1263 821 1491 876 πρόσοδον

224 893 462 938 ἐποιεῦντο.
529 897 583 937 Οἱ
621 895 699 950 μὲν
743 894 795 950 δή
832 895 1038 950 ΓΈλληνες
1081 894 1155 937 καὶ
1193 894 1237 936 οἱ
1275 890 1518 947 βάρβαροιῙ

225 962 438 1004 ἔσπευδον
469 963 509 1013 ἐς
530 963 609 1017 τήν
639 962 800 1018 μάχην,
833 962 890 1013 ὤς
922 976 1000 1018 σφι
1030 962 1103 1006 καὶ
1133 963 1180 1004 αῖ
1207 964 1336 1017 νῆσοι
1362 958 1435 1002 καὶ
1466 955 1490 1001 ὁ

219 1029 534 1086 Ἑλλήσποντος
563 1029 699 1072 ἄεθλα
728 1031 965 1084 προέκειτο.

341 1101 464 1140 Τοῖσι
493 1097 571 1152 μέν
600 1114 684 1140 νυν
715 1097 981 1155 Ἀθηναίοισι
1021 1099 1094 1142 καὶ
1123 1102 1236 1141 τοῖσι
1265 1093 1489 1151 προσεχέσι
1544 1097 1706 1160 {gffiffiuussl
1729 1097 1823 1159 filthss]

221 1163 415 1208 τούτοισι
452 1165 771 1220 τεταγμένοισι,
810 1166 933 1221 μέχρι
970 1184 1053 1210 κου
1087 1170 1176 1210 τῶν
1213 1163 1425 1222 ἡμισέων,
1459 1160 1486 1218 ἡ
1544 1153 1822 1194 barimffli'iffl‘ffln

223 1231 324 1285 ὁδὸς
348 1234 507 1289 ἐγίνετο
520 1232 613 1276 κατ’
642 1233 840 1289 αἰγιαλόν
854 1252 896 1277 τε
917 1236 986 1277 καὶ
1001 1235 1164 1278 ἄπεδον
1182 1237 1347 1290 χῶρον·
1368 1235 1512 1273 τοῖσι-,5
1542 1201 1823 1296 ξξξὲὶἒέἵεῖΰῖἐὲἓῖ

223 1302 270 1345 δὲ
283 1303 670 1357 Λακεδαιμονίοισι
683 1303 755 1345 καὶ
775 1307 887 1345 τοῖσι
910 1302 1056 1357 ἐπεξῆς
1077 1300 1270 1345 τούτοισι
1290 1299 1486 1354 τεταγμέ-
1543 1310 1666 1337 graues.

192 1375 350 1421 2νοισι,
369 1370 478 1413 κατά
497 1385 540 1412 τε
567 1369 788 1426 χαράδρην
802 1372 873 1412 καὶ
896 1369 1039 1424 οὔρεα.
1074 1370 1119 1412 ἐν
1152 1362 1186 1424 ᾦ
1216 1367 1262 1411 δὲ
1292 1368 1335 1410 οἱ
1354 1371 1489 1409 Λακε-

224 1436 445 1492 δαιμόνιοι
474 1437 714 1493 περιήισαν,
737 1432 860 1482 οὗτοι
881 1441 922 1481 οἱ
951 1438 1018 1481 ἐπὶ
1047 1440 1107 1492 τῷ
1127 1436 1254 1493 ἑτέρῳ
1286 1435 1403 1490 κέρεϊ
1430 1434 1494 1478 ἔτι

223 1505 298 1547 καὶ
327 1504 379 1561 δή
411 1504 636 1561 ἐμάχοντο.
682 1505 793 1559 Ἕως
830 1507 910 1563 μέν
939 1523 1022 1552 νυν
1051 1510 1163 1549 τοῖσι
1193 1505 1391 1562 Πέρσῃσι
1421 1502 1490 1559 ὅρ-

57 1111 156 1157 102

166 1691 210 1728 iis
230 1691 332 1728 sama
353 1691 583 1729 enunciavit.
640 1691 703 1729 Ad
723 1705 830 1744 seqq.
885 1689 1042 1742 έπτατο]
1082 1688 1169 1728 Vid.
1197 1689 1277 1733 IX,
1319 1690 1398 1729 100
1430 1694 1466 1725 θῒ
1498 1685 1547 1724 ad

168 1750 277 1799 πρωῒ
307 1751 379 1799 τῆς
406 1747 556 1800 ἡμέρης
586 1748 664 1787 vid.
691 1748 829 1786 Matth.

169 1806 237 1842 Gr.
265 1807 328 1842 Gr.
360 1808 397 1852 ξ.
419 1805 500 1846 340
532 1819 619 1856 pag.
642 1806 722 1847 648
750 1820 830 1858 seq.

167 1861 259 1913 περὶ
279 1863 413 1913 δείλην
433 1871 614 1899 monente
625 1862 828 1910 Larchero,

170 1925 225 1954 est
260 1919 386 1968 l’aprbs
426 1919 534 1966 mz'clz'3
565 1927 607 1957 ut
632 1922 690 1968 II,
736 1923 829 1960 173.

168 1975 258 2022 VII,
279 1977 373 2015 223.
404 1976 512 2022 Vm,
533 1977 572 2015 9.

225 2049 348 2104 μηνός
364 2068 404 2093 τε
425 2056 500 2092 τοῦ
523 2048 664 2103 αὐτοῦ]
689 2054 830 2101 „Men-

168 2110 216 2146 sis
263 2111 379 2146 Attici
424 2109 715 2147 Boffidromiouis
770 2109 830 2146 die

168 2167 302 2213 tertio,
339 2173 431 2203 teste
460 2166 665 2203 Plutarcho
694 2168 734 2202 in
756 2167 831 2203 Ca-

168 2224 263 2262 mill.
289 2222 374 2272 [19]
406 2237 493 2274 pag.
530 2226 606 2264 138
635 2225 682 2260 A.
715 2230 752 2260 et
784 2222 832 2259 de

170 2281 275 2318 Glor.
314 2279 405 2319 Ath.
445 2280 639 2331 pag.348
678 2281 720 2317 F.
759 2293 831 2317 nec

170 2337 240 2372 sibi
260 2343 386 2373 tamen
405 2344 599 2374 constante
620 2338 658 2373 in
675 2335 831 2378 Aristid.

171 2391 263 2444 [19]
296 2406 382 2444 pag.
417 2396 498 2434 330
528 2395 570 2432 F.
620 2395 770 2430 Aeliani
790 2394 831 2430 in

169 2457 277 2486 sexto
318 2449 584 2500 Tliargelionis
627 2450 688 2487 die
727 2464 830 2487 error

168 2507 258 2544 var.
279 2508 335 2553 ΙΙ,
366 2508 418 2547 25
450 2506 597 2543 dudum
631 2508 830 2558 castigatus

170 2564 265 2600 est.“
299 2562 635 2612 Wesselz'ng.-—
657 2565 702 2599 In
722 2577 827 2615 seqq.

172 2619 220 2656 ad
242 2619 331 2670 περὶ
353 2621 578 2674 Μαρδονίῳ
599 2619 676 2658 vid.
696 2619 830 2657 Matth.

173 2677 236 2713 Gr.
279 2678 345 2714 Gr.
385 2678 423 2723 §.
462 2678 563 2725 589,
606 2680 630 2718 6
671 2692 709 2715 α.
737 2690 826 2728 pag.

232 2786 285 2835 ὦς
304 2787 437 2840 μέντοι
456 2788 484 2842 ἡ
507 2786 665 2845 κλῃδών
685 2810 739 2819 —
771 2787 832 2831 ἔσ-

884 1762 1047 1801 sequens
1067 1742 1280 1798 ταχύτερον
1300 1745 1372 1793 IV,
1398 1747 1489 1785 127.

943 1814 1071 1856 ἄεθλα
1103 1814 1324 1866 προέκειτο]
1358 1814 1382 1853 ἰ.
1405 1826 1440 1850 e.
1469 1825 1546 1850 cum

883 1876 971 1924 ipsis
1001 1879 1032 1911 et
1065 1873 1202 1910 insulae
1238 1875 1269 1907 et
1300 1870 1549 1918 Hellespontus

884 1934 1053 1980 tanquam
1080 1931 1272 1979 praemium
1302 1928 1469 1963 victoriae
1491 1939 1548 1962 es-

885 1991 959 2024 seut
999 1989 1193 2036 proposita.
1271 1985 1392 2019 Usum
1441 1983 1547 2019 verbi

885 2047 1127 2093 προκεῖσθαι
1164 2042 1250 2078 satis
1282 2038 1486 2077 ostendunt
1516 2041 1546 2087 1,

890 2102 983 2140 126.
1002 2099 1078 2147 lv,
1101 2101 1165 2138 10.
1197 2098 1284 2145 VII,
1322 2098 1414 2136 197.

1115 2188 1208 2239 Cap.
1240 2187 1319 2224 CII.

943 2270 1044 2306 τοῖσι
1068 2265 1291 2319 προσεχέσι]
1332 2262 1417 2302 vid.
1449 2271 1548 2302 nott.

889 2322 937 2361 ad
952 2326 1028 2371 IX,
1060 2327 1127 2365 28.
1167 2323 1229 2360 Ad
1258 2335 1394 2360 vocem
1425 2318 1548 2372 χαροῖ-

887 2382 987 2432 δρην
1000 2384 1234 2430 (voragz'nem)
1247 2380 1348 2419 conf.
1360 2379 1442 2427 Vll,
1454 2380 1545 2427 176,

886 2439 952 2475 ubi
980 2439 1220 2490 χαραδροῦν.

944 2505 999 2545 ἔτι
1039 2505 1106 2544 καὶ
1144 2502 1195 2555 δή
1238 2499 1448 2554 ἐμάχοντο]
1489 2502 1546 2538 Ita

886 2564 972 2599 libri
996 2564 1136 2613 scripti.
1174 2561 1360 2599 Voculam
1380 2558 1435 2598 ἔτι
1455 2556 1546 2595 hinc

886 2619 1086 2656 transferre
1106 2619 1187 2656 vult
1214 2619 1396 2668 Stegerus
1413 2622 1449 2652 et
1467 2616 1546 2652 col-

886 2677 1103 2726 locarepost
1128 2669 1460 2725 Λακεδαιμόνιοις
1484 2672 1547 2709 cui

888 2733 1107 2784 obloquitur
1169 2744 1303 2770 censor
1342 2730 1545 2781 Lipsiensis

890 2792 998 2831 1833
1049 2801 1139 2841 pag.
1189 2789 1253 2831 50.
1314 2784 1443 2839 ,,ἤδη,
1491 2786 1543 2822 ait
