1847 3272
539 611 1131 672 HPOAOTOY

418 751 850 798 ΙΣΤΟΡΙΩΝ
954 751 1254 797 ΟΓΛΟΗ.

667 909 702 949 Ο
721 907 993 948 YPANIA.

111 1036 138 1080 1
201 1016 284 1074 Ol
307 1026 352 1070 δὲ
376 1024 592 1084 Ἑλλήνων
623 1028 664 1079 ἐς
697 1028 775 1072 τὸν
814 1026 1024 1072 ναυτικὸν
1059 1025 1244 1080 στρατὸν
1273 1028 1475 1082 ταχθέν-Ἰ

199 1109 285 1146 τες,
330 1089 442 1151 ἦσαν
474 1098 576 1140 οἵδε.
647 1095 870 1153 Ἀθηναῖοι
902 1096 999 1153 μὲν,
1041 1095 1142 1145 νέας
1171 1094 1491 1151 παρεχόμενοιό
1520 1093 1601 1131 619

200 1162 302 1206 ἑπτά
333 1165 404 1207 καὶ
435 1166 573 1209 εἴκοσι
601 1165 674 1208 καὶ
705 1163 882 1208 ἑκατόν·
926 1163 1012 1207 ὑπὸ
1046 1163 1091 1206 δὲ
1123 1161 1278 1219 ἀρετῆς
1309 1179 1353 1206 τε
1383 1164 1459 1206 καὶ
1519 1143 1743 1214 ffeiffissssinur'es

198 1234 446 1289 προθυμίης
477 1233 723 1286 Πλαταιέες,
756 1231 930 1290 ἄπειροι
958 1237 1035 1290 τῆς
1063 1235 1272 1289 ναυτικῆς
1303 1232 1459 1285 ἐόντες,

1518 1213 1594 1238 mari
1630 1219 1746 1247 gestae.

1520 1245 1577 1278 Qui
1613 1247 1762 1275 Graeciae

1519 1280 1619 1318 popuii
1668 1283 1793 1310 classem

1517 1316 1722 1343 instruxerint.

374 1407 489 1458 Cap.
532 1409 565 1445 Ι.

205 1518 259 1558 Οἵ
280 1518 319 1559 δὲ
340 1516 540 1570 Ἑλλήνων
554 1518 594 1565 ἔς
614 1516 686 1558 τόν
705 1533 803 1557 ναυ-

143 1573 255 1614 τικόν
271 1574 435 1627 στρατόν
450 1574 671 1625 ταχθέντες,
694 1569 800 1625 ἦσαν

146 1632 248 1680 οἵδε]
282 1633 340 1668 De
369 1633 560 1668 locutione
590 1630 801 1682 ταχθέντες

145 1688 185 1735 ἐς
213 1686 282 1727 τόν
311 1703 346 1728 ν.
379 1685 541 1740 στρατὸν
575 1689 676 1727 conf.
708 1689 803 1724 alla-

145 1752 183 1782 ta
213 1745 260 1782 ad
280 1746 362 1793 VII,
385 1748 452 1785 21.
483 1740 588 1795 ἦσαν
615 1759 684 1796 pro
709 1744 804 1784 ἕσαν

146 1801 234 1839 dedi
272 1816 361 1839 cum
401 1801 627 1839 Gaisfordio.
692 1801 803 1848 Quod

144 1859 249 1896 idem
278 1859 351 1895 feci
380 1859 488 1906 v111,
527 1862 566 1899 2.
597 1858 635 1899 5.
668 1861 706 1899 6.
740 1862 826 1900 10.v

147 1919 213 1957 18.
246 1914 312 1956 24.
343 1918 408 1956 37.
439 1915 504 1955 46.
535 1914 602 1956 47.
639 1917 705 1956 69.
735 1918 802 1955 72.

146 1974 212 2012 86.
233 1974 297 2012 87.
322 1974 387 2014 93.
405 1974 584 2012 99.107.
601 1975 691 2012 110.
709 1974 802 2012 111.

150 2030 349 2068 115.129.
400 2029 457 2065 Cf.
486 2029 627 2065 Censor
652 2030 803 2066 leneus.

151 2085 256 2123 1828
273 2097 331 2120 nr.
358 2086 435 2125 186
456 2098 494 2135 p.
508 2084 572 2124 48.
606 2084 668 2121 Ad
689 2097 805 2135 argu-

147 2146 323 2174 mentum
364 2140 439 2174 loci
478 2140 571 2177 haec
610 2140 804 2191 adscripsit

151 2193 374 2243 Sclerweighst
411 2194 676 2241 „Reseruntur
708 2196 804 2231 haec

46 2307 53 2315 κ
82 2296 86 2299 ῃ
150 2250 198 2287 ad
229 2263 430 2307 eanquae
459 2251 546 2294 VII,
581 2253 664 2289 202
702 2249 803 2287 dicta

149 2314 256 2344 sunt:
288 2308 393 2359 ’ἦσαν
424 2305 465 2345 δὲ
491 2306 574 2346 οἵδε
602 2301 803 2357 Ἑλλήνων

151 2364 193 2402 οἷ
227 2359 497 2414 ὑπομένοντες
534 2358 604 2402 τᾶν
642 2362 803 2415 Πέρσην

151 2419 193 2460 ἐν
221 2417 347 2474 τούτῳ
385 2421 440 2474 τῷ
477 2415 614 2472 χώρῳε
662 2433 804 2471 nempe

152 2476 200 2514 ad
223 2477 484 2527 Thermopylas.
528 2476 680 2513 Scilicet
699 2475 805 2514 haud

150 2535 203 2570 ita
231 2534 363 2585 procul
397 2546 418 2569 a
443 2531 712 2583 Thermopylis
734 2535 804 2570 ab-

153 2597 232 2627 erat
269 2590 539 2627 ArtemiSIum:
585 2590 690 2638 (VII,
723 2589 803 2631 175

154 2647 266 2696 extr.)
296 2646 343 2684 ad
364 2645 643 2697 Thermopylas
673 2647 803 2697 copiae

153 2705 386 2741 Graecorum
422 2703 611 2754 pedestres
651 2704 804 2753 opposi-

153 2766 214 2798 tae
243 2767 330 2798 sunt
364 2761 505 2808 Xerxi3
557 2758 605 2796 ad
635 2760 804 2797 Artemi-

154 2816 272 2864 sium,
309 2817 439 2867 copiae
479 2817 643 2855 navales.

209 2874 430 2911 Hier-onor.
449 2872 518 2911 IV.

720 2817 804 2854 lam

854 1414 1069 1458 postquam,
1092 1419 1189 1457 quae
1209 1405 1256 1442 ad
1267 1405 1517 1457 Thermopy-

854 1465 909 1499 las
941 1463 1182 1509 acciderunt,
1219 1464 1394 1511 exposuit
1423 1464 1517 1498 scri—

856 1526 954 1570 ptor,
976 1532 1078 1554 nunc
1101 1519 1223 1568 pergit
1245 1518 1292 1553 ad
1315 1531 1517 1568 exponen-

858 1575 923 1612 das
945 1589 1001 1611 res
1023 1574 1069 1611 ad
1086 1575 1334 1611 Artemisium
1355 1576 1517 1624 gestas.“

912 1627 1127 1682 Ἀθηναῖοι
1168 1628 1240 1682 μὲν
1254 1660 1265 1680 ,
1315 1630 1406 1677 νέας
1438 1648 1517 1671 ποι-

859 1684 1072 1739 ρεχόμενοι
1094 1685 1189 1727 ἓπτῡὶ
1210 1686 1274 1726 καὶ
1300 1687 1425 1726 εἴκοσι
1449 1688 1518 1728 καὶ

862 1743 1020 1794 ἑκατόν]
1061 1747 1118 1781 Ita
1155 1758 1244 1781 cum
1285 1743 1518 1796 Scliweigh.,

861 1803 979 1841 Gaisf.
1004 1809 1039 1838 et
1060 1800 1184 1838 Bekk.
1217 1816 1236 1838 e
1259 1802 1450 1839 Saucrofti
1469 1805 1518 1839 li-

859 1859 928 1896 bro
946 1861 1097 1910 alioque
1113 1859 1295 1909 rescripsi,
1317 1872 1415 1910 quae
1431 1861 1518 1897 vul-

860 1929 910 1966 go
930 1918 982 1953 sic
1002 1917 1226 1966 legebantur
1248 1917 1396 1953 inverso
1414 1916 1518 1953 ordi-

859 1986 931 2009 ne:
954 1972 1096 2012 ἑκατόν
1107 1971 1174 2011 καὶ
1191 1972 1314 2011 εἴκοσι
1326 1972 1392 2010 καὶ
1407 1971 1517 2012 ἔπι-α’.

862 2030 972 2066 Conf.
993 2028 1174 2066 Matthiae
1192 2031 1365 2069 Gramm.
1383 2031 1518 2071 Graec,

861 2088 898 2132 ξ.
922 2086 1000 2127 140
1022 2100 1107 2137 pag.
1130 2083 1224 2134 264,
1256 2087 1323 2137 qui
1353 2085 1455 2123 idem
1478 2090 1518 2125 in

860 2149 969 2179 textu
997 2144 1196 2192 vuigarem
1231 2143 1386 2179 retinuit
1412 2145 1517 2181 ordi-

860 2211 962 2232 nem.
993 2198 1103 2241 Quod
1124 2208 1213 2231 vero
1234 2202 1367 2233 centum
1385 2201 1520 2247 viginti

859 2256 983 2302 septem
1013 2253 1058 2288 ab
1078 2252 1210 2288 Atticis
1231 2251 1417 2290 exhibitas
1438 2270 1517 2293 esse

859 2322 973 2344 naves
986 2309 1111 2344 scribit
1122 2307 1348 2356 Herodotus,
1365 2311 1429 2346 vix
1441 2312 1516 2350 dis-

859 2366 972 2402 sentit
985 2365 1172 2402 Diodorus
1183 2366 1267 2412 XV,
1284 2368 1349 2413 78,
1368 2370 1433 2418 qui
1449 2369 1517 2406 ‹lu-

860 2425 979 2459 centas
995 2423 1112 2473 ponit,
1130 2423 1300 2473 itemque
1317 2423 1514 2463 Cornelius

859 2480 984 2529 Nepos
1006 2478 1257 2516 Themistocl.
1289 2482 1326 2527 3,
1349 2481 1415 2516 ubi
1436 2482 1514 2519 vid.

859 2537 1034 2587 Namque
1064 2537 1144 2586 ipse
1173 2537 1307 2571 Noster
1336 2536 1434 2585 VIII,
1461 2537 1513 2578 14

859 2593 945 2630 coll.
975 2591 1132 2629 Diodor.
1160 2593 1228 2640 XI,
1253 2594 1302 2632 13
1334 2594 1515 2644 quinqua-

859 2651 963 2697 ginta
983 2654 1052 2686 tres
1079 2661 1193 2685 naves
1218 2649 1345 2686 scribit
1372 2652 1513 2688 auxilio

858 2707 1005 2742 venisse
1034 2706 1200 2752 Atticas,
1230 2718 1393 2756 quarum
1422 2707 1513 2744 inde

859 2775 1010 2798 summa
1029 2762 1072 2798 fit
1091 2765 1226 2799 centum
1245 2766 1444 2812 octoginta,
1469 2771 1513 2802 ut

858 2819 1020 2870 legimus
1039 2819 1139 2867 VIII,
1152 2817 1217 2859 44.
1247 2820 1390 2867 Quibus
1401 2821 1432 2858 si
1442 2819 1513 2858 ad-
