1996 3238
545 166 895 208 URANIA.
952 167 1082 206 VIII.

1355 168 1436 208 191

183 291 287 332 μος·
326 275 353 333 ἡ
390 275 436 319 δὲ
475 272 586 330 γυνή
618 276 700 318 τοῦ
728 274 929 330 βασιλέος
946 307 956 327 ,
995 275 1106 332 αὐτή
1136 277 1189 321 τὰ
1220 276 1333 321 σιτία
1356 285 1437 333 σφι

154 347 176 385 4
188 345 346 388 ἔπεσσε.
378 342 490 394 ὅκως
511 343 557 387 δὲ
569 340 736 399 όπτῷτο
748 341 773 385 ὁ
788 340 921 397 ἄρτος
933 348 1014 387 τοῦ
1023 345 1180 397 παιδὸς
1201 348 1282 389 τοῦ
1300 343 1438 401 θητὸς

182 413 443 467 Περδίκκεω,
475 410 702 468 διπλήσιος
724 410 885 466 ἐγίνετο
913 409 1044 462 αὐτός
1060 412 1242 456 ἑωυτοῦ.
1275 413 1365 456 ἐπεὶ
1387 412 1464 456 δὲ1

153 486 174 521 5
186 481 267 524 αἰεὶ
277 478 416 523 τώυτό
427 483 558 523 τοῦτο
570 479 746 535 ἐγίνετο,
764 476 854 522 εἶπε
865 477 977 533 πρὸς
988 478 1066 522 τὸν
1085 477 1224 534 ἄνδρα
1236 481 1314 524 τὸν
1333 481 1439 524 ε’ωυ-

177 551 264 604 τῆς.
294 546 373 592 τόν
394 547 440 591 δὲ
450 547 701 591 ἀκούσαντα
720 546 874 604 ἐσῆλθε
884 545 1052 597 αὐτίκα,
1065 546 1123 598 ὦς
1133 549 1196 603 εἴη
1216 547 1353 603 τέρας,
1363 549 1438 593 καὶ

177 615 308 672 φέροι
335 615 379 667 ἐς
408 615 517 672 μέγα
545 632 598 659 τι.

656 614 840 667 καλέσας
869 615 916 660 δὲ
936 615 1044 667 τούς
1062 619 1212 672 θῆτας,
1243 615 1436 672 προηγό-

175 684 275 739 ρευέ
296 695 376 740 σφι
395 682 754 728 ἀπαλλάσσεσθαι
774 683 820 726 ἐκ
838 686 917 740 γῆς
932 687 1008 740 τῆς
1023 683 1204 727 ἑωυτοῦ.
1235 684 1278 726 οἷ
1290 683 1335 726 δὲ
1356 683 1463 727 τὸν5

143 751 338 809 σμισθὸν
380 751 551 807 ἔφασαν
594 752 757 795 δίκαιοι
794 749 907 795 εἶναι
948 749 1268 807 ἀπολαβόντες,
1318 750 1434 794 οὕτω

172 818 342 872 ἐξιέναι.
370 818 566 863 ἐνθαῦτα
587 817 610 862 ὁ
641 818 866 876 βασιλεὺς,
895 823 980 864 τοῦ
997 824 1163 875 μισθοῦ
1183 819 1283 874 πέρι
1305 818 1438 862 οἱκού-

174 897 274 942 σας,
317 883 374 944 ἦν
409 887 496 944 γάρ
527 887 638 931 κατὰ
676 887 757 943 τὴν
794 888 1079 946 καπνοδόκην
1125 888 1169 941 ἐς
1200 887 1279 932 τὸν
1309 884 1437 932 οἷκον

115 1014 163 1054 da
174 1018 299 1068 potius
311 1029 427 1069 quam
435 1013 669 1052 subiicienda
678 1015 775 1053 fuis-

113 1071 574 1123 sessobservatValck.‚aliis
585 1073 703 1109 allatis
712 1073 774 1110 lo-

112 1131 219 1178 cis,in
232 1131 367 1183 quibus
379 1128 594 1167 Herodotus
605 1142 660 1177 ea,
675 1142 772 1182 quae

112 1200 266 1224 causam
287 1187 772 1238 continentiapraeponen-

112 1242 161 1280 da
181 1245 335 1294 fuerint,
359 1245 612 1295 postposuerit
635 1250 671 1280 et
688 1245 775 1280 reli-

110 1301 415 1353 quissubiecerit.
426 1299 661 1338 Vid.nott.ad
670 1299 770 1348 124.

167 1353 269 1409 αὕτή
301 1355 349 1397 τοὶ
377 1358 481 1397 σιτία
507 1369 580 1407 σφι
612 1355 767 1405 ἔπεσσε]

109 1413 133 1451 i.
162 1427 197 1452 e.
228 1417 307 1465 ipsa
328 1416 420 1452 cibos
446 1414 521 1451 illis
546 1413 714 1463 coquebat
739 1426 769 1452 s.

103 1484 244 1522 panem,
264 1478 305 1508 ut
328 1472 440 1509 vertit
458 1468 766 1518 Vfflckenaerius,

105 1535 242 1566 notans
262 1526 422 1567 πέσσειν
445 1541 476 1565 s.
494 1525 647 1567 πέττειν
666 1527 769 1564 Aeo·-

104 1585 188 1621 lum
198 1592 312 1637 atque
325 1587 465 1622 Ionum
478 1597 588 1621 more
604 1582 678 1621 dici
697 1596 767 1634 pro

103 1642 211 1692 vulg.
245 1640 428 1689 πέπτειν,
465 1653 617 1692 coquere.
686 1642 767 1678 Nec

104 1698 216 1735 valde
251 1697 341 1736 hinc
383 1697 578 1736 discedere
615 1696 768 1736 videtur

104 1749 254 1805 ὄπτοῒν,
291 1754 397 1808 quod
423 1768 514 1793 sane
538 1761 592 1792 est
622 1758 765 1804 torrere,

103 1813 165 1849 vel
202 1812 308 1864 quod
352 1813 589 1865 frequentius
628 1811 766 1849 dicitur

104 1881 246 1918 coquere
258 1882 406 1919 panem,
425 1876 662 1907 monstrante
684 1870 766 1906 Ga-

102 1923 224 1963 taker.
249 1925 297 1962 ad
311 1927 497 1965 Antonin.
518 1927 586 1975 ΠΙ,
606 1928 645 1966 2.
665 1927 765 1963 Hinc

103 1980 206 2032 apud
224 1980 364 2019 Athen
385 1984 438 2018 ΠΙ
457 1996 495 2033 p.
522 1981 598 2022 114
619 1984 668 2020 D.
692 1979 767 2034 ἅρ-

103 2052 196 2084 τους
247 2033 502 2089 ὀπτωμένους
547 2039 765 2075 invenimus

102 2095 274 2146 itemque
321 2094 423 2144 apud
475 2093 638 2132 Suidam
676 2108 765 2146 pag.

106 2153 187 2191 102
196 2152 313 2188 Tom.
325 2153 380 2188 111
389 2158 547 2189 notante
563 2150 767 2202 Schweig-

102 2205 313 2245 haeusero:
378 2205 601 2258 πεσσόμενα
662 2210 766 2248 σιτία

102 2260 193 2317 παρ’
217 2262 445 2320 “Ηροδο’τῳ·
466 2263 514 2303 τά
538 2260 765 2316 ὄπτῶμενα.

102 2322 153 2358 Et
180 2323 280 2360 conf.
305 2323 432 2373 ipsum
462 2321 700 2360 Herodotum
733 2324 765 2370 I,

107 2380 413 2447 161.1tas,1ue
442 2380 558 2417 verba
588 2375 690 2426 ’ὅκως
722 2377 765 2420 δὲ

104 2429 255 2488 daz-9510
280 2451 300 2475 ο
340 2433 459 2488 ἄρτος
491 2437 644 2474 valent:
675 2450 767 2486 quo-

101 2492 168 2528 ties
195 2505 226 2529 s.
247 2492 385 2542 quando
408 2495 516 2543 panis
541 2493 763 2544 coquebatur.

102 2547 177 2584 Ubi
205 2562 274 2600 pro
305 2544 461 2603 ὅπτῷτο
494 2551 708 2588 Gronovius
742 2564 764 2588 e

101 2603 274 2643 Mediceo
299 2607 400 2643 male
435 2603 634 2644 dederat’
611 2607 763 2661 οπτςόη.

106 2660 210 2706 Quae
224 2671 436 2715 sequuntur
457 2676 570 2702 voces
589 2679 660 2704 του
681 2669 764 2716 θη-

105 2713 169 2764 τὸς
187 2722 260 2758 τοῦ
276 2721 519 2772 Περδίκκεω,
543 2734 605 2758 eas
625 2722 763 2758 imme-

106 2773 177 2811 rito
209 2784 398 2829 suspectas
432 2776 569 2816 habuit
598 2776 761 2817 Valcke-

828 1017 993 1055 naerius.
1049 1018 1183 1068 Itaque
1198 1016 1305 1053 uncis
1319 1044 1330 1064 ,
1355 1015 1492 1069 quibus

829 1075 1032 1111 incluserat
1052 1072 1292 1121 Schaeferus,
1314 1079 1428 1125 atque
1438 1080 1491 1110 et-

827 1133 905 1168 iam
942 1131 1089 1181 NegriS‚
1124 1130 1304 1182 equidem
1332 1131 1491 1168 liberavi

827 1189 910 1225 illas
938 1201 1051 1226 voces
1078 1201 1169 1224 cum
1198 1193 1358 1225 recentt.
1387 1186 1488 1236 edd.,

833 1246 979 1281 abiecto
999 1245 1113 1282 simul
1127 1245 1284 1282 articulo
1305 1247 1378 1284 τοῦ
1398 1251 1488 1281 ante

829 1301 1083 1353 Περδίκκεω,
1115 1302 1183 1353 qui
1212 1314 1235 1338 a
1267 1302 1489 1338 Florentino

827 1359 954 1402 abest,
1002 1371 1197 1410 quemque
1234 1364 1366 1394 tamen
1399 1370 1489 1395 cum

826 1413 1033 1453 Schaefero
1078 1416 1318 1452 retinuerunt
1349 1414 1489 1453 Matth.

825 1478 862 1508 et
881 1469 1052 1508 Bekker.

882 1523 1093 1578 διπλήσιος
1125 1526 1274 1580 ἐγίνετο
1297 1523 1419 1575 αὐτὸς
1445 1526 1487 1567 ἓ-

826 1583 980 1637 ωυτοῦ]
991 1586 1249 1622 Delocutione
1259 1584 1336 1623 vid.
1347 1584 1488 1623 Matth.

824 1642 891 1679 Gr.
914 1642 981 1678 Gr.
1008 1643 1044 1688 ξ.
1065 1641 1146 1683 452
1168 1656 1206 1693 p.
1224 1643 1320 1684 848.
1354 1643 1487 1693 Ipsum

822 1705 1043 1750 portentum
1059 1700 1181 1749 attigit
1208 1700 1238 1736 I.
1254 1701 1318 1736 Fr.
1332 1700 1488 1736 Grono-

822 1756 905 1793 vius
926 1754 975 1792 ad
993 1757 1079 1796 Liv.
1089 1758 1197 1805 XXI,
1211 1759 1275 1797 62.
1305 1755 1487 1809 Adseqq.

822 1811 970 1863 ἐσῆλθε
1003 1812 1082 1851 vid.
1111 1820 1209 1850 nott.
1237 1812 1284 1850 ad
1324 1814 1390 1861 ΙΙΙ,
1417 1813 1486 1854 42.

824 1868 962 1923 φέρειν
981 1868 1022 1917 ἐς
1044 1884 1092 1917 τι,
1115 1869 1219 1922 quod
1239 1871 1326 1907 satis
1347 1877 1486 1906 notum

823 1933 890 1974 est,
927 1927 1028 1964 valet
1066 1931 1222 1977 spectare
1249 1928 1299 1964 acl
1331 1927 1484 1977 aliquid,

820 1983 988 2035 indeque
997 1984 1202 2034 portendere
1219 1984 1370 2034 aliquid.

879 2040 1030 2080 δίκαιοι
1059 2037 1161 2079 εἶναι
1189 2036 1482 2091 ἀπολαβόντες]

819 2095 907 2133 Vid.
939 2094 1075 2133 Matth.
1096 2098 1162 2135 Gr.
1185 2097 1252 2133 Gr.
1275 2098 1313 2142 §.
1335 2095 1416 2137 536
1444 2109 1486 2146 p.

825 2151 932 2194 1053
954 2153 1038 2190 coll.
1067 2151 1290 2190 Bo'tticher:
1330 2154 1389 2188 De
1415 2153 1484 2190 vit.

821 2210 965 2260 scriptt.
995 2210 1122 2247 Taciti
1141 2222 1229 2261 pag.
1252 2211 1317 2249 90.
1346 2210 1484 2260 Attigit

819 2265 860 2303 h.
880 2267 907 2304 l.
929 2265 1314 2318 Schweighaeuserus
1343 2265 1392 2303 ad
1411 2268 1483 2314 lx,

822 2325 876 2364 60
911 2323 1043 2377 ibique
1074 2323 1262 2362 reddidit:
1302 2323 1479 2372 dicebant,

820 2381 952 2418 iustum
981 2394 1052 2420 esse
1082 2386 1124 2419 ut
1158 2385 1214 2420 ita
1245 2381 1403 2432 abeant,
1446 2383 1481 2418 si

820 2437 1005 2476 mercedem
1036 2441 1249 2490 accepissent
1281 2438 1308 2475 i.
1340 2451 1374 2475 e.
1408 2451 1480 2489 par

825 2506 915 2543 esse,
965 2499 1008 2533 ut
1047 2496 1232 2534 mercedem
1283 2497 1478 2547 accipiant,

816 2554 1029 2602 priusquam
1047 2554 1187 2590 abeant.
1209 2553 1276 2590 Tu
1294 2551 1372 2592 vid.
1379 2559 1477 2592 nott.

818 2607 917 2657 adl,
939 2610 1078 2650 32fin.
1098 2611 1168 2658 IX,
1189 2611 1257 2651 27.
1279 2612 1344 2651 60.

873 2659 928 2717 ἦν
947 2680 1023 2718 γαρ
1048 2663 1149 2706 κατοῖ
1163 2664 1253 2737 τ’)’ὶν
1271 2662 1476 2706 καπνοδό-

817 2736 894 2773 κην
906 2721 944 2770 ἐς
955 2719 1021 2762 τὸν
1034 2720 1147 2763 οἶκον
1157 2722 1300 2776 ἐσέχων
1311 2740 1331 2765 o
1319 2720 1476 2774 ’ἥλιος]

815 2780 948 2817 Bene
976 2780 1258 2832 Seleu-eight
1314 2778 1478 2832 Namque
