1879 3222
378 195 450 253 ΒΕ
476 213 602 251 v1TA
629 213 702 250 ET
731 212 965 251 SCRIPTIS
994 212 1274 251 HERODOTI.
1491 212 1578 253 427

92 327 238 365 fabulas
259 328 305 364 ab
322 323 513 363 Herodoto
532 322 695 361 historiis
724 323 912 361 admixtas
950 339 1029 363 esse
1059 325 1365 377 pronuntiarunt.
1423 322 1578 361 Poliom‘s

93 384 291 421 cuiusdam
319 384 457 420 librum
497 395 555 420 πε
571 396 592 431 ρ
610 380 623 419 ὶ
657 382 746 430 τῆς
773 377 1061 432 ”Ηροδο’του
1096 385 1182 421 κλο
1199 384 1303 432 πῆς
1341 388 1456 433 atque
1486 379 1578 431 περὶ

92 443 164 492 τῆς
194 440 370 490 Κτησίου
390 440 539 487 κλοπῆς
567 444 754 474 memorat
769 437 908 476 Euseb.
930 438 969 474 in
989 439 1164 490 Praepar.
1189 440 1337 489 Evang.
1355 439 1394 475 X
1425 452 1462 489 p.
1496 436 1576 478 467

91 499 140 538 D.
195 496 331 533 Adbuc
350 496 468 532 fertur
487 495 585 531 inter
604 492 797 531 Plutarchi
817 495 952 544 scripta
971 495 1118 532 libellus
1143 494 1233 546 περὶ
1259 498 1327 545 τῆς
1356 490 1578 546 Ἡροδότου

91 551 336 604 κακοηθείας
367 552 414 588 Τ.
443 552 478 587 11
499 565 536 602 p.
572 551 653 591 854-
679 564 780 603 seq.3
812 564 926 604 quem
953 557 1082 588 tamen
1103 553 1242 589 librum
1272 564 1292 587 a
1321 550 1579 588 Chaeronensi

91 607 315 662 philosopho
344 609 526 659 scriptum
556 621 633 644 esse
654 610 812 644 minime
839 607 1012 656 credam,
1043 607 1110 645 sed
1137 610 1214 645 eius
1230 609 1373 658 scriptis
1393 609 1493 644 male
1519 609 1579 644 iu-

91 673 251 714 sertum,
282 666 421 717 quippe
442 665 655 715 profectum
677 666 721 701 ab
743 665 956 702 officiosiori
976 664 1144 717 quodam
1166 665 1350 701 Graeculo
1364 694 1373 710 ,
1412 678 1456 701 eo
1487 677 1580 701 con-

90 724 194 770 silio,
224 735 301 774 quo
331 721 517 759 eiusmodi
550 723 658 772 plura
678 723 716 758 in
737 721 974 758 Herodotum
1003 721 1164 759 conficta
1185 734 1264 758 esse
1292 722 1508 758 notavimus
1529 719 1578 757 ad

89 779 186 823 VIII,
214 778 281 819 94.
301 779 353 816 Τ.
372 780 423 816 IV
447 793 484 830 p.
514 781 606 820 129,
672 780 861 815 Nimirum
889 785 1020 815 auctor
1057 779 1267 829 scriptionis
1295 779 1478 824 Boeotos,
1506 790 1579 827 po-

88 835 239 885 pulares
266 848 373 884 suos,
413 836 458 872 ab
480 837 524 872 iis
546 837 785 884 criminibus,¹
809 849 972 887 quorum
990 848 1053 872 eos
1071 849 1153 873 reos
1187 835 1327 872 fecerat
1346 833 1575 882 Herodotus,

87 892 211 929 Persis
231 893 315 929 illos
333 906 373 929 se
394 892 608 929 adiunxisse
629 900 760 930 contra
779 894 943 945 reliquos
963 894 1126 930 Graecos
1147 893 1359 939 enuntians,
1372 890 1466 928 dum
1485 903 1580 941 pur-

89 961 180 998 gare
200 948 346 997 studet,
383 962 459 1001 quo
490 950 624 986 melius
653 951 888 1000 propositum
908 957 1126 1002 assequatur
1151 951 1192 985 in
1213 950 1434 986 universum
1454 950 1581 984 Hero-

90 1004 171 1042 doti
194 1004 388 1043 historiam
408 1007 666 1058 persequitur,
697 1005 799 1043 hunc
819 1008 1041 1057 scriptorem
1060 1007 1247 1043 malevolo
1269 1007 1398 1042 animo
1421 1004 1580 1042 ductum

88 1075 148 1098 res
169 1062 274 1099 aliter
294 1070 407 1114 atque
442 1062 668 1111 acciderint,
699 1062 895 1100 tradidisse
916 1064 1083 1100 clamans
1097 1093 1106 1111 ,
1147 1064 1270 1099 multa
1289 1062 1440 1099 finxisse
1455 1092 1465 1110 ,
1509 1062 1581 1098 alia

87 1120 270 1168 tacuisse,
300 1121 379 1157 aliis
412 1118 566 1156 laudem
584 1121 778 1167 tribuisse,
809 1121 971 1157 aliorum
991 1121 1151 1169 gloriam
1181 1118 1375 1156 invidiosis
1400 1119 1581 1155 crimina-

89 1176 254 1213 tionibus
285 1177 521 1223 obscurasse,
561 1178 641 1213 veri
678 1178 836 1212 minime
873 1178 1079 1214 curiosum.
1157 1175 1269 1221 Quod
1316 1176 1457 1212 nullius
1497 1177 1580 1212 fere

87 1234 275 1269 momenti
302 1247 404 1281 esse,
448 1235 487 1269 in
516 1235 761 1270 annotatione
781 1233 829 1270 ad
858 1234 1048 1284 singulos,
1078 1246 1173 1285 quos
1204 1234 1273 1269 iste
1294 1239 1426 1269 auctor
1445 1233 1580 1281 tangit,

88 1288 191 1325 locos
211 1290 474 1339 probavimus3
504 1297 546 1326 ut
572 1303 662 1327 sane
688 1290 865 1341 putidum
885 1292 932 1328 sit
951 1289 1088 1327 diutius
1113 1291 1152 1326 in
1181 1291 1316 1326 talibus
1338 1290 1581 1328 commorari.

86 1347 144 1381 Ac
172 1346 298 1396 plures
326 1348 397 1384 viri
424 1346 525 1383 docti
569 1346 716 1384 dudum
746 1347 929 1384 Herodoti
955 1359 1109 1384 causam
1129 1354 1260 1383 contra
1280 1347 1466 1396 malignas
1493 1347 1582 1382 istas

86 1415 279 1454 vanasque
295 1405 576 1440 criminationes
596 1411 854 1454 susceperunt,
875 1401 920 1452 i⁶²)
949 1405 989 1440 in
1017 1404 1151 1455 quibus
1174 1401 1375 1454 splendent
1395 1400 1581 1439 Ioachim.

89 1458 348 1508 Camerarius,
383 1459 529 1511 loseph.
558 1461 750 1510 Scaliger,
786 1462 972 1497 Henricus
1000 1459 1236 1511 Stephanus,
1271 1460 1333 1495 alii
1366 1467 1403 1496 et
1431 1460 1583 1510 potissi-

87 1527 198 1551 mum
226 1517 370 1553 Geinoz
402 1518 441 1553 in
472 1518 642 1567 pluribus
674 1518 1069 1554 Commentationibus
1099 1518 1199 1554 Actt.
1219 1515 1368 1553 Acadd.
1389 1517 1581 1566 Inscriptt.

86 1571 255 1620 insertis3
293 1574 428 1625 quibus
458 1573 593 1610 iisdem
619 1588 708 1611 usus
742 1582 796 1611 est
830 1576 1057 1611 Kaltwasser
1090 1575 1130 1609 in
1152 1573 1396 1610 adnotatione
1417 1573 1582 1610 versioni

86 1630 313 1666 vernaculae
348 1629 567 1667 Plutarchei
596 1632 714 1667 libelli
732 1632 922 1679 subiecta,
952 1631 1019 1667 ubi
1048 1629 1094 1666 de
1115 1631 1196 1680 ipso
1215 1630 1312 1666 libro
1343 1631 1416 1666 tale
1436 1630 1508 1665 fert
1522 1630 1582 1665 iu-

87 1683 253 1722 dicium:
286 1687 702 1734 „Uebelverstandener
720 1689 981 1724 Patriotismus
1001 1700 1081 1723 war
1097 1700 1159 1733 es,
1195 1699 1273 1723 was
1303 1685 1378 1722 den
1408 1693 1511 1723 sonst
1539 1698 1581 1722 so

87 1741 392 1780 einsichtsvolleu
429 1743 510 1780 und
546 1744 766 1795 verniinftig
807 1743 1040 1781 denkenden
1070 1742 1254 1780 Plutarch
1286 1743 1473 1794 bewogen
1502 1740 1581 1792 hat,

87 1796 188 1836 diese
208 1797 404 1836 hamische
420 1799 684 1852 Abhandlung
704 1814 829 1852 gegen
848 1800 1021 1838 Herodot
1041 1814 1090 1837 zu
1109 1799 1309 1837 schreiben
1331 1807 1403 1837 etc.
1424 1800 1524 1836 etc.“

197 1857 387 1892 Libellum
407 1857 568 1894 alterum
589 1858 642 1895 De
678 1858 758 1894 Vita
779 1858 936 1906 Homeri,
965 1859 1030 1910 qui
1057 1858 1235 1895 Herodoti
1253 1869 1342 1907 prae
1361 1870 1401 1893 se
1417 1857 1490 1892 fert
1509 1868 1582 1892 no-

86 1923 204 1959 men,
235 1913 359 1949 ionica
390 1912 550 1951 dialecto
579 1916 855 1965 conscriptum,
908 1913 1104 1951 Herodoto
1133 1913 1474 1961 Halicarnassensi,
1518 1911 1581 1948 hi-

87 1969 223 2004 storiae
243 1971 340 2019 patri
359 1972 493 2006 merito
511 1970 807 2008 abiudicandum
830 1979 984 2008 censent
1002 1972 1073 2009 viri
1094 1970 1209 2007 docti.
1252 1969 1337 2008 Vid.
1350 1970 1581 2019 Wesseling.

88 2023 137 2060 ad
163 2025 245 2062 init.
277 2039 314 2076 p.
337 2028 414 2065 761
449 2026 509 2066 ed.
531 2041 620 2064 suae
640 2027 824 2065 Herodot.
854 2029 1001 2065 Fabric.
1029 2034 1066 2064 et
1086 2027 1230 2063 Harles.
1262 2028 1300 2062 in
1322 2027 1421 2065 Bibl.
1444 2027 1581 2063 Graec.

86 2081 135 2128 11,
163 2084 181 2120 1
211 2082 248 2127 ξ.
269 2085 307 2122 3.
339 2083 387 2119 T.
417 2084 434 2118 I
454 2097 489 2133 p.
513 2085 592 2125 319
613 2097 719 2137 seqq.
749 2092 786 2122 et
805 2086 853 2134 II,
871 2088 925 2126 20
946 2086 981 2131 §.
998 2082 1023 2123 4
1053 2084 1120 2132 (T.
1138 2085 1174 2120 ΙΙ
1193 2097 1230 2134 p.
1252 2082 1366 2133 334).
1399 2081 1581 2120 Larcher.

86 2136 272 2176 Herodot.
293 2140 344 2176 T.
361 2139 411 2177 vl
429 2153 466 2190 p.
486 2143 583 2181 213.

761 2287 800 2333 ὓ.
833 2289 897 2328 17.

198 2410 301 2446 Inter
334 2408 482 2447 codices
512 2409 696 2448 Herodoti
724 2409 851 2449 adhuc
883 2412 1055 2463 cognitos
1086 2412 1256 2462 primum
1288 2411 1417 2448 locum
1447 2417 1578 2448 tenere

86 2471 240 2516 putatur
259 2465 455 2515 BIecliceus,
485 2469 818 2516 membranaceus,
839 2469 907 2506 fol.
927 2470 1022 2507 min.
1052 2470 1180 2506 seculo
1211 2467 1360 2505 decimo
1390 2475 1577 2516 exaratus,

88 2530 240 2560 auctore
261 2523 426 2560 Baudiui
447 2526 485 2560 in
508 2525 678 2575 Catalog.
702 2525 823 2563 Codd.
846 2528 1003 2563 Graece.
1025 2527 1117 2564 bibl.
1145 2527 1326 2562 Laurent.
1345 2526 1380 2562 11
1401 2526 1472 2564 col.
1496 2525 1577 2566 657

87 2591 180 2631 seq„
210 2593 231 2616 a
250 2581 388 2618 Iacobo
410 2583 602 2619 Gronovio
619 2583 756 2620 iuvene
780 2584 992 2620 Florentiae
1014 2582 1107 2619 dum
1127 2583 1365 2630 versabatur,
1402 2588 1578 2619 accurate

89 2636 245 2674 collatus
264 2644 302 2675 et
319 2640 574 2691 superstitiosa
592 2652 715 2691 paene
735 2642 980 2679 veneratione
1001 2640 1135 2690 cultus,
1156 2641 1208 2678 ita
1226 2640 1338 2679 utvel
1348 2639 1580 2677 manifestis-

181 2823 218 2870 *J
241 2825 316 2861 vid.
338 2808 475 2862 Fabae.
499 2828 587 2863 mm.
614 2830 742 2864 Graec.
765 2828 811 2863 T.
834 2828 868 2863 11
891 2840 925 2874 p.
947 2829 1025 2864 332.
