1996 3238
564 240 914 280 URANIA.
972 244 1109 283 V111.

1390 246 1474 288 167

205 347 306 394 οὔτε
334 349 384 394 τὰ
415 347 623 402 Περσέων
641 353 776 394 τοῦτο
803 348 961 401 πάθος.
992 353 1030 394 εἰ
1057 352 1143 408 γὰρ
1175 353 1229 409 δὴ
1243 355 1382 398 ταῦτα
1395 351 1471 396 οὕ-

202 435 263 462 τω
293 418 438 474 εἰρέθη
452 417 499 460 ἐκ
531 420 612 461 τοῦ
632 416 906 475 κυβερνήτεω
919 417 1031 474 πρός
1043 420 1218 474 Ξέρξεα,
1231 421 1278 465 ἐν
1290 422 1476 478 μυρίῃσι

201 484 400 543 γνώμῃσι
417 486 523 541 μίαν
545 483 628 530 οὐκ
648 486 728 542 ἔχω
758 485 974 540 ἀντίξοον,
1006 488 1065 544 μὴ
1095 488 1177 533 οὐκ
1206 488 1263 533 ἂν
1292 493 1474 545 ποιῆσαι

200 553 380 610 βασιλέα
407 552 603 598 τοιόνδε·
653 554 761 606 τοὺς
794 554 875 612 μὲν
912 554 961 598 ἐκ
989 559 1070 599 τοῦ
1109 557 1476 613 καταστρώματος

197 620 491 679 καταβιβάσαι
510 621 554 674 ἐς
570 623 721 680 κοίλην
736 626 834 680 νῆα,
867 623 1021 675 ἐόντας
1040 624 1225 679 Πέρσας,
1253 626 1326 669 καὶ
1357 630 1474 683 Περ-
1485 633 1532 668 30

199 689 310 734 σέων
338 691 445 742 τούς
473 691 696 748 πρώτους·
726 696 817 736 τῶν
848 691 884 737 δ’
915 691 1115 746 ἐρετέων,
1147 692 1311 737 ἐόντων
1362 698 1473 738 Φοι-

197 760 347 814 νίκων,
378 759 494 812 ὅκως
522 759 604 804 οὐκ
635 759 690 805 ἂν
713 762 814 805 ἴσον
841 764 1013 817 πλῆθος
1032 765 1146 804 τοῖσι
1161 762 1359 819 Πέρσησι
1389 761 1473 813 ἐξέ-

168 830 308 884 3βαλε
337 827 381 880 ἐς
407 827 490 898 τὴν
519 829 762 874 θάλασσαν.

817 827 923 873 ”Αλλ
965 828 989 873 ὁ
1019 828 1125 885 μὲν,
1164 827 1225 881 ὥς
1262 831 1336 874 καὶ
1365 828 1470 885 πρό-

196 895 326 952 τερόν
368 913 444 952 μοι
485 899 671 952 εἴρηται,
709 895 800 955 ὁδῷ
839 897 1087 954 χρεώμενος
1131 897 1223 955 ἅμα
1255 902 1316 955 τῷ
1354 898 1527 956 ‹iim-<935

198 967 389 1049 στρατῷ,
447 963 714 1021 οἷπενόστησε
767 966 811 1017 ἐς
859 965 939 1022 τὴν
1001 964 1161 1023 Ἀσίην.

0 1069 1 1100 5
32 1026 133 1074 120
199 1034 275 1078 καὶ
312 1031 411 1077 τόδε
450 1032 720 1090 μαρτύριον·
769 1035 974 1090 φαίνεται
1014 1034 1098 1091 γὰρ
1137 1034 1299 1091 Ξέρξης
1338 1033 1386 1079 ἐν
1415 1036 1471 1091 τῇ
1528 1048 1661 1077 Munera
1678 1047 1790 1076 Abderi

1242 967 1371 1023 Μέγα
1423 966 1471 1010 δὲ

1529 1083 1604 1111 tissa
1621 1083 1700 1110 Xerx
1685 1090 1720 1109 xe
1738 1058 1804 1111 Asi-

1528 1124 1576 1144 am
1611 1120 1770 1154 repetente

1525 1149 1608 1179 data.

137 1273 302 1329 εἰρέθη,
332 1283 376 1314 ut
403 1277 467 1326 IV,
487 1276 583 1319 157.
608 1277 692 1327 VII,
717 1275 808 1318 184.
865 1278 946 1315 vim
965 1276 1198 1328 tempestatis
1219 1275 1268 1314 ad
1286 1281 1460 1328 optatum
1479 1274 1529 1312 li-

139 1332 256 1385 Apud
270 1332 405 1371 Matth.
422 1341 460 1371 et
483 1332 710 1371 Bekkerum
750 1340 810 1371 et·
864 1341 926 1371 tus
957 1334 1227 1372 eluctaretur.“
1279 1333 1313 1372 S
1322 1347 1340 1371 c
1351 1333 1373 1370 la
1385 1345 1417 1371 w
1430 1334 1475 1371 ei
1479 1345 1530 1383 g-

139 1391 219 1428 iam
237 1392 430 1429 invenitur
450 1389 602 1444 εἰρέθη.

198 1458 242 1499 ἐν
261 1459 446 1530 ’,μυρίῃσι
477 1453 662 1513 γνώμῃσι
705 1457 803 1510 μίαν

141 1531 219 1557 ουκ
259 1514 332 1568 ε’χω
380 1512 566 1563 ἀντίξοον
607 1530 642 1554 κ.
678 1530 710 1556 τ.
745 1512 801 1565 λ.]

139 1571 311 1614 Sensum
340 1573 415 1611 loci
440 1570 545 1610 huuc
573 1585 654 1609 esse
683 1579 801 1623 puto:

138 1632 180 1669 in
209 1630 374 1681 pluribus
422 1628 550 1682 (Aquae
576 1628 650 1666 hac
680 1628 728 1666 de
763 1641 804 1665 re

138 1688 299 1739 proferri
325 1687 511 1738 possunt)
560 1688 739 1724 sententiis
763 1698 805 1723 ne

137 1757 246 1782 unam
267 1744 403 1796 quidem
427 1743 534 1781 habeo
555 1743 644 1780 milei
661 1747 806 1780 contra-

138 1803 253 1849 riam,
288 1801 511 1839 contendenti
538 1799 731 1838 Persarum
748 1812 805 1837 re-

139 1871 219 1908 gem
241 1858 313 1895 tale
339 1858 425 1909 quid
453 1855 574 1910 (quod
596 1858 675 1895 scil.
696 1858 803 1895 navis

139 1915 373 1965 gubernator
415 1915 474 1951 im
523 1914 661 1963 suasit)
707 1927 804 1952 nun-

143 1983 248 2021 quam
265 1970 452 2021 sacturum
476 1971 607 2021 fuisse,
643 1973 706 2021 qui
732 1983 804 2022 po-

142 2028 227 2075 tius,
260 2027 377 2065 Persis
396 2029 433 2064 in
453 2027 590 2064 alveum
613 2029 718 2064 navis
742 2027 804 2064 de-

141 2083 300 2121 scendere
333 2085 460 2131 iussis,
518 2085 689 2131 remiges,
744 2084 806 2133 qui

141 2140 332 2180 Phoenices
356 2140 483 2191 fuere,
514 2141 550 2176 in
582 2152 677 2176 mare
713 2138 805 2177 deie-

142 2201 215 2234 ctos
245 2199 352 2234 morti
381 2196 603 2233 tradidisset.
636 2219 686 2223 -
742 2197 802 2232 De

141 2267 237 2292 voce
267 2248 450 2301 οῗντίξοος
490 2253 591 2290 conf.
620 2258 719 2289 nott.
754 2250 803 2288 ad

141 2312 172 2358 1,
191 2307 283 2358 174,
300 2317 336 2348 et
362 2309 410 2347 de
430 2310 621 2361 particulis
648 2305 702 2360 μή
729 2304 804 2349 οὐκ

141 2365 277 2404 Matth.
299 2368 365 2405 Gr.
388 2368 455 2405 Gr.
477 2368 500 2413 ξ
529 2369 609 2407 609
630 2380 667 2417 p.
682 2367 803 2406 1229.

197 2494 281 2531 ταῖν
319 2488 361 2531 δ’
403 2488 567 2542 ἐρετέων
605 2506 642 2530 κ.
673 2505 705 2529 τ.
736 2489 802 2541 λ.]

143 2548 231 2596 „Ad
250 2547 302 2596 id,
319 2547 425 2600 quod
443 2548 568 2584 famae
584 2548 650 2595 illi,
670 2546 717 2584 de
730 2561 805 2599 qua

143 2603 205 2643 hic
245 2607 381 2656 agitur,
428 2605 587 2656 opponit
627 2604 806 2642 Herodo-

143 2668 226 2710 tus,
273 2661 495 2714 responderi
534 2667 702 2713 poterat:
752 2662 804 2698 At

144 2720 357 2770 remigum,
406 2720 473 2771 qui
502 2719 542 2755 in
572 2719 661 2755 navi
686 2725 804 2766 erant,

144 2782 424 2828 nautarumque
446 2782 674 2813 cunctorum
689 2788 806 2826 opera

147 2843 241 2883 opus
255 2833 325 2870 fuit
343 2832 601 2884 gubernatori,
633 2831 709 2885 qua
736 2844 806 2884 per

865 1390 1080 1431 haeuser.

918 1498 1022 1549 ὅκως
1059 1497 1135 1542 οὐκ
1179 1497 1232 1541 ἂν
1259 1522 1314 1531 —-·
1342 1498 1523 1554 ἐξέβαλε]

860 1558 946 1598 Vid.
980 1557 1164 1596 Matthiae
1190 1560 1257 1600 Gr.
1280 1559 1347 1598 Gr.
1369 1559 1405 1604 ξ.
1429 1560 1526 1605 623,

861 1619 885 1657 3
915 1629 1004 1668 pag.
1035 1618 1143 1657 1267
1173 1622 1209 1653 et
1235 1616 1283 1653 G.
1311 1617 1527 1652 Hermann.

863 1674 1026 1725 Opuscc.
1062 1671 1184 1710 Aoad.
1216 1672 1268 1710 IV
1298 1685 1336 1724 p.
1363 1672 1418 1714 52
1456 1669 1526 1720 (de

861 1732 995 1782 partic.
1018 1725 1069 1769 ὅῖν
1089 1732 1118 1778 Ι,
1144 1730 1219 1779 10)
1263 1727 1368 1766 huno
1396 1729 1527 1766 locum

860 1787 1033 1835 laudans,
1066 1787 1107 1823 in
1138 1799 1215 1839 quo
1246 1787 1344 1823 mire
1375 1783 1527 1823 dicendi

858 1846 964 1882 illam
994 1844 1201 1881 formulam
1221 1843 1377 1881 mutarit
1400 1844 1526 1878 Hero-

860 1901 983 1948 dotus,
1006 1914 1096 1938 cum
1111 1914 1180 1952 pro
1202 1896 1279 1940 οὐκ
1298 1900 1376 1941 ἔστι
1398 1898 1460 1936 hic
1476 1896 1525 1935 acl

860 1956 915 2011 μή
937 1955 1014 1999 οὐκ
1045 1954 1095 1997 (ἲν
1131 1960 1300 2010 ποιῆσαι
1340 1956 1526 1994 reseratur

861 2012 967 2064 ὅκως
986 2029 1015 2054 s.
1034 2011 1156 2061 ὅπως.

1066 2114 1162 2164 cap.
1184 2113 1308 2150 CXX.

916 2204 1101 2257 φαίνεται
1140 2199 1246 2255 γάρ]
1291 2201 1524 2241 particulam

860 2278 935 2316 γαρ
967 2262 1090 2312 attigit
1118 2259 1255 2297 Matth.
1289 2259 1356 2300 Gr.
1382 2260 1452 2298 Gr.
1484 2260 1524 2305 §.

862 2322 954 2361 630
975 2318 1321 2370 2pag.1293.-
1344 2314 1373 2367 ἦ
1393 2310 1522 2356 ὄπίσω

860 2373 1007 2427 κομιδη
1048 2380 1170 2412 exstat
1210 2386 1365 2425 quoque
1422 2373 1524 2420 VIII,

865 2436 957 2474 108.
1014 2434 1073 2470 De
1093 2430 1239 2469 Abderis
1259 2429 1336 2467 vid.
1358 2435 1453 2467 nott.
1474 2427 1524 2466 ad

862 2491 944 2538 Vll,
970 2491 1062 2530 109.
1119 2486 1221 2525 Add.
1243 2485 1453 2527 Prokesch.
1482 2487 1524 2522 iu

861 2546 1017 2586 Annall.
1050 2546 1189 2584 vienn.
1218 2544 1270 2582 Τ.
1301 2545 1392 2580 LIX
1425 2544 1524 2581 Auz-

861 2605 922 2645 Bl.
954 2616 1042 2654 pag.
1080 2604 1128 2642 11
1159 2613 1238 2652 seq.
1304 2602 1364 2637 De
1398 2602 1524 2637 Hero-

862 2659 965 2697 dotei
987 2659 1061 2696 loci
1081 2664 1308 2709 argumento
1320 2658 1436 2706 confi,
1449 2670 1525 2694 no-

861 2724 968 2754 tante
986 2713 1186 2762 Valcken.,
1207 2713 1428 2752 Philostrat.
1447 2715 1524 2751 Vit.

863 2772 1031 2824 Sophist.
1062 2786 1102 2825 p.
1134 2769 1216 2813 494
1252 2773 1301 2823 [1‚
1331 2772 1385 2810 X.
1426 2772 1526 2809 Pro-

861 2831 975 2882 tag.].
