<?xml version="1.0" encoding="UTF-8"?>
<!DOCTYPE html PUBLIC "-//W3C//DTD XHTML 1.0 Transitional//EN"
    "http://www.w3.org/TR/xhtml1/DTD/xhtml1-transitional.dtd">
<html xmlns="http://www.w3.org/1999/xhtml" xml:lang="en" lang="en">
 <head>
  <title>
</title>
<meta http-equiv="Content-Type" content="text/html;charset=utf-8" />
  <meta name='ocr-system' content='tesseract 3.04.00' />
  <meta name='ocr-capabilities' content='ocr_page ocr_carea ocr_par ocr_line ocrx_word'/>
</head>
<body>
  <div class='ocr_page' id='page_1' title='image "./musaeherodoto04hero_0354.png"; bbox 0 0 1879 3222; ppageno 0'>
   <div class='ocr_carea' id='block_1_1' title="bbox 315 505 382 550">
    <p class='ocr_par' dir='ltr' id='par_1_1' title="bbox 315 505 382 550">
     <span class='ocr_line' id='line_1_1' title="bbox 315 505 382 550; baseline 0 0"><span class='ocrx_word' id='word_1_1' title='bbox 315 505 382 550; x_wconf 76' lang='lat'><em>94</em></span> 
     </span>
    </p>
   </div>
   <div class='ocr_carea' id='block_1_2' title="bbox 114 573 390 699">
    <p class='ocr_par' dir='ltr' id='par_1_2' title="bbox 114 573 376 699">
     <span class='ocr_line' id='line_1_2' title="bbox 114 573 365 611; baseline -0.012 -12"><span class='ocrx_word' id='word_1_2' title='bbox 114 573 207 606; x_wconf 85' lang='lat' dir='ltr'>Quam</span> <span class='ocrx_word' id='word_1_3' title='bbox 241 577 365 611; x_wconf 76' lang='lat' dir='ltr'>poenam</span> 
     </span>
     <span class='ocr_line' id='line_1_3' title="bbox 116 604 389 641; baseline -0.016 -8"><span class='ocrx_word' id='word_1_4' title='bbox 116 604 323 644; x_wconf 70' lang='lat' dir='ltr'><em>Apirllonmtae</em></span> <span class='ocrx_word' id='word_1_5' title='bbox 358 611 389 629; x_wconf 93' lang='grc' dir='ltr'><em>ο-</em></span> 
     </span>
     <span class='ocr_line' id='line_1_4' title="bbox 116 635 390 666; baseline -0.012 0"><span class='ocrx_word' id='word_1_6' title='bbox 116 638 211 666; x_wconf 83' lang='lat' dir='ltr'>mculi</span> <span class='ocrx_word' id='word_1_7' title='bbox 230 638 290 664; x_wconf 75' lang='lat' dir='ltr'><em>iuss</em></span> <span class='ocrx_word' id='word_1_8' title='bbox 295 646 311 663; x_wconf 90' lang='grc' dir='ltr'><em>ιι</em></span> <span class='ocrx_word' id='word_1_9' title='bbox 330 635 390 663; x_wconf 82' lang='lat' dir='ltr'><em>Eu-</em></span> 
     </span>
     <span class='ocr_line' id='line_1_5' title="bbox 115 670 356 699; baseline -0.013 0"><span class='ocrx_word' id='word_1_10' title='bbox 115 672 184 699; x_wconf 79' lang='lat' dir='ltr'><em>enio</em></span> <span class='ocrx_word' id='word_1_11' title='bbox 208 670 356 698; x_wconf 78' lang='lat' dir='ltr'>dederint.</span> 
     </span>
    </p>
   </div>
   <div class='ocr_carea' id='block_1_3' title="bbox 116 704 393 733">
    <p class='ocr_par' dir='ltr' id='par_1_3' title="bbox 116 704 393 733">
     <span class='ocr_line' id='line_1_6' title="bbox 116 704 393 733; baseline -0.004 0"><span class='ocrx_word' id='word_1_12' title='bbox 116 705 197 733; x_wconf 84' lang='lat' dir='ltr'><em>Idem</em></span> <span class='ocrx_word' id='word_1_13' title='bbox 209 704 308 732; x_wconf 72' lang='lat' dir='ltr'>clarus</span> <span class='ocrx_word' id='word_1_14' title='bbox 325 705 393 732; x_wconf 71' lang='lat' dir='ltr'><em>arte</em></span> 
     </span>
    </p>
   </div>
   <div class='ocr_carea' id='block_1_4' title="bbox 117 737 309 767">
    <p class='ocr_par' dir='ltr' id='par_1_4' title="bbox 117 737 309 767">
     <span class='ocr_line' id='line_1_7' title="bbox 117 737 309 767; baseline -0.005 -2"><span class='ocrx_word' id='word_1_15' title='bbox 117 737 309 767; x_wconf 73' lang='lat' dir='ltr'><em>vaticinandi.</em></span> 
     </span>
    </p>
   </div>
   <div class='ocr_carea' id='block_1_5' title="bbox 436 135 520 174">
    <p class='ocr_par' dir='ltr' id='par_1_5' title="bbox 436 135 520 174">
     <span class='ocr_line' id='line_1_8' title="bbox 436 135 520 174; baseline 0 0"><span class='ocrx_word' id='word_1_16' title='bbox 436 135 520 174; x_wconf 70' lang='lat'><em>340</em></span> 
     </span>
    </p>
   </div>
   <div class='ocr_carea' id='block_1_6' title="bbox 441 240 650 294">
    <p class='ocr_par' dir='ltr' id='par_1_6' title="bbox 441 240 650 294">
     <span class='ocr_line' id='line_1_9' title="bbox 441 240 650 294; baseline -0.005 -10"><span class='ocrx_word' id='word_1_17' title='bbox 441 240 630 294; x_wconf 82' lang='grc' dir='ltr'><em>,,λυ’κους</em></span> <span class='ocrx_word' id='word_1_18' title='bbox 641 255 650 264; x_wconf 90' lang='grc'><em>·</em></span> 
     </span>
    </p>
   </div>
   <div class='ocr_carea' id='block_1_7' title="bbox 836 128 1299 166">
    <p class='ocr_par' dir='ltr' id='par_1_7' title="bbox 836 128 1299 166">
     <span class='ocr_line' id='line_1_10' title="bbox 836 128 1299 166; baseline -0.004 0"><span class='ocrx_word' id='word_1_19' title='bbox 836 128 1299 166; x_wconf 84' lang='lat' dir='ltr'>HERODOTI</span> 
     </span>
    </p>
   </div>
   <div class='ocr_carea' id='block_1_8' title="bbox 696 235 1696 291">
    <p class='ocr_par' dir='ltr' id='par_1_8' title="bbox 696 235 1696 291">
     <span class='ocr_line' id='line_1_11' title="bbox 696 235 1696 291; baseline -0.002 -10"><span class='ocrx_word' id='word_1_20' title='bbox 696 237 750 282; x_wconf 84' lang='grc' dir='ltr'><em>οὐ</em></span> <span class='ocrx_word' id='word_1_21' title='bbox 795 236 1005 291; x_wconf 84' lang='grc' dir='ltr'><em>πρότερόν</em></span> <span class='ocrx_word' id='word_1_22' title='bbox 1043 253 1087 280; x_wconf 87' lang='grc' dir='ltr'><em>τε</em></span> <span class='ocrx_word' id='word_1_23' title='bbox 1126 236 1373 280; x_wconf 83' lang='grc' dir='ltr'>παύσεσθαι</span> <span class='ocrx_word' id='word_1_24' title='bbox 1416 235 1696 290; x_wconf 80' lang='grc' dir='ltr'><strong>τιμωρέοντες</strong></span> 
     </span>
    </p>
   </div>
   <div class='ocr_carea' id='block_1_9' title="bbox 443 303 1695 367">
    <p class='ocr_par' dir='ltr' id='par_1_9' title="bbox 443 303 1695 367">
     <span class='ocr_line' id='line_1_12' title="bbox 443 303 1695 367; baseline -0.005 -15"><span class='ocrx_word' id='word_1_25' title='bbox 443 310 644 367; x_wconf 77' lang='grc' dir='ltr'><em>,,ἐκείι·ῳ,</em></span> <span class='ocrx_word' id='word_1_26' title='bbox 681 308 784 361; x_wconf 82' lang='grc' dir='ltr'><em>πρὶν</em></span> <span class='ocrx_word' id='word_1_27' title='bbox 812 305 842 362; x_wconf 75' lang='grc' dir='ltr'><em>ἢ</em></span> <span class='ocrx_word' id='word_1_28' title='bbox 873 307 994 356; x_wconf 82' lang='grc' dir='ltr'><strong><em>δίκας</em></strong></span> <span class='ocrx_word' id='word_1_29' title='bbox 1033 307 1140 348; x_wconf 78' lang='grc' dir='ltr'><em>δῶσι</em></span> <span class='ocrx_word' id='word_1_30' title='bbox 1178 310 1266 348; x_wconf 78' lang='grc' dir='ltr'><em>τῶν</em></span> <span class='ocrx_word' id='word_1_31' title='bbox 1299 304 1509 359; x_wconf 82' lang='grc' dir='ltr'><em>ἐποίησαν</em></span> <span class='ocrx_word' id='word_1_32' title='bbox 1537 303 1695 355; x_wconf 87' lang='grc' dir='ltr'><em>ταύτας</em></span> 
     </span>
    </p>
   </div>
   <div class='ocr_carea' id='block_1_10' title="bbox 442 374 1053 430">
    <p class='ocr_par' dir='ltr' id='par_1_10' title="bbox 442 374 1053 430">
     <span class='ocr_line' id='line_1_13' title="bbox 442 374 1053 430; baseline -0.007 -11"><span class='ocrx_word' id='word_1_33' title='bbox 442 377 543 430; x_wconf 67' lang='lat' dir='ltr'><em>„mig</em></span> <span class='ocrx_word' id='word_1_34' title='bbox 574 377 628 419; x_wconf 73' lang='grc' dir='ltr'><em>ἂν</em></span> <span class='ocrx_word' id='word_1_35' title='bbox 649 375 781 425; x_wconf 78' lang='grc' dir='ltr'><em>αὐτὸς</em></span> <span class='ocrx_word' id='word_1_36' title='bbox 809 375 952 429; x_wconf 79' lang='grc' dir='ltr'><em>ἕληται</em></span> <span class='ocrx_word' id='word_1_37' title='bbox 982 374 1053 416; x_wconf 82' lang='grc' dir='ltr'><em>καὶ</em></span> 
     </span>
    </p>
   </div>
   <div class='ocr_carea' id='block_1_11' title="bbox 1084 372 1752 417">
    <p class='ocr_par' dir='ltr' id='par_1_11' title="bbox 1084 372 1752 417">
     <span class='ocr_line' id='line_1_14' title="bbox 1084 372 1752 417; baseline -0.006 -1"><span class='ocrx_word' id='word_1_38' title='bbox 1084 376 1262 417; x_wconf 80' lang='grc' dir='ltr'><em>δικαιοῖ·</em></span> <span class='ocrx_word' id='word_1_39' title='bbox 1292 375 1459 416; x_wconf 88' lang='grc' dir='ltr'><em>τούτων</em></span> <span class='ocrx_word' id='word_1_40' title='bbox 1489 372 1532 415; x_wconf 77' lang='grc' dir='ltr'><em>δὲ</em></span> <span class='ocrx_word' id='word_1_41' title='bbox 1561 376 1694 415; x_wconf 86' lang='grc' dir='ltr'><em>τελεο-</em></span> <span class='ocrx_word' id='word_1_42' title='bbox 1708 377 1752 412; x_wconf 80' lang='grc'><em>75</em></span> 
     </span>
    </p>
   </div>
   <div class='ocr_carea' id='block_1_12' title="bbox 441 438 1699 499">
    <p class='ocr_par' dir='ltr' id='par_1_12' title="bbox 441 438 1699 499">
     <span class='ocr_line' id='line_1_15' title="bbox 441 438 1699 499; baseline -0.005 -13"><span class='ocrx_word' id='word_1_43' title='bbox 441 443 632 499; x_wconf 84' lang='grc' dir='ltr'><em>,,μένων,</em></span> <span class='ocrx_word' id='word_1_44' title='bbox 676 442 800 486; x_wconf 84' lang='grc' dir='ltr'><em>αὐτοὶ</em></span> <span class='ocrx_word' id='word_1_45' title='bbox 831 440 987 486; x_wconf 81' lang='grc' dir='ltr'><em>δώσειν</em></span> <span class='ocrx_word' id='word_1_46' title='bbox 1017 439 1194 497; x_wconf 79' lang='grc' dir='ltr'><strong><em>Εὐηνίῳ</em></strong></span> <span class='ocrx_word' id='word_1_47' title='bbox 1233 441 1356 484; x_wconf 88' lang='grc' dir='ltr'><em>δόσιν</em></span> <span class='ocrx_word' id='word_1_48' title='bbox 1384 438 1590 495; x_wconf 83' lang='grc' dir='ltr'><em>τοιαύτην</em></span> <span class='ocrx_word' id='word_1_49' title='bbox 1619 438 1699 494; x_wconf 72' lang='grc' dir='ltr'><em>τήν</em></span> 
     </span>
    </p>
   </div>
   <div class='ocr_carea' id='block_1_13' title="bbox 439 511 1042 567">
    <p class='ocr_par' dir='ltr' id='par_1_13' title="bbox 439 511 1042 567">
     <span class='ocr_line' id='line_1_16' title="bbox 439 511 1042 567; baseline -0.008 -13"><span class='ocrx_word' id='word_1_50' title='bbox 439 511 661 565; x_wconf 87' lang='grc' dir='ltr'><em>,,πολλου’ς</em></span> <span class='ocrx_word' id='word_1_51' title='bbox 703 528 777 567; x_wconf 90' lang='grc' dir='ltr'><em>μιν</em></span> <span class='ocrx_word' id='word_1_52' title='bbox 814 513 1042 567; x_wconf 82' lang='grc' dir='ltr'><em>μακαριεῖν</em></span> 
     </span>
    </p>
   </div>
   <div class='ocr_carea' id='block_1_14' title="bbox 445 574 1290 636">
    <p class='ocr_par' dir='ltr' id='par_1_14' title="bbox 445 574 1290 636">
     <span class='ocr_line' id='line_1_17' title="bbox 445 574 1290 636; baseline -0.004 -13"><span class='ocrx_word' id='word_1_53' title='bbox 445 579 524 635; x_wconf 75' lang='grc' dir='ltr'><em>μὲν</em></span> <span class='ocrx_word' id='word_1_54' title='bbox 551 578 786 636; x_wconf 79' lang='grc' dir='ltr'><em>χρηστήρια</em></span> <span class='ocrx_word' id='word_1_55' title='bbox 814 575 949 620; x_wconf 72' lang='grc' dir='ltr'><em>ταῦτα</em></span> <span class='ocrx_word' id='word_1_56' title='bbox 980 588 1058 629; x_wconf 83' lang='grc' dir='ltr'><em>σφι</em></span> <span class='ocrx_word' id='word_1_57' title='bbox 1087 574 1290 631; x_wconf 79' lang='grc' dir='ltr'><em>ἐχρήσθη.</em></span> 
     </span>
    </p>
   </div>
   <div class='ocr_carea' id='block_1_15' title="bbox 1089 505 1702 619">
    <p class='ocr_par' dir='ltr' id='par_1_15' title="bbox 1089 505 1702 619">
     <span class='ocr_line' id='line_1_18' title="bbox 1089 505 1700 564; baseline 0 -16"><span class='ocrx_word' id='word_1_58' title='bbox 1089 505 1339 561; x_wconf 69' lang='grc' dir='ltr'><em>ἀνθρώπων</em></span> <span class='ocrx_word' id='word_1_59' title='bbox 1385 508 1574 564; x_wconf 74' lang='grc' dir='ltr'><em>ἐ’χοντα.“</em></span> <span class='ocrx_word' id='word_1_60' title='bbox 1637 506 1700 549; x_wconf 83' lang='grc' dir='ltr'><em>Τὰ</em></span> 
     </span>
     <span class='ocr_line' id='line_1_19' title="bbox 1349 574 1702 619; baseline 0 -1"><span class='ocrx_word' id='word_1_61' title='bbox 1349 577 1391 618; x_wconf 85' lang='grc' dir='ltr'><em>οἱ</em></span> <span class='ocrx_word' id='word_1_62' title='bbox 1425 577 1470 619; x_wconf 83' lang='grc' dir='ltr'><em>δὲ</em></span> <span class='ocrx_word' id='word_1_63' title='bbox 1494 574 1702 618; x_wconf 86' lang='grc' dir='ltr'><em>Ἀπολλω-</em></span> 
     </span>
    </p>
   </div>
   <div class='ocr_carea' id='block_1_16' title="bbox 447 641 1704 702">
    <p class='ocr_par' dir='ltr' id='par_1_16' title="bbox 447 641 1704 702">
     <span class='ocr_line' id='line_1_20' title="bbox 447 641 1704 702; baseline -0.004 -12"><span class='ocrx_word' id='word_1_64' title='bbox 447 651 614 702; x_wconf 87' lang='grc' dir='ltr'><em>νιῆται,</em></span> <span class='ocrx_word' id='word_1_65' title='bbox 645 644 874 701; x_wconf 78' lang='grc' dir='ltr'><em>ἀπόρῤητα</em></span> <span class='ocrx_word' id='word_1_66' title='bbox 900 643 1196 698; x_wconf 78' lang='grc' dir='ltr'><em>ποιησάμενοι,</em></span> <span class='ocrx_word' id='word_1_67' title='bbox 1225 641 1468 700; x_wconf 70' lang='grc' dir='ltr'><em>προέθεσαν</em></span> <span class='ocrx_word' id='word_1_68' title='bbox 1484 647 1569 686; x_wconf 82' lang='grc' dir='ltr'><em>τῶν</em></span> <span class='ocrx_word' id='word_1_69' title='bbox 1588 642 1704 685; x_wconf 83' lang='grc' dir='ltr'><em>ἀστέ-</em></span> 
     </span>
    </p>
   </div>
   <div class='ocr_carea' id='block_1_17' title="bbox 424 711 1019 768">
    <p class='ocr_par' dir='ltr' id='par_1_17' title="bbox 424 711 1019 768">
     <span class='ocr_line' id='line_1_21' title="bbox 424 711 1019 768; baseline -0.012 -11"><span class='ocrx_word' id='word_1_70' title='bbox 424 721 516 757; x_wconf 70' lang='grc' dir='ltr'><em>Ξων</em></span> <span class='ocrx_word' id='word_1_71' title='bbox 554 713 742 768; x_wconf 76' lang='grc' dir='ltr'><em>ἀνδράσι</em></span> <span class='ocrx_word' id='word_1_72' title='bbox 781 711 1019 764; x_wconf 79' lang='grc' dir='ltr'><em>διαπρῆξαι.</em></span> 
     </span>
    </p>
   </div>
   <div class='ocr_carea' id='block_1_18' title="bbox 1079 707 1760 765">
    <p class='ocr_par' dir='ltr' id='par_1_18' title="bbox 1079 707 1760 765">
     <span class='ocr_line' id='line_1_22' title="bbox 1079 707 1760 765; baseline -0.001 -13"><span class='ocrx_word' id='word_1_73' title='bbox 1079 711 1122 752; x_wconf 84' lang='grc' dir='ltr'><em>οἱ</em></span> <span class='ocrx_word' id='word_1_74' title='bbox 1157 709 1203 752; x_wconf 81' lang='grc' dir='ltr'><em>δέ</em></span> <span class='ocrx_word' id='word_1_75' title='bbox 1234 721 1313 764; x_wconf 85' lang='grc' dir='ltr'><em>σφι</em></span> <span class='ocrx_word' id='word_1_76' title='bbox 1346 709 1578 765; x_wconf 72' lang='grc' dir='ltr'><em>διέπρηξαν</em></span> <span class='ocrx_word' id='word_1_77' title='bbox 1608 707 1701 755; x_wconf 76' lang='grc' dir='ltr'><em>ὦδε.</em></span> <span class='ocrx_word' id='word_1_78' title='bbox 1715 719 1760 752; x_wconf 87' lang='grc'><em>80</em></span> 
     </span>
    </p>
   </div>
   <div class='ocr_carea' id='block_1_19' title="bbox 447 776 1707 904">
    <p class='ocr_par' dir='ltr' id='par_1_19' title="bbox 447 776 1707 904">
     <span class='ocr_line' id='line_1_23' title="bbox 447 776 1705 837; baseline -0.001 -13"><span class='ocrx_word' id='word_1_79' title='bbox 447 784 692 837; x_wconf 78' lang='grc' dir='ltr'><em>κατημένου</em></span> <span class='ocrx_word' id='word_1_80' title='bbox 703 778 900 833; x_wconf 83' lang='grc' dir='ltr'><em>Εὐηνίου</em></span> <span class='ocrx_word' id='word_1_81' title='bbox 922 777 967 819; x_wconf 81' lang='grc' dir='ltr'><em>ἐν</em></span> <span class='ocrx_word' id='word_1_82' title='bbox 988 777 1140 834; x_wconf 81' lang='grc' dir='ltr'><em>θώκῳ,</em></span> <span class='ocrx_word' id='word_1_83' title='bbox 1173 776 1373 828; x_wconf 79' lang='grc' dir='ltr'><em>ἐλθόντες</em></span> <span class='ocrx_word' id='word_1_84' title='bbox 1393 780 1435 820; x_wconf 83' lang='grc' dir='ltr'><em>οἱ</em></span> <span class='ocrx_word' id='word_1_85' title='bbox 1461 780 1705 831; x_wconf 81' lang='grc' dir='ltr'><em>παρίζοντο,</em></span> 
     </span>
     <span class='ocr_line' id='line_1_24' title="bbox 447 843 1707 904; baseline -0.003 -10"><span class='ocrx_word' id='word_1_86' title='bbox 447 850 521 893; x_wconf 82' lang='grc' dir='ltr'><em>καὶ</em></span> <span class='ocrx_word' id='word_1_87' title='bbox 549 849 706 904; x_wconf 78' lang='grc' dir='ltr'><em>λόγους</em></span> <span class='ocrx_word' id='word_1_88' title='bbox 737 847 894 896; x_wconf 76' lang='grc' dir='ltr'><em>ἄλλους</em></span> <span class='ocrx_word' id='word_1_89' title='bbox 921 846 1165 898; x_wconf 81' lang='grc' dir='ltr'><em>ἐποιεῦντο,</em></span> <span class='ocrx_word' id='word_1_90' title='bbox 1197 845 1240 896; x_wconf 77' lang='grc' dir='ltr'><em>ἐς</em></span> <span class='ocrx_word' id='word_1_91' title='bbox 1271 843 1294 888; x_wconf 83' lang='grc' dir='ltr'>ὃ</span> <span class='ocrx_word' id='word_1_92' title='bbox 1323 844 1582 900; x_wconf 83' lang='grc' dir='ltr'><em>κατέβαινον</em></span> <span class='ocrx_word' id='word_1_93' title='bbox 1609 851 1707 890; x_wconf 86' lang='grc' dir='ltr'><em>συλ-</em></span> 
     </span>
    </p>
   </div>
   <div class='ocr_carea' id='block_1_20' title="bbox 448 911 991 972">
    <p class='ocr_par' dir='ltr' id='par_1_20' title="bbox 448 911 991 972">
     <span class='ocr_line' id='line_1_25' title="bbox 448 911 991 972; baseline -0.011 -12"><span class='ocrx_word' id='word_1_94' title='bbox 448 916 712 971; x_wconf 74' lang='grc' dir='ltr'><em>λυπεύμενοι</em></span> <span class='ocrx_word' id='word_1_95' title='bbox 750 918 810 972; x_wconf 79' lang='grc' dir='ltr'><em>τῷ</em></span> <span class='ocrx_word' id='word_1_96' title='bbox 849 911 991 956; x_wconf 77' lang='grc' dir='ltr'><em>πάθεϊ.</em></span> 
     </span>
    </p>
   </div>
   <div class='ocr_carea' id='block_1_21' title="bbox 1052 911 1769 968">
    <p class='ocr_par' dir='ltr' id='par_1_21' title="bbox 1052 911 1769 968">
     <span class='ocr_line' id='line_1_26' title="bbox 1052 911 1769 968; baseline 0.003 -13"><span class='ocrx_word' id='word_1_97' title='bbox 1052 913 1186 968; x_wconf 84' lang='grc' dir='ltr'><em>ταύτῃ</em></span> <span class='ocrx_word' id='word_1_98' title='bbox 1217 912 1261 956; x_wconf 78' lang='grc' dir='ltr'><em>δὲ</em></span> <span class='ocrx_word' id='word_1_99' title='bbox 1290 911 1548 967; x_wconf 79' lang='grc' dir='ltr'><em>ὑπάγοντες,</em></span> <span class='ocrx_word' id='word_1_100' title='bbox 1593 914 1709 968; x_wconf 52' lang='lat'><em>&amp;2905-</em></span> <span class='ocrx_word' id='word_1_101' title='bbox 1766 944 1769 945; x_wconf 29' lang='grc' dir='ltr'><em>ν</em></span> 
     </span>
    </p>
   </div>
   <div class='ocr_carea' id='block_1_22' title="bbox 421 980 1765 1239">
    <p class='ocr_par' dir='ltr' id='par_1_22' title="bbox 421 980 1765 1037">
     <span class='ocr_line' id='line_1_27' title="bbox 421 980 1765 1037; baseline -0.004 -10"><span class='ocrx_word' id='word_1_102' title='bbox 421 985 686 1034; x_wconf 82' lang='grc' dir='ltr'><em>3τεον,,τίνα</em></span> <span class='ocrx_word' id='word_1_103' title='bbox 704 984 829 1037; x_wconf 83' lang='grc' dir='ltr'><em>δίκην</em></span> <span class='ocrx_word' id='word_1_104' title='bbox 847 980 903 1023; x_wconf 74' lang='grc' dir='ltr'><em>ἂν</em></span> <span class='ocrx_word' id='word_1_105' title='bbox 933 980 1087 1032; x_wconf 75' lang='grc' dir='ltr'><em>ἕλοιτο,</em></span> <span class='ocrx_word' id='word_1_106' title='bbox 1119 983 1154 1023; x_wconf 83' lang='grc' dir='ltr'><em>εἰ</em></span> <span class='ocrx_word' id='word_1_107' title='bbox 1176 980 1367 1024; x_wconf 81' lang='grc' dir='ltr'><em>ἐθέλοιεν</em></span> <span class='ocrx_word' id='word_1_108' title='bbox 1379 980 1710 1037; x_wconf 86' lang='grc' dir='ltr'><em>Ἀπολλωνιῆται</em></span> <span class='ocrx_word' id='word_1_109' title='bbox 1722 988 1765 1023; x_wconf 83' lang='grc'><em>85</em></span> 
     </span>
    </p>

    <p class='ocr_par' dir='ltr' id='par_1_23' title="bbox 423 1046 1713 1239">
     <span class='ocr_line' id='line_1_28' title="bbox 423 1046 1711 1106; baseline 0 -14"><span class='ocrx_word' id='word_1_110' title='bbox 423 1052 857 1105; x_wconf 81' lang='grc' dir='ltr'><em>4,,δίκαςύποστῆναι</em></span> <span class='ocrx_word' id='word_1_111' title='bbox 870 1046 1024 1091; x_wconf 84' lang='grc' dir='ltr'><em>δώσειν</em></span> <span class='ocrx_word' id='word_1_112' title='bbox 1033 1052 1120 1091; x_wconf 76' lang='grc' dir='ltr'><em>τῶν</em></span> <span class='ocrx_word' id='word_1_113' title='bbox 1136 1047 1439 1104; x_wconf 68' lang='grc' dir='ltr'><em>ἐποίησαν.“”0</em></span> <span class='ocrx_word' id='word_1_114' title='bbox 1451 1049 1507 1100; x_wconf 81' lang='grc' dir='ltr'><em>δὲ,</em></span> <span class='ocrx_word' id='word_1_115' title='bbox 1522 1048 1599 1092; x_wconf 84' lang='grc' dir='ltr'><em>οὐκ</em></span> <span class='ocrx_word' id='word_1_116' title='bbox 1612 1050 1711 1106; x_wconf 85' lang='grc' dir='ltr'><em>α’κη-</em></span> 
     </span>
     <span class='ocr_line' id='line_1_29' title="bbox 453 1116 1713 1173; baseline -0.002 -11"><span class='ocrx_word' id='word_1_117' title='bbox 453 1118 567 1170; x_wconf 79' lang='grc' dir='ltr'><em>κοώς</em></span> <span class='ocrx_word' id='word_1_118' title='bbox 577 1118 624 1162; x_wconf 83' lang='grc' dir='ltr'><em>τό</em></span> <span class='ocrx_word' id='word_1_119' title='bbox 639 1118 919 1172; x_wconf 84' lang='grc' dir='ltr'><em>θεοπρόπιον,</em></span> <span class='ocrx_word' id='word_1_120' title='bbox 933 1117 1065 1158; x_wconf 78' lang='grc' dir='ltr'><em>εἵλετο</em></span> <span class='ocrx_word' id='word_1_121' title='bbox 1078 1117 1209 1167; x_wconf 79' lang='grc' dir='ltr'><em>εἴπας·</em></span> <span class='ocrx_word' id='word_1_122' title='bbox 1229 1118 1296 1169; x_wconf 85' lang='grc' dir='ltr'><em>,,εἰ’</em></span> <span class='ocrx_word' id='word_1_123' title='bbox 1308 1117 1370 1166; x_wconf 87' lang='grc' dir='ltr'><em>τίς</em></span> <span class='ocrx_word' id='word_1_124' title='bbox 1387 1118 1430 1158; x_wconf 84' lang='grc' dir='ltr'><em>οῖ</em></span> <span class='ocrx_word' id='word_1_125' title='bbox 1441 1118 1538 1172; x_wconf 87' lang='grc' dir='ltr'><em>δοίη</em></span> <span class='ocrx_word' id='word_1_126' title='bbox 1551 1116 1713 1173; x_wconf 79' lang='grc' dir='ltr'><em>α’γρούς</em></span> 
     </span>
     <span class='ocr_line' id='line_1_30' title="bbox 453 1180 1713 1239; baseline 0.002 -11"><span class='ocrx_word' id='word_1_127' title='bbox 453 1190 566 1239; x_wconf 84' lang='grc' dir='ltr'><em>,,τῶν</em></span> <span class='ocrx_word' id='word_1_128' title='bbox 593 1183 736 1229; x_wconf 71' lang='grc' dir='ltr'><em>οἰστῶν</em></span> <span class='ocrx_word' id='word_1_129' title='bbox 748 1216 760 1237; x_wconf 93' lang='grc'><em>,</em></span> <span class='ocrx_word' id='word_1_130' title='bbox 791 1182 1011 1239; x_wconf 81' lang='grc' dir='ltr'><em>ὀνομάσας</em></span> <span class='ocrx_word' id='word_1_131' title='bbox 1039 1187 1154 1226; x_wconf 87' lang='grc' dir='ltr'><em>τοῖσι</em></span> <span class='ocrx_word' id='word_1_132' title='bbox 1188 1180 1397 1239; x_wconf 81' lang='grc' dir='ltr'><em>ἠπίστατο</em></span> <span class='ocrx_word' id='word_1_133' title='bbox 1427 1181 1537 1229; x_wconf 81' lang='grc' dir='ltr'><em>εἶναι</em></span> <span class='ocrx_word' id='word_1_134' title='bbox 1566 1187 1713 1230; x_wconf 86' lang='grc' dir='ltr'><em>καλλί-</em></span> 
     </span>
    </p>
   </div>
   <div class='ocr_carea' id='block_1_23' title="bbox 400 1345 1068 2180">
    <p class='ocr_par' dir='ltr' id='par_1_24' title="bbox 400 1345 1068 2180">
     <span class='ocr_line' id='line_1_31' title="bbox 453 1345 1054 1399; baseline 0.003 -16"><span class='ocrx_word' id='word_1_135' title='bbox 453 1360 529 1395; x_wconf 85' lang='grc' dir='ltr'><em>την</em></span> <span class='ocrx_word' id='word_1_136' title='bbox 545 1345 719 1394; x_wconf 81' lang='grc' dir='ltr'><em>πολλούς</em></span> <span class='ocrx_word' id='word_1_137' title='bbox 754 1362 822 1399; x_wconf 85' lang='grc' dir='ltr'><em>μιν</em></span> <span class='ocrx_word' id='word_1_138' title='bbox 847 1349 1054 1397; x_wconf 85' lang='grc' dir='ltr'><em>μακαριεῖν</em></span> 
     </span>
     <span class='ocr_line' id='line_1_32' title="bbox 400 1396 1058 1455; baseline -0.002 -15"><span class='ocrx_word' id='word_1_139' title='bbox 400 1396 632 1452; x_wconf 78' lang='grc' dir='ltr'><em>ανθρώπων</em></span> <span class='ocrx_word' id='word_1_140' title='bbox 661 1403 812 1455; x_wconf 72' lang='grc' dir='ltr'><em>ἔχοντα]</em></span> <span class='ocrx_word' id='word_1_141' title='bbox 845 1405 870 1442; x_wconf 85' lang='lat' dir='ltr'><em>i.</em></span> <span class='ocrx_word' id='word_1_142' title='bbox 902 1418 933 1440; x_wconf 86' lang='lat' dir='ltr'><em>e.</em></span> <span class='ocrx_word' id='word_1_143' title='bbox 966 1416 1058 1452; x_wconf 82' lang='lat' dir='ltr'><em>‚quo</em></span> 
     </span>
     <span class='ocr_line' id='line_1_33' title="bbox 401 1455 1057 1508; baseline 0.002 -14"><span class='ocrx_word' id='word_1_144' title='bbox 401 1455 595 1508; x_wconf 82' lang='lat' dir='ltr'>(munere)</span> <span class='ocrx_word' id='word_1_145' title='bbox 623 1464 785 1497; x_wconf 76' lang='lat' dir='ltr'><em>ornatum</em></span> <span class='ocrx_word' id='word_1_146' title='bbox 806 1461 945 1497; x_wconf 88' lang='lat' dir='ltr'>multos</span> <span class='ocrx_word' id='word_1_147' title='bbox 965 1461 1057 1506; x_wconf 81' lang='lat' dir='ltr'>fore,</span> 
     </span>
     <span class='ocr_line' id='line_1_34' title="bbox 402 1515 1059 1564; baseline 0.003 -14"><span class='ocrx_word' id='word_1_148' title='bbox 402 1517 464 1564; x_wconf 76' lang='lat' dir='ltr'><em>qui</em></span> <span class='ocrx_word' id='word_1_149' title='bbox 482 1515 729 1564; x_wconf 67' lang='lat' dir='ltr'><em>praedicaturi</em></span> <span class='ocrx_word' id='word_1_150' title='bbox 753 1522 883 1564; x_wconf 80' lang='lat' dir='ltr'><em>essent,</em></span> <span class='ocrx_word' id='word_1_151' title='bbox 915 1518 993 1553; x_wconf 83' lang='lat' dir='ltr'><em>sive</em></span> <span class='ocrx_word' id='word_1_152' title='bbox 1017 1523 1059 1552; x_wconf 89' lang='lat' dir='ltr'><em>ut</em></span> 
     </span>
     <span class='ocr_line' id='line_1_35' title="bbox 402 1570 1057 1623; baseline 0 -15"><span class='ocrx_word' id='word_1_153' title='bbox 402 1570 754 1621; x_wconf 80' lang='lat' dir='ltr'>Schweighaeuser.</span> <span class='ocrx_word' id='word_1_154' title='bbox 770 1575 1057 1623; x_wconf 76' lang='lat' dir='ltr'>interpretatur:</span> 
     </span>
     <span class='ocr_line' id='line_1_36' title="bbox 405 1626 1061 1675; baseline 0.002 -13"><span class='ocrx_word' id='word_1_155' title='bbox 405 1626 544 1675; x_wconf 78' lang='lat' dir='ltr'>donum,</span> <span class='ocrx_word' id='word_1_156' title='bbox 566 1631 666 1664; x_wconf 77' lang='lat' dir='ltr'><em>cuius</em></span> <span class='ocrx_word' id='word_1_157' title='bbox 680 1642 786 1665; x_wconf 82' lang='lat' dir='ltr'><em>causa</em></span> <span class='ocrx_word' id='word_1_158' title='bbox 797 1629 900 1665; x_wconf 78' lang='lat' dir='ltr'><em>multi</em></span> <span class='ocrx_word' id='word_1_159' title='bbox 912 1629 1061 1664; x_wconf 76' lang='lat' dir='ltr'><em>homines</em></span> 
     </span>
     <span class='ocr_line' id='line_1_37' title="bbox 404 1683 1062 1734; baseline 0.003 -16"><span class='ocrx_word' id='word_1_160' title='bbox 404 1683 541 1719; x_wconf 80' lang='lat' dir='ltr'><strong><em>beatum</em></strong></span> <span class='ocrx_word' id='word_1_161' title='bbox 564 1683 661 1721; x_wconf 69' lang='lat' dir='ltr'><em>illum</em></span> <span class='ocrx_word' id='word_1_162' title='bbox 694 1686 762 1720; x_wconf 77' lang='lat' dir='ltr'><em>sint</em></span> <span class='ocrx_word' id='word_1_163' title='bbox 783 1684 1062 1734; x_wconf 74' lang='lat' dir='ltr'><em>praedicalztrz&#39;.“</em></span> 
     </span>
     <span class='ocr_line' id='line_1_38' title="bbox 403 1740 1065 1777; baseline 0.002 -3"><span class='ocrx_word' id='word_1_164' title='bbox 403 1740 594 1775; x_wconf 82' lang='lat' dir='ltr'><strong>Nimirum</strong></span> <span class='ocrx_word' id='word_1_165' title='bbox 625 1741 827 1777; x_wconf 78' lang='lat' dir='ltr'><em>accusativi</em></span> <span class='ocrx_word' id='word_1_166' title='bbox 873 1748 909 1777; x_wconf 88' lang='lat' dir='ltr'><em>et</em></span> <span class='ocrx_word' id='word_1_167' title='bbox 938 1741 1065 1776; x_wconf 85' lang='lat' dir='ltr'><em>inlini-</em></span> 
     </span>
     <span class='ocr_line' id='line_1_39' title="bbox 406 1795 1065 1848; baseline 0.003 -18"><span class='ocrx_word' id='word_1_168' title='bbox 406 1795 473 1831; x_wconf 76' lang='lat' dir='ltr'><em>tivi</em></span> <span class='ocrx_word' id='word_1_169' title='bbox 511 1801 697 1832; x_wconf 73' lang='lat' dir='ltr'>structura</span> <span class='ocrx_word' id='word_1_170' title='bbox 739 1798 871 1833; x_wconf 80' lang='lat' dir='ltr'>transit</span> <span class='ocrx_word' id='word_1_171' title='bbox 911 1810 1065 1848; x_wconf 85' lang='lat' dir='ltr'>quoque</span> 
     </span>
     <span class='ocr_line' id='line_1_40' title="bbox 407 1851 1067 1899; baseline 0.003 -13"><span class='ocrx_word' id='word_1_172' title='bbox 407 1851 446 1887; x_wconf 87' lang='lat' dir='ltr'><em>in</em></span> <span class='ocrx_word' id='word_1_173' title='bbox 469 1853 768 1889; x_wconf 77' lang='lat' dir='ltr'>enuntiationem</span> <span class='ocrx_word' id='word_1_174' title='bbox 796 1851 1003 1899; x_wconf 78' lang='lat' dir='ltr'>adiectam,</span> <span class='ocrx_word' id='word_1_175' title='bbox 1025 1859 1067 1888; x_wconf 86' lang='lat' dir='ltr'><em>ut</em></span> 
     </span>
     <span class='ocr_line' id='line_1_41' title="bbox 406 1908 1066 1959; baseline 0 -15"><span class='ocrx_word' id='word_1_176' title='bbox 406 1908 480 1954; x_wconf 87' lang='lat' dir='ltr'><em>VI,</em></span> <span class='ocrx_word' id='word_1_177' title='bbox 526 1910 632 1955; x_wconf 87' lang='lat'>117,</span> <span class='ocrx_word' id='word_1_178' title='bbox 671 1921 721 1945; x_wconf 87' lang='lat' dir='ltr'><em>ne</em></span> <span class='ocrx_word' id='word_1_179' title='bbox 752 1909 859 1959; x_wconf 84' lang='lat' dir='ltr'>plura</span> <span class='ocrx_word' id='word_1_180' title='bbox 887 1908 1066 1954; x_wconf 74' lang='lat' dir='ltr'><em>affer-nint,</em></span> 
     </span>
     <span class='ocr_line' id='line_1_42' title="bbox 407 1960 1065 2016; baseline -0.002 -15"><span class='ocrx_word' id='word_1_181' title='bbox 407 1960 484 2014; x_wconf 73' lang='grc' dir='ltr'><em>τήν</em></span> <span class='ocrx_word' id='word_1_182' title='bbox 511 1963 653 2014; x_wconf 87' lang='lat' dir='ltr'>pendet</span> <span class='ocrx_word' id='word_1_183' title='bbox 683 1966 729 2001; x_wconf 76' lang='lat' dir='ltr'><em>ab</em></span> <span class='ocrx_word' id='word_1_184' title='bbox 761 1964 917 2014; x_wconf 76' lang='grc' dir='ltr'><em>ἔχοντα,</em></span> <span class='ocrx_word' id='word_1_185' title='bbox 961 1964 1065 2016; x_wconf 86' lang='lat' dir='ltr'>quod</span> 
     </span>
     <span class='ocr_line' id='line_1_43' title="bbox 409 2020 1066 2072; baseline 0.003 -17"><span class='ocrx_word' id='word_1_186' title='bbox 409 2020 535 2070; x_wconf 88' lang='lat' dir='ltr'>ipsum</span> <span class='ocrx_word' id='word_1_187' title='bbox 557 2021 716 2057; x_wconf 82' lang='lat' dir='ltr'>refertur</span> <span class='ocrx_word' id='word_1_188' title='bbox 737 2020 784 2057; x_wconf 85' lang='lat' dir='ltr'><em>ad</em></span> <span class='ocrx_word' id='word_1_189' title='bbox 807 2020 894 2071; x_wconf 81' lang='grc' dir='ltr'><em>μὶν,</em></span> <span class='ocrx_word' id='word_1_190' title='bbox 926 2022 990 2072; x_wconf 85' lang='lat' dir='ltr'><em>qui</em></span> <span class='ocrx_word' id='word_1_191' title='bbox 1013 2028 1066 2058; x_wconf 89' lang='lat' dir='ltr'><em>est</em></span> 
     </span>
     <span class='ocr_line' id='line_1_44' title="bbox 411 2077 1068 2125; baseline 0.008 -13"><span class='ocrx_word' id='word_1_192' title='bbox 411 2077 549 2113; x_wconf 81' lang='lat' dir='ltr'>obiecti</span> <span class='ocrx_word' id='word_1_193' title='bbox 578 2078 832 2125; x_wconf 82' lang='lat' dir='ltr'><em>accusativus,</em></span> <span class='ocrx_word' id='word_1_194' title='bbox 861 2091 949 2114; x_wconf 83' lang='lat' dir='ltr'><em>cum</em></span> <span class='ocrx_word' id='word_1_195' title='bbox 970 2080 1068 2116; x_wconf 88' lang='grc' dir='ltr'><em>πολ-</em></span> 
     </span>
     <span class='ocr_line' id='line_1_45' title="bbox 410 2129 1011 2180; baseline -0.002 -8"><span class='ocrx_word' id='word_1_196' title='bbox 410 2129 507 2180; x_wconf 76' lang='grc' dir='ltr'><em>λοὺς</em></span> <span class='ocrx_word' id='word_1_197' title='bbox 524 2134 682 2172; x_wconf 80' lang='lat' dir='ltr'><em>subiecti</em></span> <span class='ocrx_word' id='word_1_198' title='bbox 701 2134 747 2171; x_wconf 88' lang='lat' dir='ltr'><em>sit</em></span> <span class='ocrx_word' id='word_1_199' title='bbox 767 2136 1011 2172; x_wconf 81' lang='lat' dir='ltr'><em>accusativus.</em></span> 
     </span>
    </p>
   </div>
   <div class='ocr_carea' id='block_1_24' title="bbox 413 2212 1071 2760">
    <p class='ocr_par' dir='ltr' id='par_1_25' title="bbox 607 2212 864 2264">
     <span class='ocr_line' id='line_1_46' title="bbox 607 2212 864 2264; baseline 0.016 -15"><span class='ocrx_word' id='word_1_200' title='bbox 607 2212 697 2264; x_wconf 80' lang='lat' dir='ltr'>Cap.</span> <span class='ocrx_word' id='word_1_201' title='bbox 728 2214 864 2253; x_wconf 90' lang='lat' dir='ltr'>XCIV.</span> 
     </span>
    </p>

    <p class='ocr_par' dir='ltr' id='par_1_26' title="bbox 413 2263 1068 2601">
     <span class='ocr_line' id='line_1_47' title="bbox 465 2263 1068 2321; baseline -0.002 -15"><span class='ocrx_word' id='word_1_202' title='bbox 465 2263 667 2321; x_wconf 70' lang='grc' dir='ltr'><em>ἐχρήσθη]</em></span> <span class='ocrx_word' id='word_1_203' title='bbox 689 2268 772 2309; x_wconf 86' lang='lat' dir='ltr'>Vid.</span> <span class='ocrx_word' id='word_1_204' title='bbox 797 2268 980 2316; x_wconf 80' lang='grc' dir='ltr'><em>ν11,144</em></span> <span class='ocrx_word' id='word_1_205' title='bbox 1000 2269 1068 2306; x_wconf 88' lang='lat' dir='ltr'>ibi-</span> 
     </span>
     <span class='ocr_line' id='line_1_48' title="bbox 413 2322 1068 2375; baseline 0.006 -15"><span class='ocrx_word' id='word_1_206' title='bbox 413 2336 488 2374; x_wconf 85' lang='lat' dir='ltr'><em>que</em></span> <span class='ocrx_word' id='word_1_207' title='bbox 506 2332 602 2363; x_wconf 76' lang='lat' dir='ltr'>nott.</span> <span class='ocrx_word' id='word_1_208' title='bbox 653 2327 711 2361; x_wconf 90' lang='lat' dir='ltr'><em>De</em></span> <span class='ocrx_word' id='word_1_209' title='bbox 742 2338 834 2362; x_wconf 82' lang='lat' dir='ltr'>voce</span> <span class='ocrx_word' id='word_1_210' title='bbox 860 2322 1068 2375; x_wconf 67' lang='grc' dir='ltr'><em>ἀπόρρητα</em></span> 
     </span>
     <span class='ocr_line' id='line_1_49' title="bbox 413 2378 1067 2429; baseline 0.005 -13"><span class='ocrx_word' id='word_1_211' title='bbox 413 2379 490 2417; x_wconf 86' lang='lat' dir='ltr'>vid.</span> <span class='ocrx_word' id='word_1_212' title='bbox 512 2389 606 2419; x_wconf 83' lang='lat' dir='ltr'>nott.</span> <span class='ocrx_word' id='word_1_213' title='bbox 627 2381 675 2418; x_wconf 83' lang='lat' dir='ltr'><em>ad</em></span> <span class='ocrx_word' id='word_1_214' title='bbox 694 2383 772 2429; x_wconf 88' lang='lat' dir='ltr'><em>IX,</em></span> <span class='ocrx_word' id='word_1_215' title='bbox 794 2382 860 2422; x_wconf 76' lang='lat'><em>45.</em></span> <span class='ocrx_word' id='word_1_216' title='bbox 881 2381 922 2421; x_wconf 82' lang='grc' dir='ltr'><em>ἕν</em></span> <span class='ocrx_word' id='word_1_217' title='bbox 944 2378 1067 2420; x_wconf 76' lang='grc' dir='ltr'><em>θώκω</em></span> 
     </span>
     <span class='ocr_line' id='line_1_50' title="bbox 413 2434 1068 2490; baseline 0.005 -18"><span class='ocrx_word' id='word_1_218' title='bbox 413 2434 470 2484; x_wconf 82' lang='grc' dir='ltr'><em>(ιιι</em></span> <span class='ocrx_word' id='word_1_219' title='bbox 488 2438 597 2485; x_wconf 83' lang='lat' dir='ltr'><em>sella</em></span> <span class='ocrx_word' id='word_1_220' title='bbox 627 2440 665 2475; x_wconf 83' lang='lat' dir='ltr'><em>in</em></span> <span class='ocrx_word' id='word_1_221' title='bbox 692 2436 812 2490; x_wconf 68' lang='lat' dir='ltr'><em>sedili)</em></span> <span class='ocrx_word' id='word_1_222' title='bbox 849 2439 1000 2489; x_wconf 76' lang='lat' dir='ltr'><em>ponitui</em></span> <span class='ocrx_word' id='word_1_223' title='bbox 1027 2445 1068 2475; x_wconf 90' lang='lat' dir='ltr'><em>ut</em></span> 
     </span>
     <span class='ocr_line' id='line_1_51' title="bbox 415 2492 1066 2542; baseline 0 -11"><span class='ocrx_word' id='word_1_224' title='bbox 415 2492 452 2538; x_wconf 85' lang='lat' dir='ltr'><em>l,</em></span> <span class='ocrx_word' id='word_1_225' title='bbox 489 2496 560 2533; x_wconf 84' lang='lat'><em>181</em></span> <span class='ocrx_word' id='word_1_226' title='bbox 587 2495 671 2530; x_wconf 89' lang='lat' dir='ltr'>coll.</span> <span class='ocrx_word' id='word_1_227' title='bbox 693 2495 764 2542; x_wconf 88' lang='lat' dir='ltr'><em>VI,</em></span> <span class='ocrx_word' id='word_1_228' title='bbox 793 2497 866 2542; x_wconf 85' lang='lat'><em>63,</em></span> <span class='ocrx_word' id='word_1_229' title='bbox 898 2496 963 2531; x_wconf 88' lang='lat' dir='ltr'><em>ubi</em></span> <span class='ocrx_word' id='word_1_230' title='bbox 992 2494 1066 2532; x_wconf 85' lang='lat' dir='ltr'>vid.</span> 
     </span>
     <span class='ocr_line' id='line_1_52' title="bbox 416 2550 1012 2601; baseline 0.007 -18"><span class='ocrx_word' id='word_1_231' title='bbox 416 2554 530 2597; x_wconf 59' lang='lat' dir='ltr'>nott„</span> <span class='ocrx_word' id='word_1_232' title='bbox 552 2551 773 2588; x_wconf 76' lang='lat' dir='ltr'>observante</span> <span class='ocrx_word' id='word_1_233' title='bbox 794 2550 1012 2601; x_wconf 82' lang='lat' dir='ltr'>Schweigh.</span> 
     </span>
    </p>

    <p class='ocr_par' dir='ltr' id='par_1_27' title="bbox 419 2601 1071 2760">
     <span class='ocr_line' id='line_1_53' title="bbox 473 2601 1071 2658; baseline 0.007 -16"><span class='ocrx_word' id='word_1_234' title='bbox 473 2603 513 2648; x_wconf 74' lang='grc' dir='ltr'><em>ἐς</em></span> <span class='ocrx_word' id='word_1_235' title='bbox 537 2601 560 2643; x_wconf 75' lang='grc' dir='ltr'>ὃ</span> <span class='ocrx_word' id='word_1_236' title='bbox 585 2606 819 2658; x_wconf 82' lang='grc' dir='ltr'><em>κατέβαινον</em></span> <span class='ocrx_word' id='word_1_237' title='bbox 849 2604 1071 2647; x_wconf 77' lang='grc' dir='ltr'><em>συλλυπεύ-</em></span> 
     </span>
     <span class='ocr_line' id='line_1_54' title="bbox 421 2661 1070 2708; baseline 0.009 -13"><span class='ocrx_word' id='word_1_238' title='bbox 421 2661 550 2708; x_wconf 87' lang='grc' dir='ltr'><em>μενοι]</em></span> <span class='ocrx_word' id='word_1_239' title='bbox 580 2663 602 2698; x_wconf 84' lang='grc' dir='ltr'><em>ἰ.</em></span> <span class='ocrx_word' id='word_1_240' title='bbox 628 2676 662 2699; x_wconf 86' lang='lat' dir='ltr'><em>e.</em></span> <span class='ocrx_word' id='word_1_241' title='bbox 693 2663 798 2701; x_wconf 76' lang='lat' dir='ltr'>donec</span> <span class='ocrx_word' id='word_1_242' title='bbox 824 2664 1070 2702; x_wconf 76' lang='lat' dir='ltr'><em>descenderunt</em></span> 
     </span>
     <span class='ocr_line' id='line_1_55' title="bbox 419 2719 1069 2760; baseline 0.012 -9"><span class='ocrx_word' id='word_1_243' title='bbox 419 2727 450 2752; x_wconf 89' lang='lat' dir='ltr'><em>s.</em></span> <span class='ocrx_word' id='word_1_244' title='bbox 478 2722 641 2754; x_wconf 76' lang='lat' dir='ltr'><em>venerunt</em></span> <span class='ocrx_word' id='word_1_245' title='bbox 662 2719 710 2755; x_wconf 82' lang='lat' dir='ltr'><em>ad</em></span> <span class='ocrx_word' id='word_1_246' title='bbox 731 2723 802 2758; x_wconf 77' lang='lat' dir='ltr'><em>viri</em></span> <span class='ocrx_word' id='word_1_247' title='bbox 831 2721 1069 2760; x_wconf 77' lang='lat' dir='ltr'><em>calamitatem</em></span> 
     </span>
    </p>
   </div>
   <div class='ocr_carea' id='block_1_25' title="bbox 1112 1345 1773 1676">
    <p class='ocr_par' dir='ltr' id='par_1_28' title="bbox 1112 1345 1773 1676">
     <span class='ocr_line' id='line_1_56' title="bbox 1112 1345 1771 1388; baseline 0.002 -4"><span class='ocrx_word' id='word_1_248' title='bbox 1112 1345 1188 1384; x_wconf 66' lang='lat' dir='ltr'><em>unci</em></span> <span class='ocrx_word' id='word_1_249' title='bbox 1234 1348 1548 1388; x_wconf 77' lang='lat' dir='ltr'><em>commiserandam.</em></span> <span class='ocrx_word' id='word_1_250' title='bbox 1622 1349 1771 1386; x_wconf 82' lang='lat' dir='ltr'>Similia</span> 
     </span>
     <span class='ocr_line' id='line_1_57' title="bbox 1114 1403 1772 1455; baseline 0.008 -15"><span class='ocrx_word' id='word_1_251' title='bbox 1114 1403 1304 1455; x_wconf 84' lang='lat' dir='ltr'>quaedam</span> <span class='ocrx_word' id='word_1_252' title='bbox 1331 1412 1478 1441; x_wconf 81' lang='lat' dir='ltr'>exstant</span> <span class='ocrx_word' id='word_1_253' title='bbox 1513 1407 1552 1452; x_wconf 88' lang='grc' dir='ltr'><em>Ι,</em></span> <span class='ocrx_word' id='word_1_254' title='bbox 1595 1406 1662 1446; x_wconf 86' lang='grc'><em>90.</em></span> <span class='ocrx_word' id='word_1_255' title='bbox 1694 1407 1772 1445; x_wconf 89' lang='grc'><em>116</em></span> 
     </span>
     <span class='ocr_line' id='line_1_58' title="bbox 1115 1461 1773 1500; baseline 0.002 -3"><span class='ocrx_word' id='word_1_256' title='bbox 1115 1461 1200 1497; x_wconf 83' lang='lat' dir='ltr'>coil.</span> <span class='ocrx_word' id='word_1_257' title='bbox 1221 1462 1310 1500; x_wconf 87' lang='lat'>118.</span> <span class='ocrx_word' id='word_1_258' title='bbox 1344 1463 1569 1498; x_wconf 83' lang='lat' dir='ltr'>Latinorum</span> <span class='ocrx_word' id='word_1_259' title='bbox 1595 1462 1773 1499; x_wconf 81' lang='lat' dir='ltr'>decurrere</span> 
     </span>
     <span class='ocr_line' id='line_1_59' title="bbox 1114 1517 1773 1568; baseline 0.002 -14"><span class='ocrx_word' id='word_1_260' title='bbox 1114 1517 1163 1554; x_wconf 79' lang='lat' dir='ltr'><em>ad</em></span> <span class='ocrx_word' id='word_1_261' title='bbox 1189 1530 1305 1566; x_wconf 81' lang='lat' dir='ltr'>preces</span> <span class='ocrx_word' id='word_1_262' title='bbox 1334 1531 1422 1554; x_wconf 89' lang='lat' dir='ltr'><em>cum</em></span> <span class='ocrx_word' id='word_1_263' title='bbox 1446 1518 1548 1555; x_wconf 85' lang='lat' dir='ltr'>hisce</span> <span class='ocrx_word' id='word_1_264' title='bbox 1579 1524 1773 1568; x_wconf 81' lang='lat' dir='ltr'>comparat</span> 
     </span>
     <span class='ocr_line' id='line_1_60' title="bbox 1114 1572 1771 1622; baseline 0.003 -14"><span class='ocrx_word' id='word_1_265' title='bbox 1114 1572 1384 1611; x_wconf 82' lang='lat' dir='ltr'>Mitscherlich.</span> <span class='ocrx_word' id='word_1_266' title='bbox 1404 1574 1452 1611; x_wconf 83' lang='lat' dir='ltr'><em>ad</em></span> <span class='ocrx_word' id='word_1_267' title='bbox 1462 1576 1591 1614; x_wconf 80' lang='lat' dir='ltr'>Horat.</span> <span class='ocrx_word' id='word_1_268' title='bbox 1616 1574 1686 1612; x_wconf 92' lang='lat' dir='ltr'><em>Od.</em></span> <span class='ocrx_word' id='word_1_269' title='bbox 1705 1575 1771 1622; x_wconf 90' lang='lat'>111,</span> 
     </span>
     <span class='ocr_line' id='line_1_61' title="bbox 1116 1630 1283 1676; baseline -0.012 -8"><span class='ocrx_word' id='word_1_270' title='bbox 1116 1631 1191 1676; x_wconf 78' lang='lat'><em>29,</em></span> <span class='ocrx_word' id='word_1_271' title='bbox 1215 1630 1283 1669; x_wconf 88' lang='grc'><em>58.</em></span> 
     </span>
    </p>
   </div>
   <div class='ocr_carea' id='block_1_26' title="bbox 1120 1702 1779 2776">
    <p class='ocr_par' dir='ltr' id='par_1_29' title="bbox 1120 1702 1779 2776">
     <span class='ocr_line' id='line_1_62' title="bbox 1175 1702 1772 1761; baseline 0.005 -16"><span class='ocrx_word' id='word_1_272' title='bbox 1175 1702 1298 1761; x_wconf 76' lang='grc' dir='ltr'><em>ταύτῃ</em></span> <span class='ocrx_word' id='word_1_273' title='bbox 1330 1704 1372 1746; x_wconf 82' lang='grc' dir='ltr'><em>δὲ</em></span> <span class='ocrx_word' id='word_1_274' title='bbox 1398 1704 1642 1760; x_wconf 73' lang='grc' dir='ltr'><em>ὖποῖγοντες]</em></span> <span class='ocrx_word' id='word_1_275' title='bbox 1682 1709 1707 1748; x_wconf 88' lang='lat' dir='ltr'><em>i.</em></span> <span class='ocrx_word' id='word_1_276' title='bbox 1738 1722 1772 1745; x_wconf 83' lang='lat' dir='ltr'><em>e·</em></span> 
     </span>
     <span class='ocr_line' id='line_1_63' title="bbox 1120 1763 1775 1813; baseline 0.005 -14"><span class='ocrx_word' id='word_1_277' title='bbox 1120 1765 1174 1799; x_wconf 74' lang='lat' dir='ltr'><em>ita</em></span> <span class='ocrx_word' id='word_1_278' title='bbox 1194 1776 1267 1800; x_wconf 84' lang='lat' dir='ltr'><em>eum</em></span> <span class='ocrx_word' id='word_1_279' title='bbox 1277 1763 1456 1813; x_wconf 71' lang='lat' dir='ltr'><em>fitllentes.</em></span> <span class='ocrx_word' id='word_1_280' title='bbox 1498 1765 1581 1803; x_wconf 77' lang='lat' dir='ltr'>vid.</span> <span class='ocrx_word' id='word_1_281' title='bbox 1608 1772 1703 1803; x_wconf 87' lang='lat' dir='ltr'>nott.</span> <span class='ocrx_word' id='word_1_282' title='bbox 1726 1765 1775 1802; x_wconf 79' lang='lat' dir='ltr'><em>ad</em></span> 
     </span>
     <span class='ocr_line' id='line_1_64' title="bbox 1121 1820 1778 1870; baseline 0.012 -16"><span class='ocrx_word' id='word_1_283' title='bbox 1121 1820 1225 1866; x_wconf 71' lang='lat' dir='ltr'>vul,</span> <span class='ocrx_word' id='word_1_284' title='bbox 1260 1822 1350 1860; x_wconf 78' lang='lat'>106.</span> <span class='ocrx_word' id='word_1_285' title='bbox 1419 1822 1517 1858; x_wconf 88' lang='lat' dir='ltr'><em>Hinc</em></span> <span class='ocrx_word' id='word_1_286' title='bbox 1551 1822 1672 1860; x_wconf 50' lang='lat' dir='ltr'><em>infra:</em></span> <span class='ocrx_word' id='word_1_287' title='bbox 1723 1821 1778 1870; x_wconf 72' lang='grc' dir='ltr'><em>ὥς</em></span> 
     </span>
     <span class='ocr_line' id='line_1_65' title="bbox 1122 1874 1779 1928; baseline 0.003 -14"><span class='ocrx_word' id='word_1_288' title='bbox 1122 1874 1395 1925; x_wconf 77' lang='grc' dir='ltr'><em>ἐξαπατηθείς.</em></span> <span class='ocrx_word' id='word_1_289' title='bbox 1476 1879 1640 1928; x_wconf 82' lang='lat' dir='ltr'><em>Intelligi</em></span> <span class='ocrx_word' id='word_1_290' title='bbox 1697 1880 1779 1917; x_wconf 85' lang='lat' dir='ltr'>vult</span> 
     </span>
     <span class='ocr_line' id='line_1_66' title="bbox 1130 1931 1779 1982; baseline 0.011 -16"><span class='ocrx_word' id='word_1_291' title='bbox 1130 1931 1479 1981; x_wconf 77' lang='lat' dir='ltr'><em>Wesselingius</em></span> <span class='ocrx_word' id='word_1_292' title='bbox 1547 1934 1779 1982; x_wconf 83' lang='lat' dir='ltr'><em>„simulatum</em></span> 
     </span>
     <span class='ocr_line' id='line_1_67' title="bbox 1123 1987 1779 2040; baseline 0.009 -17"><span class='ocrx_word' id='word_1_293' title='bbox 1123 1987 1289 2036; x_wconf 80' lang='lat' dir='ltr'><em>dolorem,</em></span> <span class='ocrx_word' id='word_1_294' title='bbox 1346 2002 1421 2040; x_wconf 87' lang='lat' dir='ltr'><em>quo</em></span> <span class='ocrx_word' id='word_1_295' title='bbox 1461 1992 1655 2028; x_wconf 80' lang='lat' dir='ltr'><em>Euenium</em></span> <span class='ocrx_word' id='word_1_296' title='bbox 1699 1993 1779 2029; x_wconf 86' lang='lat' dir='ltr'><strong>cal-</strong></span> 
     </span>
     <span class='ocr_line' id='line_1_68' title="bbox 1122 2043 1777 2097; baseline 0.009 -18"><span class='ocrx_word' id='word_1_297' title='bbox 1122 2043 1197 2080; x_wconf 85' lang='lat' dir='ltr'><em>lide</em></span> <span class='ocrx_word' id='word_1_298' title='bbox 1235 2045 1438 2083; x_wconf 84' lang='lat' dir='ltr'>illexerunt</span> <span class='ocrx_word' id='word_1_299' title='bbox 1476 2054 1512 2084; x_wconf 86' lang='lat' dir='ltr'><em>et</em></span> <span class='ocrx_word' id='word_1_300' title='bbox 1551 2047 1777 2097; x_wconf 71' lang='lat' dir='ltr'><em>fefellerunt,</em></span> 
     </span>
     <span class='ocr_line' id='line_1_69' title="bbox 1121 2101 1779 2157; baseline 0.009 -19"><span class='ocrx_word' id='word_1_301' title='bbox 1121 2101 1220 2148; x_wconf 76' lang='lat' dir='ltr'>sive,</span> <span class='ocrx_word' id='word_1_302' title='bbox 1241 2102 1296 2138; x_wconf 87' lang='lat' dir='ltr'><em>uti</em></span> <span class='ocrx_word' id='word_1_303' title='bbox 1317 2102 1448 2139; x_wconf 90' lang='lat' dir='ltr'>Conon</span> <span class='ocrx_word' id='word_1_304' title='bbox 1466 2132 1475 2150; x_wconf 90' lang='lat'>‚</span> <span class='ocrx_word' id='word_1_305' title='bbox 1504 2102 1617 2157; x_wconf 82' lang='grc' dir='ltr'><em>τέχνῃ</em></span> <span class='ocrx_word' id='word_1_306' title='bbox 1639 2102 1779 2143; x_wconf 75' lang='grc' dir='ltr'><em>ἱλασά-</em></span> 
     </span>
     <span class='ocr_line' id='line_1_70' title="bbox 1124 2159 1777 2208; baseline 0.005 -13"><span class='ocrx_word' id='word_1_307' title='bbox 1124 2171 1250 2208; x_wconf 87' lang='grc' dir='ltr'><em>μενοι.</em></span> <span class='ocrx_word' id='word_1_308' title='bbox 1305 2159 1460 2195; x_wconf 76' lang='lat' dir='ltr'>Notus</span> <span class='ocrx_word' id='word_1_309' title='bbox 1448 2173 1488 2197; x_wconf 86' lang='lat' dir='ltr'>m</span> <span class='ocrx_word' id='word_1_310' title='bbox 1517 2161 1653 2198; x_wconf 83' lang='lat' dir='ltr'><em>talibus</em></span> <span class='ocrx_word' id='word_1_311' title='bbox 1672 2162 1777 2198; x_wconf 84' lang='lat' dir='ltr'>verbi</span> 
     </span>
     <span class='ocr_line' id='line_1_71' title="bbox 1123 2214 1776 2282; baseline 0.009 -33"><span class='ocrx_word' id='word_1_312' title='bbox 1123 2227 1211 2250; x_wconf 89' lang='lat' dir='ltr'>usus</span> <span class='ocrx_word' id='word_1_313' title='bbox 1250 2226 1296 2249; x_wconf 86' lang='lat' dir='ltr'><em>ex</em></span> <span class='ocrx_word' id='word_1_314' title='bbox 1316 2216 1432 2282; x_wconf 83' lang='lat' dir='ltr'>Eurip</span> <span class='ocrx_word' id='word_1_315' title='bbox 1436 2214 1488 2253; x_wconf 87' lang='lat' dir='ltr'><em>id.</em></span> <span class='ocrx_word' id='word_1_316' title='bbox 1515 2216 1776 2255; x_wconf 77' lang='lat' dir='ltr'>Andromach.</span> 
     </span>
     <span class='ocr_line' id='line_1_72' title="bbox 1124 2266 1777 2324; baseline 0.009 -16"><span class='ocrx_word' id='word_1_317' title='bbox 1124 2268 1224 2310; x_wconf 78' lang='lat'><em>428:</em></span> <span class='ocrx_word' id='word_1_318' title='bbox 1248 2285 1278 2308; x_wconf 91' lang='grc' dir='ltr'>ω</span> <span class='ocrx_word' id='word_1_319' title='bbox 1301 2266 1342 2309; x_wconf 85' lang='grc' dir='ltr'><em>σ’</em></span> <span class='ocrx_word' id='word_1_320' title='bbox 1363 2268 1595 2324; x_wconf 79' lang='grc' dir='ltr'><em>υπήγαγον,</em></span> <span class='ocrx_word' id='word_1_321' title='bbox 1617 2272 1657 2311; x_wconf 87' lang='lat' dir='ltr'><em>h.</em></span> <span class='ocrx_word' id='word_1_322' title='bbox 1683 2288 1716 2312; x_wconf 88' lang='lat' dir='ltr'><em>e.</em></span> <span class='ocrx_word' id='word_1_323' title='bbox 1737 2273 1777 2314; x_wconf 77' lang='grc' dir='ltr'><em>ἔ-</em></span> 
     </span>
     <span class='ocr_line' id='line_1_73' title="bbox 1126 2324 1775 2380; baseline 0.009 -17"><span class='ocrx_word' id='word_1_324' title='bbox 1126 2324 1287 2364; x_wconf 80' lang='grc' dir='ltr'><em>δελέασα</em></span> <span class='ocrx_word' id='word_1_325' title='bbox 1323 2343 1391 2366; x_wconf 87' lang='grc' dir='ltr'><em>και</em></span> <span class='ocrx_word' id='word_1_326' title='bbox 1432 2328 1660 2380; x_wconf 78' lang='grc' dir='ltr'><em>ἐξηπάτησα</em></span> <span class='ocrx_word' id='word_1_327' title='bbox 1709 2345 1775 2368; x_wconf 84' lang='grc' dir='ltr'><em>και</em></span> 
     </span>
     <span class='ocr_line' id='line_1_74' title="bbox 1124 2381 1775 2435; baseline 0.003 -16"><span class='ocrx_word' id='word_1_328' title='bbox 1124 2381 1431 2435; x_wconf 71' lang='grc' dir='ltr'><em>προετρεψάμην</em></span> <span class='ocrx_word' id='word_1_329' title='bbox 1482 2399 1502 2422; x_wconf 86' lang='lat' dir='ltr'>e</span> <span class='ocrx_word' id='word_1_330' title='bbox 1543 2386 1775 2423; x_wconf 75' lang='lat' dir='ltr'><em>scholiastae</em></span> 
     </span>
     <span class='ocr_line' id='line_1_75' title="bbox 1125 2437 1776 2492; baseline 0.005 -18"><span class='ocrx_word' id='word_1_331' title='bbox 1125 2437 1306 2476; x_wconf 80' lang='lat' dir='ltr'>doctrina.</span> <span class='ocrx_word' id='word_1_332' title='bbox 1353 2442 1516 2492; x_wconf 83' lang='lat' dir='ltr'>Appian.</span> <span class='ocrx_word' id='word_1_333' title='bbox 1537 2443 1581 2480; x_wconf 89' lang='lat' dir='ltr'><em>B.</em></span> <span class='ocrx_word' id='word_1_334' title='bbox 1602 2444 1681 2479; x_wconf 80' lang='lat' dir='ltr'>Civ.</span> <span class='ocrx_word' id='word_1_335' title='bbox 1710 2443 1776 2490; x_wconf 86' lang='lat' dir='ltr'>III,</span> 
     </span>
     <span class='ocr_line' id='line_1_76' title="bbox 1125 2494 1763 2549; baseline 0.003 -14"><span class='ocrx_word' id='word_1_336' title='bbox 1125 2497 1177 2535; x_wconf 83' lang='lat'><em>37</em></span> <span class='ocrx_word' id='word_1_337' title='bbox 1201 2496 1230 2533; x_wconf 79' lang='grc' dir='ltr'><strong><em>ὠ</em></strong></span> <span class='ocrx_word' id='word_1_338' title='bbox 1259 2494 1309 2546; x_wconf 66' lang='grc' dir='ltr'><em>δή</em></span> <span class='ocrx_word' id='word_1_339' title='bbox 1335 2495 1499 2547; x_wconf 73' lang='grc' dir='ltr'><em>μάλιστα</em></span> <span class='ocrx_word' id='word_1_340' title='bbox 1521 2497 1763 2549; x_wconf 81' lang='grc' dir='ltr'><em>υπαχθέντες</em></span> 
     </span>
     <span class='ocr_line' id='line_1_77' title="bbox 1128 2555 1776 2600; baseline 0.006 -13"><span class='ocrx_word' id='word_1_341' title='bbox 1128 2564 1198 2600; x_wconf 82' lang='lat' dir='ltr'><em>qua</em></span> <span class='ocrx_word' id='word_1_342' title='bbox 1217 2565 1253 2588; x_wconf 81' lang='lat' dir='ltr'><em>re</em></span> <span class='ocrx_word' id='word_1_343' title='bbox 1267 2565 1415 2591; x_wconf 74' lang='lat' dir='ltr'>maxzme</span> <span class='ocrx_word' id='word_1_344' title='bbox 1427 2555 1600 2591; x_wconf 50' lang='grc' dir='ltr'><em>(ΙιεἸίηίίίὶ.ι</em></span> <span class='ocrx_word' id='word_1_345' title='bbox 1616 2576 1671 2582; x_wconf 88' lang='lat'><em>--</em></span> <span class='ocrx_word' id='word_1_346' title='bbox 1687 2555 1776 2600; x_wconf 81' lang='lat' dir='ltr'><em>Qui-</em></span> 
     </span>
     <span class='ocr_line' id='line_1_78' title="bbox 1127 2607 1776 2660; baseline 0.008 -17"><span class='ocrx_word' id='word_1_347' title='bbox 1127 2608 1194 2644; x_wconf 90' lang='lat' dir='ltr'><em>bus</em></span> <span class='ocrx_word' id='word_1_348' title='bbox 1215 2607 1432 2660; x_wconf 83' lang='lat' dir='ltr'>Schweigh.</span> <span class='ocrx_word' id='word_1_349' title='bbox 1461 2609 1563 2646; x_wconf 80' lang='lat' dir='ltr'>addit</span> <span class='ocrx_word' id='word_1_350' title='bbox 1584 2610 1776 2648; x_wconf 79' lang='lat' dir='ltr'>Plutarch.</span> 
     </span>
     <span class='ocr_line' id='line_1_79' title="bbox 1126 2664 1775 2716; baseline 0.014 -17"><span class='ocrx_word' id='word_1_351' title='bbox 1126 2664 1259 2703; x_wconf 84' lang='lat' dir='ltr'>Solon.</span> <span class='ocrx_word' id='word_1_352' title='bbox 1292 2679 1325 2703; x_wconf 85' lang='lat' dir='ltr'><em>c.</em></span> <span class='ocrx_word' id='word_1_353' title='bbox 1355 2668 1379 2705; x_wconf 83' lang='lat'>8</span> <span class='ocrx_word' id='word_1_354' title='bbox 1409 2665 1473 2702; x_wconf 85' lang='lat' dir='ltr'><em>fin.</em></span> <span class='ocrx_word' id='word_1_355' title='bbox 1500 2679 1583 2716; x_wconf 74' lang='lat' dir='ltr'>pag.</span> <span class='ocrx_word' id='word_1_356' title='bbox 1614 2669 1687 2714; x_wconf 73' lang='lat'><em>82,</em></span> <span class='ocrx_word' id='word_1_357' title='bbox 1736 2670 1775 2707; x_wconf 80' lang='lat'><em>2·</em></span> 
     </span>
     <span class='ocr_line' id='line_1_80' title="bbox 1125 2719 1778 2776; baseline 0.006 -17"><span class='ocrx_word' id='word_1_358' title='bbox 1125 2719 1369 2772; x_wconf 71' lang='grc' dir='ltr'><em>’ὑπαχθέντες</em></span> <span class='ocrx_word' id='word_1_359' title='bbox 1409 2721 1450 2762; x_wconf 78' lang='grc' dir='ltr'><em>οἱ</em></span> <span class='ocrx_word' id='word_1_360' title='bbox 1483 2724 1688 2775; x_wconf 62' lang='grc' dir='ltr'><em>ΙΡΙεγαρεῖς</em></span> <span class='ocrx_word' id='word_1_361' title='bbox 1727 2725 1778 2776; x_wconf 73' lang='grc' dir='ltr'><em>τῇ</em></span> 
     </span>
    </p>
   </div>
  </div>
 </body>
</html>
