1879 3222
27 826 93 872 17

474 190 939 228 CALLIOPE.

998 193 1013 226 1
1029 193 1077 228 X.
1331 191 1415 231 229

158 297 376 355 ,,θρώπῳ·
406 296 508 342 οὐδὲ
536 296 619 352 γὰρ
649 296 779 340 πιστὰ
811 298 984 352 λέγουσι
1015 298 1154 342 ἐθέλει
1183 300 1412 343 πείθεσθαι
1425 304 1468 340 55

128 364 344 418 8,,οὐδείς.
374 371 509 408 ταῦτα
531 365 576 408 δὲ
598 364 804 417 Περσέων
823 367 975 420 συχνοὶ
996 366 1282 418 ἐπιστάμενοι,
1314 366 1412 411 ἑπό-

158 439 300 490 ,,μεθα
330 431 545 489 ἀναγκαίῃ
578 432 859 486 ἐνδεδεμένοι.
891 433 1063 487 ἐχθίστη
1095 433 1139 475 δὲ
1170 432 1308 489 ὀδύνη
1328 433 1413 477 ἐστὶ

157 505 272 554 „miv
291 500 337 543 ἐν
367 499 645 555 ἀνθρώποισι
671 499 795 556 αὕτη,
835 498 976 543 πολλοὶ
1005 499 1252 554 φρονέοντα
1283 504 1409 557 μηδε-

125 577 146 610 9
158 569 260 622 ,,νὸς
284 568 524 622 κρατέειν.“

153 634 347 690 σοι’νδρου
375 636 561 692 ἤκουον·

599 572 746 611 Ταῦτα
776 570 853 623 μὲν
881 571 962 612 τοῦ
988 566 1270 623 Ὀρχομενίου
1305 572 1407 622 Θερ-

619 636 690 680 naz
729 634 830 680 τάδε
863 633 972 690 πρός
1001 633 1217 685 τούτοισι,
1249 632 1307 686 ὥς
1337 635 1410 678 αὖ·
1425 642 1470 678 60

146 704 218 754 τὰς
266 701 426 748 αὐτίκα
471 705 591 758 λέγοι
637 706 775 747 ταῦτα
820 704 935 758 πρός
984 701 1250 756 ἀνθρώπους
1298 701 1410 757 πρό-

148 787 276 827 τερον
304 770 333 828 ἢ
362 771 566 827 γενέσθαι
594 771 641 816 ἐν
672 776 913 829 Πλαταιῇσι
944 769 1023 826 τὴν
1053 768 1207 826 μάχην.

262 842 527 894 Μαρδονίου
555 840 599 883 δὲ
628 840 676 883 ἐν
711 857 762 897 τη
795 840 986 896 Βοιωτίη
1017 836 1410 893 στρατοπεδευομέ-

149 910 345 958 νου,οἱ
383 907 462 962 μὲν
499 907 622 951 ἄλλοι
665 910 924 964 παρείχοντο
963 905 1147 957 ἅπαντες
1186 905 1404 960 στρατιήν,

148 976 221 1019 καὶ
252 976 543 1031 συνεσέβαλον
572 975 614 1026 ἐς
641 974 825 1031 Ἀθήνας
856 973 952 1018 ὅσοι
971 989 1051 1028 περ
1083 972 1286 1029 ἐμήδιζον
1311 971 1405 1015 Ἑλ-
1417 978 1572 1022 65Mano

1462 1029 1566 1056 riwi-

1466 570 1546 610 699

1468 835 1664 864 phocensium
1676 842 1742 869 par-

1464 882 1504 909 ιῑει
1533 883 1571 916 [c.
1597 881 1741 916 3.ι]μι-

1463 920 1549 959 διμσ(

1463 949 1687 1001 iqoda
1674 933 1743 986 'ilia

1559 929 1690 954 §ucoact

1660 997 1741 1019 aele-

1553 1002 1649 1055 fidenis
1636 1034 1742 1053 SECU-

118 1042 295 1100 Ξλήνων
335 1047 424 1086 τῶν
461 1043 596 1100 ταύτη
636 1042 892 1099 οἰκημένων,
952 1045 1113 1098 μοῦνοι
1152 1042 1197 1085 δὲ
1235 1038 1406 1091 Φωκέες
1462 1070 1498 1090 u„
1515 1062 1673 1095 ωῑ9ῑ9999ς,

89 1169 198 1220 seph.
217 1171 264 1207 B.
290 1170 374 1210 Iud.
411 1172 481 1219 VI,
515 1171 540 1212 5
557 1201 567 1219 ‚
612 1170 650 1210 4.
671 1171 752 1207 Ae-

87 1225 209 1278 schyl.
232 1227 367 1278 Suppl.
401 1229 506 1269 1055
536 1235 572 1265 et
593 1229 752 1265 Ritters-

90 1280 177 1320 hus.
198 1282 246 1320 ad
257 1283 421 1321 Phaedri
444 1285 518 1321 fab.
539 1285 604 1322 lib.
625 1285 661 1320 ΙΙ
681 1286 750 1321 sub

90 1339 222 1376 finem.
281 1342 346 1377 Tu
385 1340 472 1379 vide
510 1343 750 1392 potissimum

89 1395 233 1435 Herod.
254 1398 293 1446 Ι,
322 1400 390 1438 91,
420 1399 494 1444 ΙΙΙ,
518 1396 584 1436 43.
608 1397 672 1437 64.
696 1397 748 1438 65

91 1459 129 1490 et
167 1465 265 1504 quae
305 1454 377 1490 alia
405 1455 542 1504 collegi
585 1453 632 1490 ad
654 1454 750 1490 Plu-

88 1507 208 1547 tarch.
228 1509 365 1561 Pyrrh.
388 1512 440 1551 30
460 1523 547 1561 pag.
567 1512 648 1550 236
669 1523 749 1562 seq.

87 1566 187 1602 Nam
224 1580 291 1617 per
311 1568 511 1604 Graeciam
540 1575 747 1618 propagata

86 1623 294 1674 multisque
323 1630 474 1674 recepta
497 1623 648 1660 videtur
669 1637 747 1660 esse

87 1681 286 1716 sententia.
307 1701 361 1707 —
380 1682 424 1716 In
439 1693 546 1732 seqq.
568 1679 614 1716 ad
635 1680 746 1716 locu-

87 1736 231 1772 tionem
263 1730 461 1790 ἀναγκαίῃ
497 1735 746 1787 ἐνδεδεμένοι

87 1792 189 1831 conf.
217 1795 256 1841 Ι,
297 1796 343 1833 11
376 1794 506 1844 ibique
535 1800 630 1830 nott.
658 1794 744 1831 coll.

87 1849 197 1895 V111,
245 1852 313 1889 22.
393 1851 522 1901 Atque
571 1850 744 1887 observat

88 1904 294 1941 Creuzerus
327 1906 367 1941 in
386 1908 544 1957 Dionys.
579 1919 667 1957 pag.
690 1904 743 1946 74

86 1962 247 1997 verbum
269 1959 343 1999 δέω
364 1969 400 1999 et
426 1962 516 1999 inde
535 1963 745 2013 composita

86 2017 263 2054 lubenter
299 2017 407 2067 iungi
444 2019 530 2055 voci
577 2015 743 2072 ἀνάγκῃ,

87 2074 154 2109 ubi
173 2073 211 2110 id
236 2073 320 2123 fati
336 2074 653 2123 significationem
673 2073 745 2110 ha·-

85 2131 186 2167 beat.
242 2131 439 2167 Pertinent
479 2143 631 2181 quoque
670 2129 746 2167 huc

85 2186 291 2223 Homerica
310 2187 353 2222 Il.
375 2187 452 2234 ΙΧ,
478 2189 526 2227 18
548 2184 672 2233 (Ζεύς
698 2200 745 2236 με

87 2241 184 2294 μέγα
196 2240 428 2295 Κρονίδης’
413 2239 486 2296 α’τῃ
501 2241 661 2292 ἐνέδησε
673 2243 746 2293 βα·-

87 2299 216 2354 peip),
258 2299 351 2347 alia,
383 2312 481 2351 quae
510 2300 633 2336 attulit
653 2300 745 2336 Mit-

85 2340 284 2393 scherlich.
326 2354 375 2392 ad
404 2357 535 2394 Horat.
570 2355 641 2394 Od.
675 2357 742 2405 111,

85 2406 306 2460 24,5..6

143 2489 304 2542 ἐχθίστη
327 2487 369 2528 δὲ
391 2484 518 2540 ὀδύνη
540 2487 619 2529 ἐστὶ
645 2505 682 2529 κ.
708 2505 740 2531 τ.

87 2547 142 2595 λ.]
189 2548 430 2583 Acerrimum
470 2545 641 2598 adeoque
679 2547 742 2583 in-

88 2601 328 2640 festissimum
363 2604 414 2639 ait
440 2602 614 2640 dolorem
644 2604 743 2640 inter

89 2656 259 2697 homiues
279 2673 358 2698 esse
374 2672 476 2709 eum,
497 2661 527 2697 si
544 2660 625 2711 quis
640 2660 745 2697 mul-

88 2719 129 2750 ta
157 2715 284 2766 (bene)
326 2717 465 2767 cogitet
497 2729 624 2768 neque
652 2729 743 2754 vero

91 2769 297 2824 quidquam
323 2774 503 2827 consequi
531 2786 562 2812 s.
593 2770 744 2811 efficere

808 1178 936 1224 queat.
993 1172 1100 1207 Bene
1120 1171 1278 1219 Lange:
1312 1169 1371 1206 (ἴεν
1394 1169 1467 1206 lnt-

808 1232 911 1265 terste
932 1229 1097 1265 Kammer
1113 1228 1195 1264 aber
1213 1225 1285 1276 aus
1299 1226 1361 1263 der
1374 1238 1467 1274 gan-

807 1298 870 1322 zen
894 1284 982 1321 Welt
999 1287 1046 1320 ist
1071 1285 1149 1331 cler,
1180 1295 1275 1319 wenn
1300 1295 1383 1319 man
1404 1283 1466 1332 bey

807 1342 898 1378 aller
940 1340 1107 1377 Eiresiclet
1146 1339 1239 1377 keine
1261 1339 1401 1376 Gewatt
1426 1340 1465 1375 in

806 1396 961 1435 Hc'inden
982 1397 1059 1433 hat.

863 1491 917 1522 ως
932 1471 1053 1522 αὐτὸς
1065 1470 1208 1513 αὐτίκα
1222 1471 1327 1526 λέγοι
1341 1487 1413 1511 ται
1419 1487 1465 1510 τα

804 1548 906 1584 προς
953 1526 1198 1582 ανθρώπους
1220 1528 1240 1582 ]
1296 1528 1465 1566 offendit

803 1587 1124 1626 Valckenaerium
1177 1598 1255 1624 vox
1300 1580 1465 1635 ανθρω-

801 1660 924 1693 πους,
952 1646 994 1681 in
1015 1645 1120 1681 cuius
1138 1644 1269 1680 locum
1291 1642 1465 1678 substitui

802 1702 883 1739 vult
905 1698 1068 1747 ἄλλουςε
1089 1703 1129 1737 ut
1153 1699 1274 1736 aliis
1289 1699 1367 1736 scil.
1390 1700 1463 1735 ista

800 1771 965 1796 narrasse
983 1757 1127 1794 dicatur
1152 1755 1373 1793 Thersander
1390 1767 1463 1791 αη-

801 1819 941 1866 tequam
985 1815 1035 1851 ad
1078 1813 1248 1851 Plataeas
1290 1811 1460 1862 proelium

800 1874 1078 1909 committeretur.
1137 1868 1214 1907 Sed
1235 1868 1348 1905 libros
1368 1868 1459 1904 scri-

800 1935 884 1979 ptos
905 1941 1037 1965 omnes
1059 1927 1206 1963 obstare
1228 1924 1351 1961 doleo.
1395 1923 1458 1960 Ad

800 1985 1012 2035 optativum
1045 1981 1150 2035 λέγοι
1187 1982 1256 2019 Cr.
1295 1980 1458 2018 conferri

798 2042 880 2078 vult
888 2040 1086 2076 Heindorf.
1097 2038 1145 2075 ad
1152 2039 1302 2075 Platon.
1310 2035 1458 2078 Phaed.

799 2109 888 2147 pag.
910 2099 977 2143 21,
998 2098 1050 2134 27
1072 2101 1109 2131 et
1128 2095 1208 2130 Ast.
1240 2092 1288 2129 ad
1306 2094 1459 2130 Platon.

799 2152 1004 2204 Rempubl.
1029 2163 1114 2201 pag.
1135 2149 1217 2190 478
1237 2162 1317 2201 seq.

1003 2240 1246 2292 Cap.XV11.

836 2317 1043 2377 ἐμήδιζον
1055 2333 1130 2370 γαρ
1147 2314 1197 2369 δη
1217 2312 1374 2369 σφόδρα
1389 2315 1458 2356 καὶ

801 2371 945 2426 οὗτοι]
995 2372 1153 2426 σφόδρα
1193 2373 1284 2411 daut
1324 2386 1457 2411 omues
1517 2409 1521 2411 ,

800 2432 941 2482 codd.‚·
987 2445 1064 2469 una
1084 2431 1224 2468 Aldina
1264 2431 1342 2466 eins
1371 2431 1456 2468 loco

798 2489 914 2527 habet
934 2486 1111 2541 μεγαλως
1127 2486 1242 2539 quod,
1272 2487 1457 2537 probante

797 2548 1030 2596 VVesseling.
1062 2552 1099 2582 et
1128 2542 1386 2591 Valckenaer„
1408 2544 1456 2580 ob

799 2605 878 2651 IX,
920 2602 974 2642 40
1012 2607 1215 2639 tenuerunt
1259 2598 1455 2637 Schaefer.

799 2667 838 2697 et
875 2657 1033 2705 Matth.‚
1081 2657 1209 2694 reiecit
1254 2655 1454 2694 Bekkerus

798 2730 888 2754 cum
926 2715 1089 2766 reliquis.
1155 2714 1213 2750 Ac
1253 2711 1454 2763 Schweig-

798 2771 982 2811 haeusero
1001 2772 1040 2808 in
1060 2776 1138 2808 tota
1156 2770 1341 2808 sententia
1360 2768 1456 2807 hae-
