1879 3222
467 132 550 173 294

863 128 1316 168 HERODOTI

368 229 426 257 Ἢ·
469 238 621 282 λόεντα
650 235 887 290 ἱδρυμένον
911 232 1155 291 Ἀργιόπιόν
1193 253 1237 280 τε
1265 241 1408 292 χῶρον
1444 237 1717 293 καλεόμενον,

440 308 522 361 δτῇ
551 304 624 347 καὶ
652 303 884 359 Δήμητρος
921 303 1180 360 Ἐλευσινίης
1222 305 1316 360 ἱρὸν
1352 300 1486 360 ἧσται.
1545 303 1719 360 ἀνέμενε

469 372 515 415 δὲ
544 373 674 414 τοῦδε
703 373 866 422 εἵνεκα,
898 373 968 414 ἵνα
997 370 1051 427 ἢν
1081 372 1138 428 μὴ
1180 372 1367 430 ἀπολίπῃ
1394 375 1470 417 τὸν
1500 378 1644 429 χῶρον
1674 374 1720 416 ἐν

468 442 530 494 τῷ
547 439 768 494 ἐτετάχατο
792 437 816 482 ὁ
838 437 1156 494 Ἀμομφάρετός
1172 456 1214 483 τε
1243 443 1314 485 καὶ
1338 440 1361 484 ὁ
1382 442 1518 496 λόχος,
1546 440 1748 484 &axau-1

443 509 557 550 4τοῦ
582 505 764 561 μένωσι,
792 507 971 562 βοηθέοι
1001 506 1139 551 ὀπίσω
1167 507 1274 563 παρ’
1305 510 1508 560 ἐκείνους.
1564 509 1653 552 Καὶ
1681 510 1728 552 οἵ

471 589 515 616 τε
546 572 656 628 ἀμφὶ
690 572 766 616 τὸν
794 572 1117 629 Ἀμομφάρετον
1156 578 1441 632 παρεγίνοντό
1467 589 1567 633 σφι,
1597 577 1669 620 καὶ
1697 574 1725 632 ἡ

444 642 604 691 δῖ’ππος
642 638 670 698 ἦ
700 645 787 684 τῶν
823 643 1060 698 βαρβάρων
1102 644 1350 695 προσέκειτο
1379 649 1509 688 πᾶσα.
1569 646 1613 688 οἱ
1638 644 1723 699 γοὶρ

471 708 646 752 ἱππόται
676 709 850 751 ἐποίευν
873 707 968 752 οἷον
995 710 1066 752 καὶ
1085 709 1280 752 ἐώθεσαν
1295 709 1456 752 ποιέειν
1475 714 1578 754 αἰεί·
1609 712 1753 755 ἰδόν-5

471 791 538 826 τες
569 776 613 818 δὲ
634 775 710 818 τὸν
738 780 881 831 χῶρον
899 777 1043 820 κεινὸν
1065 778 1111 821 ἐν
1130 781 1190 835 τῷ
1219 777 1437 832 ἐτετάχατο
1469 780 1512 820 οἱ
1527 778 1727 834 Ἕλληνες

473 847 572 900 τῇσι
601 842 835 898 προτέρῃσι
863 843 1065 900 ἡμέρῃσι,
1104 844 1297 900 ἤλαυνον
1326 843 1429 896 τοὺς
1459 846 1617 896 ἵππους
1646 847 1728 889 αἰεὶ

474 910 522 954 τὸ
553 910 723 963 πρόσω·
755 910 826 952 καὶ
856 909 944 964 ἅμα
972 911 1303 968 καταλαβόντες,
1334 912 1594 965 προσεκέατό
1622 925 1713 968 σφι.

345 974 413 1022 58

145 1039 209 1067 lam
234 1039 422 1074 Mardonius,

146 1073 261 1101 hostem
270 1074 345 1101 mire
353 1082 423 1101 con-

145 1109 289 1137 temnens,
305 1111 370 1136 tota
387 1115 421 1134 a-

147 1140 194 1168 cie
220 1141 419 1170 dimicandum

147 1179 258 1204 censet.

420 1324 502 1362 seq.
537 1309 640 1348 hunc
660 1310 820 1348 fluvium
848 1323 916 1360 pro
939 1310 1078 1347 oeroffs

423 1368 520 1416 (IX,
545 1367 617 1416 91)
636 1366 792 1405 brachio
813 1366 937 1404 habet.
957 1368 1080 1418 Equi-

391 1431 393 1434 “
424 1423 514 1460 dem
528 1422 624 1460 nihil
642 1423 745 1476 quod
765 1423 921 1460 afferam
943 1422 1079 1460 habeo.

423 1478 536 1526 Quod
556 1481 658 1516 enim
680 1481 761 1531 quis
774 1481 865 1517 olim
886 1478 961 1517 huc
980 1492 1081 1517 eom-

423 1542 531 1586 parat
551 1533 594 1575 τὸ
620 1534 765 1575 Μόλου
785 1536 950 1587 ῥεῖθρον
979 1534 1081 1587 apud

423 1591 618 1629 Plutarch.
651 1593 748 1642 Syll.
792 1595 844 1632 19
875 1605 962 1642 pag.
1000 1590 1081 1631 464

424 1647 481 1693 A,
513 1654 576 1683 aut
596 1644 639 1686 τό
661 1648 789 1697 ῥεῦμα
816 1650 889 1686 τοῦ
908 1647 1082 1697 Μωρίου

424 1704 518 1754 ibiq.
543 1715 627 1752 cap.
656 1705 704 1741 17
728 1714 815 1752 pag.
832 1701 933 1750 463,
956 1701 995 1738 id
1010 1702 1085 1737 mi-

425 1760 529 1796 nime
562 1759 764 1794 convenire
796 1764 911 1808 patet.
973 1757 1083 1796 Cauf.

425 1816 470 1852 C.
490 1815 538 1852 Ο.
560 1815 709 1852 Miiller.
734 1813 964 1852 Orchomen.
991 1826 1078 1864 pag.

426 1870 523 1912 488.
577 1872 656 1907 Nec
689 1871 809 1921 magis
842 1869 936 1906 mihi
966 1871 1085 1921 liquet

428 1926 476 1964 de
498 1939 544 1964 eo
563 1927 669 1974 loco,
701 1928 766 1979 qui
793 1927 984 1976 Agrz‘vpius
1015 1938 1085 1963 vo·-

429 1990 558 2032 catur,
595 1983 661 2019 ubi
689 1984 833 2020 Cereris
871 1983 1086 2019 Eleusiniae

431 2038 564 2087 aedes,
595 2051 712 2091 quam
731 2038 806 2076 duo
828 2040 932 2075 mille
959 2051 1087 2089 passus

432 2097 479 2133 ab
514 2098 662 2132 Heraeo
702 2101 901 2143 remotam,
930 2096 997 2131 ubi
1018 2093 1088 2131 ad-

432 2151 510 2189 huc
526 2152 658 2188 ruinae
679 2151 877 2189 cuiusdam
908 2152 1088 2188 ecclesiae

433 2209 697 2255 inveniuntur,
737 2208 785 2245 ad
815 2207 1089 2259 Sphragidium

433 2271 663 2302 exstructam
681 2265 793 2301 fuisse
805 2271 950 2314 putant,
979 2264 1086 2300 oblo-

435 2328 575 2373 quente
610 2321 780 2372 quamvis
813 2321 909 2356 Gail.
938 2321 963 2356 l.
995 2320 1021 2356 l.
1054 2319 1087 2356 V

434 2391 471 2427 p.
489 2377 570 2418 295
584 2390 665 2427 seq.
715 2378 780 2414 Tu
798 2375 874 2413 vid.
894 2377 1013 2412 Kruse
1038 2375 1088 2422 11,

442 2436 455 2472 1
490 2446 579 2484 pag.
605 2432 699 2474 595.
736 2431 950 2469 Herodotus
978 2430 1089 2468 huius

437 2490 566 2540 templi
607 2490 781 2526 meminit
809 2490 885 2536 lx,
916 2491 982 2529 62.
1025 2487 1091 2527 65.

443 2546 514 2583 101
550 2546 717 2596 itemque
737 2545 941 2583 Pausanias
960 2545 1044 2589 lx,
1065 2542 1090 2583 4

439 2599 477 2643 ξ.
497 2601 536 2639 2.
559 2622 608 2628 -——
639 2599 754 2652 ἧσται
776 2601 814 2640 ll.
833 2603 858 2641 l.
889 2600 992 2637 idem
1023 2612 1092 2636 va-

438 2654 515 2690 lere
552 2656 700 2694 videtur
735 2665 848 2710 atque
883 2657 1038 2708 ἵδρυται
1062 2669 1093 2693 s.

440 2709 649 2763 ἱδρυμένον
668 2713 770 2753 ἐστίε
795 2714 1010 2762 collocatum,
1033 2730 1092 2755 cx-

583 976 845 1031 Μαρδόνιος
874 978 941 1028 δὲ,
974 978 1031 1030 ὥς
1060 979 1245 1023 ἐπύθετο
1262 980 1590 1036 τούςἝλληνας
1608 980 1731 1024 οὲποι-

480 1046 687 1101 χομένους
716 1043 802 1090 ὑπό
819 1044 979 1098 νύκτα,
1010 1044 1095 1090 εἶδέ
1124 1064 1167 1091 τε
1186 1048 1262 1093 τόν
1279 1052 1425 1104 χῶρον
1455 1049 1630 1104 ἐρῆμον,
1661 1064 1733 1092 κα-

475 1113 601 1164 λέσας
630 1112 707 1156 τόν
724 1115 991 1169 Ληρισσαῖον
1023 1115 1229 1172 Θώρηκα,
1260 1117 1333 1160 καὶ
1361 1116 1465 1169 τοὺς
1492 1115 1733 1173 ἀδελφεοὺς
1748 1123 1790 1156 10

1134 1314 1304 1347 structum
1351 1313 1424 1356 est,
1464 1311 1636 1362 quamvis
1678 1312 1791 1347 Butt-

1136 1380 1266 1404 mann.
1283 1368 1349 1403 Gr.
1370 1367 1460 1405 mai.
1476 1369 1493 1403 1
1513 1379 1601 1417 pag.
1619 1365 1700 1408 544
1711 1373 1792 1403 not.

1137 1418 1266 1473 ἧσθαι
1287 1435 1354 1474 pro
1368 1422 1560 1474 ἱδρῦσθαι
1573 1423 1664 1474 poni
1683 1435 1792 1474 posse

1137 1486 1266 1530 neget.

1197 1536 1239 1575 οἵ
1256 1549 1297 1574 τε
1320 1530 1425 1586 ἀμφὶ
1453 1532 1523 1574 τόν
1541 1529 1794 1586 Ἀμομφάρε-

1138 1591 1228 1641 τον]
1269 1590 1355 1629 vid.
1388 1590 1523 1628 Matth.
1563 1593 1629 1628 Gr.
1660 1591 1725 1627 Gr.
1757 1591 1795 1635 §.

1140 1649 1220 1688 583
1242 1659 1328 1696 pag.
1357 1649 1475 1686 1159.
1497 1648 1571 1683 Pro
1591 1647 1694 1696 vulg.
1717 1661 1795 1684 πα-

1141 1700 1344 1753 ρεγένοντο
1366 1701 1469 1752 quod
1484 1703 1637 1739 retinuit
1649 1701 1796 1740 Sohae-

1140 1759 1208 1795 ser.
1239 1771 1259 1794 e
1280 1756 1391 1794 codd.
1422 1759 1598 1796 revocavi
1625 1771 1715 1795 cum
1734 1771 1799 1795 re-

1140 1815 1251 1866 liquis
1274 1812 1360 1852 edd.
1382 1815 1659 1866 παρεγίνοντο.
1684 1835 1732 1843 -
1752 1816 1798 1850 ln

1141 1871 1216 1907 fine
1244 1883 1327 1920 cap.
1357 1871 1494 1907 verba:
1524 1870 1591 1910 καὶ
1619 1867 1702 1921 ἅμα
1727 1886 1800 1910 κα-

1141 1923 1398 1977 ταλαβόντες,
1437 1925 1674 1976 προσεκέατό
1714 1939 1800 1975 σφι,

1143 1984 1266 2033 attigit
1297 1981 1434 2024 Matth.
1464 1984 1530 2023 Gr.
1552 1984 1619 2022 Gr.
1641 1984 1679 2029 §.
1703 1982 1798 2030 565,

1142 2046 1221 2077 not.
1242 2042 1269 2079 2
1296 2051 1387 2090 pag.
1421 2039 1539 2080 1114.
1595 2041 1663 2076 Est
1697 2039 1801 2075 enim

1142 2107 1294 2134 seusus:
1336 2095 1484 2132 simulac
1530 2097 1615 2132 istos
1661 2095 1799 2142 (Grae-

1145 2155 1224 2203 cos)
1265 2152 1418 2188 assecuti
1451 2154 1578 2200 essent,
1611 2151 1799 2188 instabant

1144 2211 1208 2246 iis:
1239 2207 1362 2244 sobald
1382 2206 1436 2244 als
1466 2209 1515 2244 sie
1534 2207 1703 2246 diuselben
1720 2209 1799 2246 ein-

1142 2264 1258 2314 gelwlt
1275 2263 1407 2301 hatten.

1347 2353 1439 2404 Cap.
1460 2353 1595 2390 LVIII.

1201 2428 1284 2471 ὑπό
1301 2427 1445 2482 νύκτα]
1480 2432 1505 2468 i.
1527 2445 1560 2469 e.
1581 2433 1642 2469 sub
1655 2435 1798 2479 noctem,

1148 2496 1189 2525 ut
1227 2490 1303 2536 IX,
1355 2491 1420 2529 60.
1488 2489 1622 2538 Attigit
1665 2487 1800 2525 Matth.

1148 2547 1215 2584 Gr.
1239 2546 1304 2583 Gr.
1328 2546 1363 2590 §.
1386 2544 1488 2591 598,
1522 2545 1603 2580 init.
1631 2558 1669 2594 p.
1695 2547 1798 2585 1187

1149 2603 1315 2654 itemque
1337 2600 1432 2637 Gail.
1467 2602 1521 2636 Le
1540 2599 1669 2650 philol.
1692 2601 1741 2636 lv
1760 2615 1799 2652 p.

1149 2658 1245 2698 295.
1264 2681 1312 2686 —-
1334 2659 1390 2694 De
1409 2654 1563 2694 Thorace
1576 2656 1649 2694 vid.
1671 2658 1739 2705 lX,
1766 2660 1800 2696 1.

1152 2738 1200 2746 --
1224 2715 1268 2751 Iu
1282 2726 1387 2766 seqq.
1407 2711 1455 2749 ad
1475 2709 1521 2751 w*
1540 2713 1705 2765 πολέμια
1724 2713 1800 2752 vid.
