1879 3222
295 646 362 692 86

92 710 199 739 Paucis
218 717 283 747 post
313 722 365 749 pu-

91 753 181 779 gnam
199 745 302 774 diebus

92 779 202 806 Graeci
229 780 348 809 Thebas

91 821 195 839 versus
237 820 364 850 movent,

90 846 318 884 Thebanasque,
334 854 367 878 ut

91 880 267 910 defectionis
294 891 347 911 au-

90 918 189 942 oteres

424 165 507 205 83⁰

815 164 1271 204 HERODOTI

395 280 517 315 ὄνων
545 272 707 316 εἵνεκεν
735 271 994 327 ἀνθρώπων.
1050 273 1138 317 ἐπεὶ
1177 275 1248 317 καὶ
1277 274 1540 331 Αἰγινητέων
1578 275 1666 320 ἐστὶ

424 339 583 384 αὐτόθι
611 339 868 395 καλεόμενος
895 341 1045 397 τάφος,
1074 342 1151 385 τόν
1171 341 1252 396 ἐγώ
1284 341 1432 386 ἀκούω
1464 343 1536 386 καὶ
1565 345 1666 388 δέκα

420 407 530 451 ἔτεσι
565 407 748 462 ’ὕστερον
789 409 892 463 μετὰ
919 413 1065 459 ταῦτα,
1094 410 1338 465 δεηθέντων
1366 416 1453 454 τῶν
1491 414 1667 467 Αἰγινη-

420 475 551 528 τέων,
579 480 715 532 χῶσαι
745 477 942 531 Κλεάδην
976 477 1053 520 τόν
1082 476 1343 531 Αὐτοδίκου,
1374 477 1511 534 ἄνδρα
1549 482 1720 522 Πλα-45

421 544 560 594 ταιέα,
589 544 817 599 πρόξεινον
845 545 970 589 ἐόντα
998 541 1155 587 αὐτῶν.

528 646 607 697 Ὣς
636 645 673 690 δ’
702 647 787 701 ἄρα
808 647 978 697 ἔθαψαν
1006 644 1111 695 τούς
1139 644 1323 699 νεκροὺς
1352 644 1399 688 ἐν
1420 649 1665 703 Πλαταιῇσι

422 712 693 769 οἱ”Ἐλληνες,
725 714 876 758 αὐτίκα
905 712 1259 768 βουλευομένοισί
1277 724 1355 767 σφι
1384 713 1524 756 ἐδόκεε
1544 725 1665 768 στρα-

423 778 624 824 τεύεσθαι
651 781 719 824 ἐπὶ
749 782 824 832 τὰς
857 779 1023 836 Θήβας,
1052 781 1125 824 καὶ
1153 779 1351 831 ἐξαιτέειν
1391 780 1535 822 αὐτῶν
1563 779 1667 831 τούς

421 850 705 904 μηδίσαντας,
760 849 806 891 ἐν
843 847 1055 902 πρώτοισι
1104 848 1148 891 δὲ
1186 846 1333 891 αὐτῶν
1384 849 1722 903 Τιμηγενίδηνόο

420 916 495 958 καὶ
526 915 793 971 Ἀτταγῖνον,
837 918 878 958 οἳ
918 914 1145 971 ἀρχηγέται
1184 915 1266 959 ἀνὰ
1305 914 1506 969 πρώτους
1535 916 1665 969 ήσαν·

415 982 470 1038 ἢν
499 982 544 1025 δὲ
575 982 633 1038 μή
661 985 878 1034 ἐκδιδῶσι,
931 984 988 1039 μή
1021 983 1339 1026 ἀπανίστασθαι
1378 982 1460 1025 ἀπὸ
1491 987 1565 1037 τῆς
1592 982 1666 1025 πό-

387 1054 514 1101 2λιος
542 1049 755 1105 πρότερον
790 1051 819 1106 ἢ
858 1050 1041 1102 ἐξέλωσι.
1090 1050 1147 1102 ὠς
1187 1051 1231 1094 δέ
1262 1062 1339 1106 σφι
1365 1054 1498 1094 ταῦτα
1535 1051 1664 1102 ἔδοξε,

415 1116 530 1161 οὕτω
563 1118 614 1174 δὴ
637 1118 839 1175 ἑνδεκάτῃ
868 1118 1006 1176 ἡμέρῃ
1037 1118 1122 1162 ἀπὸ
1152 1123 1227 1174 τῆς
1265 1122 1482 1174 συμβολῆς
1519 1117 1669 1162 ἀπικό-

386 1191 544 1240 3μενοι
582 1185 862 1242 ἐπολιόρκεον
893 1188 1133 1242 Θηβαίους,
1173 1186 1418 1237 κελεύοντες
1449 1186 1668 1231 ἐκδιδόναι

415 1252 518 1304 τοὺς
547 1252 720 1308 ἄνδρας.

353 1460 685 1513 Λακεδαιμονίων
721 1456 764 1498 δὲ
797 1457 866 1498 καὶ
886 1453 1009 1509 Ἀθη-

302 1564 303 1568 ¹
355 1518 480 1557 ναίων
515 1522 599 1564 τοῖς
629 1518 821 1556 πεσοῦσιν
853 1515 935 1569 ἰδία
969 1513 1010 1554 τέ

358 1574 461 1613 εἰσιν
478 1574 519 1613 οἱ
533 1570 657 1622 τάφοι
674 1571 741 1610 καὶ
767 1569 914 1622 ἐλεγεῖά
929 1570 1010 1610 ε’στι

359 1630 589 1680 Σιμωνίδου
600 1626 847 1681 γεγραμμένα
863 1623 919 1665 ἐπ’
934 1622 1009 1664 αὕ-

358 1689 454 1733 τοῖς.
505 1684 565 1721 Ad
587 1697 684 1736 quae
703 1682 920 1719 illustranda
937 1681 1009 1717 hoc

358 1748 485 1778 narrat
504 1740 640 1777 Clarke
671 1740 698 1776 l.
727 1740 751 1777 l.
783 1751 870 1789 pag.
891 1740 942 1778 86
966 1750 1010 1774 eo

359 1797 516 1850 quidem
534 1798 632 1845 loco,
654 1808 769 1847 quem
783 1807 933 1845 pugnae
953 1795 1012 1830 lo-

359 1867 448 1891 cum
477 1852 683 1903 indigenae
700 1850 823 1887 adhuc
844 1849 1013 1887 iudicant

359 1910 452 1958 (vid.
483 1917 576 1948 nott.
601 1909 648 1946 ad
671 1910 739 1955 IX,
770 1906 873 1956 51),
907 1907 1012 1943 nulla

358 1980 448 2004 sane
467 1967 638 2017 sepulcra
658 1979 696 2002 se
716 1965 912 2011 invenisse,
934 1962 1012 2006 sed,

357 2024 423 2060 ubi
443 2024 535 2059 olim
545 2024 625 2072 ipsa
633 2021 910 2058 Plataeensium
925 2020 1012 2055 urbs

357 2080 468 2116 fuerit
487 2080 555 2115 sita
571 2085 677 2114 extra
691 2089 818 2113 muros
834 2077 926 2112 arcis
942 2088 1012 2111 an-

357 2136 585 2188 tiquissimos
622 2135 765 2185 aliquot
801 2146 840 2169 se
876 2131 1012 2168 vidisse

357 2194 511 2244 antiqua
542 2191 733 2241 sepulcra,
765 2195 802 2225 et
828 2196 958 2239 postea
986 2201 1007 2223 a

357 2250 440 2286 vico
481 2248 595 2285 Cocla
643 2249 844 2282 Leuctram
882 2257 1009 2282 versus

358 2305 569 2355 profectum
589 2304 682 2340 sein
703 2303 856 2353 planitie
878 2309 1011 2338 tumu-

358 2363 412 2398 los
434 2360 618 2413 quosdam
645 2359 815 2410 lapidum
835 2358 1011 2407 congerie

359 2418 525 2454 obtectos
534 2416 900 2453 animadvertisse.—
912 2416 1014 2452 Κλε-

359 2474 461 2523 αδην
506 2474 641 2525 reliqui
688 2486 776 2509 cum
813 2470 1016 2508 editoribus

360 2537 488 2565 contra
508 2530 681 2577 Medicei,
701 2527 1013 2566 Florentinialio-

360 2597 444 2620 rum
474 2587 745 2633 auctoritatem,
766 2586 830 2637 qui
852 2583 1016 2622 offerunt

358 2636 561 2689 Ἁλεᾰδην.
622 2641 735 2692 Apud
767 2639 1014 2678 Plutarchum

359 2696 406 2733 de
434 2698 619 2746 Malignit.
648 2697 788 2735 Herod.
812 2711 898 2748 pag.
921 2699 1014 2738 873.

359 2759 478 2790 exstat
501 2749 677 2800 Κλεάδας
698 2753 721 2793 ό
753 2749 985 2800 Πλαταιεύς.

779 1253 832 1298 οὐ
871 1254 1150 1310 βουλομένων
1180 1255 1225 1298 δὲ
1254 1258 1342 1298 τῶν
1376 1255 1576 1310 Θηβαίων
1603 1253 1666 1297 ἐκ-
1679 1257 1722 1293 55

1222 1493 1314 1544 Cap.
1348 1493 1565 1532 LXXXVI.

1123 1568 1419 1622 στρατεύεσθαι]
1449 1573 1493 1607 In
1510 1571 1589 1607 aliis
1609 1567 1721 1606 codd.

1069 1626 1306 1677 στρατεύειν.
1338 1627 1448 1663 Couf.
1468 1628 1530 1673 VI,
1551 1629 1589 1666 7.
1623 1627 1721 1662 Pro-

1067 1684 1216 1719 ximum
1237 1679 1367 1720 αὐτῶν
1385 1684 1480 1726 (sive
1495 1689 1536 1718 ut
1552 1682 1641 1718 olim
1651 1695 1721 1717 ex-

1069 1740 1189 1776 stabat
1199 1735 1366 1786 αὐτέων)
1388 1740 1425 1774 iu
1440 1734 1603 1785 οἷστέων,
1615 1736 1719 1788 quod

1069 1797 1193 1846 ipsum
1225 1802 1343 1831 exstat
1375 1796 1444 1838 IX,
1481 1796 1545 1837 93,
1584 1795 1722 1830 mutari

1069 1853 1188 1890 voluit
1232 1852 1410 1887 Koenius.
1476 1849 1572 1886 Mihi
1618 1848 1723 1886 haud

1069 1922 1162 1959 opus
1177 1907 1339 1948 videtur,
1395 1908 1453 1943 De
1484 1905 1723 1954 Timagem'da

1069 1965 1170 2002 conf.
1201 1966 1267 2011 IX,
1289 1966 1355 2011 36,
1383 1962 1429 2000 de
1451 1963 1622 2011 Attagino
1651 1963 1722 2010 lx,

1072 2022 1137 2062 15.
1168 2016 1374 2071 οἷρχηγέται
1389 2018 1504 2055 iidem
1525 2020 1602 2054 {bre
1621 2025 1721 2066 suut,

1069 2079 1134 2128 qui
1173 2074 1377 2126 ἄρχοντες,
1409 2082 1501 2112 teste
1530 2073 1720 2124 Hesychio

1066 2135 1084 2170 Ι
1104 2148 1141 2183 p.
1164 2134 1258 2172 553.
1314 2132 1414 2168 Alias
1444 2131 1618 2167 vocabuli
1647 2143 1721 2167 no-

1062 2191 1183 2226 tiones
1216 2188 1322 2237 attigi
1356 2188 1395 2223 in
1425 2188 1617 2227 Dissertat.
1659 2189 1718 2224 De

1063 2245 1241 2296 Apolline
1269 2245 1407 2280 Patrio.
1440 2250 1511 2284 etc.
1546 2257 1582 2294 p.
1614 2245 1651 2282 2.
1679 2246 1719 2284 3.

1070 2324 1117 2330 —
1163 2302 1206 2337 In
1244 2301 1425 2351 proximis
1472 2300 1586 2337 verba
1639 2295 1717 2338 οἷνά

1067 2354 1248 2409 πρώτους
1263 2358 1428 2407 accipio:
1478 2358 1567 2393 inter
1589 2358 1718 2406 primos

1068 2429 1097 2452 s.
1115 2415 1301 2465 principes.
1357 2412 1468 2453 conf.
1484 2413 1609 2463 Viger.
1629 2423 1717 2462 pag.

1068 2471 1162 2511 575.

1124 2576 1354 2635 πρότερονῆ
1366 2576 1535 2628 ἐξέλωσι]
1548 2576 1607 2615 Ad
1617 2584 1716 2615 stru-

1070 2646 1215 2676 cturam
1236 2639 1308 2676 loci
1327 2634 1553 2685 VVesseling.
1580 2636 1717 2672 excitat

1067 2697 1135 2744 lx,
1170 2698 1237 2736 87.
1266 2696 1328 2734 16.
1364 2692 1424 2738 Vl,
1454 2690 1519 2731 45.
1559 2692 1601 2738 V,
1627 2693 1715 2740 118,

1068 2754 1132 2790 ubi
1163 2751 1334 2790 videatur
1355 2753 1481 2784 nostra
1511 2748 1715 2785 annotatio.
