1879 3222
26 430 93 477 80

480 181 939 219 CALLIOPE.

1011 183 1085 219 IX.
1330 183 1412 224 321

159 308 330 349 ,,μοιγε,
367 289 470 347 μήτε
517 288 868 346 συμβουλεύσῃς·
926 290 1052 344 χάριν
1100 291 1194 334 ἴσθι
1238 308 1283 336 τε
1329 292 1413 336 ἐών

161 360 401 416 ,,άπαθη’ς.“
453 357 509 401 ‘O
537 357 615 412 μὲν
645 362 779 400 ταῦτα
808 356 1000 407 ἀκούσας
1029 357 1338 404 άπαλλάσσετο.

271 428 522 482 Παυσανίης
554 427 599 469 δὲ
628 425 828 482 κήρυγμα
854 423 1144 480 ποιησάμενος
1172 429 1335 483 μηδένα
1365 429 1409 472 ἅ-

158 502 342 541 πτεσθαι
376 498 451 550 τῆς
489 497 628 550 λη’ίής,
669 493 939 548 συγκομίζειν
968 492 1133 536 ἐκέλευε
1166 495 1270 546 τούς
1299 498 1412 540 εἴλω-
1470 497 1744 533 Aeginetaeditati.

1425 365 1470 403 55

130 573 240 617 2τας
268 562 320 607 τά
349 561 557 618 χρήματα.
590 564 631 606 οἱ
662 563 707 606 δὲ
738 561 821 605 ἀνά
849 562 896 605 τὸ
928 561 1222 615 στρατόπεδον
1243 565 1414 607 σκιδνά-

159 649 282 689 μενοι
311 629 515 685 εὕρισκον
546 629 706 687 σκηνὰς
746 628 1140 683 κατεσκευασμένας
1168 633 1316 684 χρυσῷ
1343 633 1412 675 καὶ
1426 641 1470 675 60

157 699 349 756 ἀργύρῳ,
381 698 531 748 κλίνας
561 713 604 740 τε
634 697 892 753 ἐπιχρύσους
920 695 994 740 καὶ
1022 695 1414 755 ἐπαργύρους,κρη-

155 766 289 823 τῆράς
331 782 376 810 τε
405 766 635 820 χρυσέους,
674 766 746 809 καὶ
777 764 936 821 φιάλας
967 780 1012 807 τε
1040 764 1114 807 καὶ
1143 764 1253 809 ἄλλα
1280 765 1415 809 ἐκπώ-

155 846 294 890 ματα·
333 834 523 884 σάκκους
560 849 604 876 τε
633 832 695 876 ἐπ’
726 832 919 889 ἁμαξέων
948 832 1173 886 εὕρισκον,
1218 832 1265 876 ἐν
1303 839 1416 878 τοῖσι

155 900 328 957 λέβητες
351 902 584 955 ἐφαίνοντο
611 900 801 952 ἐνεόντες
830 901 1005 957 χρύσεοί
1032 917 1076 944 τε
1101 901 1173 945 καὶ
1196 899 1415 956 ἀργύρεοι·

159 968 247 1012 ἀπό
287 984 330 1011 τε
371 973 460 1011 τῶν
499 968 709 1024 κειμένων
744 973 913 1022 νεκρῶν
953 968 1187 1013 ἐσκύλευον
1217 969 1345 1021 ψέλιά
1372 986 1416 1013 τε

157 1037 230 1081 καὶ
271 1036 523 1091 στρεπτούς,
565 1037 637 1078 καὶ
670 1036 773 1087 τούς
804 1035 1055 1087 ἆκινάκεας,
1090 1035 1241 1087 ἐόντας
1269 1039 1473 1093 χρυσέ-65

159 1121 238 1156 ους
255 1119 265 1129 ·

323 1104 411 1148 ἐπεὶ
437 1103 620 1160 ἐσθῆτός
648 1120 694 1159 γε
724 1105 919 1158 ποικίλης
954 1104 1082 1159 λόγος
1121 1105 1283 1160 ἐγίνετο
1314 1104 1418 1148 οὐδὲ

128 1172 233 1224 3εἶς.
289 1171 508 1216 Ἐνθαῦτα
537 1172 673 1215 πολλὰ
704 1171 782 1226 μὲν
811 1170 1062 1222 κλέπτοντες
1089 1171 1280 1215 ἐπώλεον
1308 1172 1419 1227 πρὸς

157 1240 262 1290 τούς
302 1239 535 1296 Αἰγινήτας
573 1241 615 1283 οἱ
656 1241 847 1291 εἵλωτες,
898 1240 1035 1282 πολλὰ
1068 1240 1113 1283 δὲ
1147 1240 1220 1282 καὶ
1250 1238 1419 1284 ἀπεδεί-

157 1320 348 1361 κνυσαν,
386 1308 468 1353 ὅσα
506 1306 675 1353 αὐτέων
711 1308 794 1353 οὐκ
835 1304 906 1352 οἶά
933 1325 977 1353 τε
996 1305 1050 1365 ἦν
1080 1308 1268 1363 κρύψαι·
1309 1307 1417 1352 ὥστε

101 1534 164 1565 tur
190 1526 438 1566 Athenienses
467 1528 565 1577 VIII,
601 1526 676 1570 143
709 1522 759 1568 σύ

101 1599 143 1623 τε
172 1587 244 1623 τοῦ
289 1588 433 1624 λοιποῦ
473 1582 614 1637 λόγους
660 1585 760 1636 ἔχων

100 1636 283 1680 τοιούσδε
312 1637 366 1692 μή
387 1641 597 1690 ἐπιφαίνεο
628 1636 760 1692 Ἀθη-

103 1697 274 1744 ναίοισι,
305 1696 404 1749 μηδὲ
436 1697 584 1738 δοκέων
612 1695 759 1749 χρηστά

100 1751 337 1806 ’ὑπουργέειν
385 1751 581 1807 άθέμιστα
633 1754 759 1807 ἔρδειν

103 1811 304 1861 παραίνεε.
361 1813 472 1849 quta
512 1813 678 1863 Lycurg.
729 1825 761 1851 e.

103 1867 236 1902 Leocr.
257 1880 294 1917 p.
320 1868 409 1916 156,
431 1867 485 1909 42
518 1869 575 1918 [p.
602 1870 678 1910 186
694 1867 761 1918 R.]

104 1922 369 1959 Alexandrum
411 1923 662 1962 Athenienses
701 1940 764 1975 μι-

104 1981 208 2030 κροῦ
229 1979 310 2017 δεῖν
340 1979 594 2019 κατέλευσανε
624 1995 764 2018 secun·-

107 2034 200 2072 dum
232 2035 437 2071 Aristidem
476 2038 492 2071 I
522 2050 559 2086 p.
597 2038 678 2078 250
710 2038 763 2073 illi

107 2090 296 2138 dixerunt,
320 2092 445 2142 qualia
466 2091 623 2127 Medeae
640 2094 763 2128 Creon

105 2146 296 2198 Euripidis
316 2147 397 2188 352
426 2149 459 2183 si
480 2151 511 2183 te
536 2148 682 2185 secundo
703 2149 762 2185 ίιι-

105 2206 197 2242 mine
243 2204 298 2240 hic
346 2203 542 2252 offendero,
594 2204 761 2243 ,Morierffl

104 2262 312 2311 Lampouis
339 2260 442 2297 istius
471 2261 671 2297 consilium
700 2275 763 2297 re-

105 2319 280 2369 pellentis
301 2317 478 2367 Spartani
496 2319 592 2368 regis
609 2331 764 2368 respon-

106 2387 193 2411 sum
231 2375 406 2410 meminit
438 2375 599 2411 Pausan.
637 2377 702 2423 ΙΙΙ,
738 2374 764 2415 4

107 2431 202 2470 fin.“
239 2430 301 2466 Va
318 2430 462 2467 [ck-en.
484 2451 540 2458 —·
567 2432 660 2468 Mox
674 2445 764 2468 cum

110 2484 330 2536 Schweigh.
359 2493 394 2522 et
415 2488 532 2524 Gaisf.
559 2487 645 2524 dedi
676 2488 764 2527 ἴσθι

110 2557 150 2582 τε
189 2557 209 2579 e
237 2544 405 2593 pluribus
433 2543 543 2580 codd.
571 2545 693 2594 Vulgo
723 2559 764 2583 τε

111 2597 211 2645 ἴσθι,
242 2599 345 2651 quod
373 2607 456 2650 post
487 2599 679 2638 Schaefer.
701 2614 764 2637 re-

112 2655 303 2693 tinuerunt
322 2655 454 2693 Matth.
476 2664 512 2694 et
532 2656 764 2696 Bekker.—-

112 2712 169 2747 De
178 2714 370 2764 participio
384 2713 529 2751 adiecto
542 2714 617 2752 vid.
628 2712 764 2752 Matth.

115 2768 180 2803 Gr.
201 2770 263 2805 Gr.
285 2771 321 2815 ξ.
338 2770 430 2818 551,
451 2773 468 2810 1
487 2785 526 2823 Ρ.
551 2773 670 2825 1088!-

169 2825 388 2864 Henonow.
406 2826 472 2866 IV.

1002 1562 1094 1612 Cap.
1124 1561 1286 1601 LXXX.

871 1638 1040 1689 ἐκέλευε]
1058 1641 1209 1677 Retinui
1222 1639 1307 1678 hoc.
1330 1639 1362 1675 E
1377 1637 1475 1676 duo-

816 1697 885 1734 bus
907 1697 1018 1735 codd.
1041 1696 1246 1745 Schaefer„
1279 1710 1394 1748 quem
1414 1710 1474 1733 se-

818 1762 987 1806 quuntur
1005 1753 1140 1791 Matth.
1173 1762 1208 1792 et
1236 1753 1417 1800 Bekker.‚
1440 1752 1476 1793 ἔ-

820 1810 992 1851 κέλευσε.
1019 1813 1070 1848 At
1091 1812 1188 1848 bene
1209 1811 1475 1861 imperfectum

821 1876 857 1905 et
877 1868 915 1907 h.
929 1870 955 1905 l.
978 1876 1014 1905 et
1032 1870 1097 1915 111,
1110 1871 1160 1908 28
1171 1875 1297 1905 tuetur
1307 1867 1475 1904 Sinienis

821 1926 927 1976 epist.
942 1924 989 1962 ad
1003 1927 1047 1963 G.
1061 1927 1270 1961 Hermann.
1286 1922 1362 1974 (ed.
1378 1924 1475 1959 Piu-

819 1981 938 2019 tarch.
955 1980 1165 2030 Thelnist.)
1186 1994 1272 2032 pag.
1292 1982 1356 2017 LI.
1413 1978 1475 2015 Ad

820 2039 933 2074 verba
959 2052 1064 2089 seqq.
1086 2039 1227 2083 κλίνας
1246 2051 1285 2075 τε
1314 2032 1476 2087 ἐπιχρύ-

821 2105 914 2138 σους
942 2094 1122 2130 Wessel.
1144 2093 1238 2127 haec
1258 2091 1473 2141 adscripsit:

819 2161 924 2196 „non
948 2149 1099 2184 fuerunt
1121 2143 1325 2198 ὁλόχρυσοι
1342 2146 1410 2185 καὶ
1431 2145 1477 2185 ό-

819 2201 1008 2256 λάργυροι
1022 2234 1031 2252 ,
1061 2205 1189 2255 quales
1211 2206 1250 2240 in
1275 2202 1374 2241 Phil.
1391 2203 1477 2241 Iud.

818 2263 875 2297 De
897 2262 1031 2298 Somn.
1064 2275 1101 2311 p.
1126 2261 1230 2301 1115
1254 2262 1300 2299 E.
1322 2260 1388 2297 sed
1417 2262 1476 2297 in-

819 2320 944 2355 aurati
963 2325 998 2355 et
1017 2319 1250 2366 inargentati.
1299 2318 1361 2353 Ex
1388 2319 1477 2353 soli-

820 2374 868 2412 do
886 2388 977 2412 auro
988 2381 1023 2411 et
1035 2381 1190 2425 argento
1202 2374 1475 2410 memorabam

819 2438 880 2468 tur
901 2446 934 2469 c.
954 2434 1021 2472 SO.
1080 2434 1124 2467 ln
1153 2431 1287 2467 talibus
1319 2438 1355 2468 et
1387 2431 1475 2468 alibi

819 2495 1012 2540 peccatur.
1070 2486 1156 2526 vid.
1177 2489 1206 2535 1,
1229 2488 1323 2528 50.“

876 2599 998 2650 ψέλια
1029 2597 1098 2640 καὶ
1129 2595 1360 2652 στρεπτούς]
1391 2601 1415 2639 i.
1438 2614 1473 2639 e.

821 2658 983 2695 armillas
1003 2664 1039 2694 et
1064 2661 1212 2707 torques.
1268 2657 1392 2693 Minus
1412 2670 1475 2692 re—

821 2722 880 2751 cte
900 2715 992 2750 olim
1013 2712 1165 2763 ψέλλια.
1224 2714 1288 2750 Tu
1307 2712 1381 2750 vid.
1407 2715 1473 2761 ΙΙΙ,

821 2773 888 2812 20.
907 2771 970 2820 IV,
994 2773 1071 2812 168
1089 2777 1125 2808 et
1139 2771 1305 2808 Sintenis
1321 2770 1370 2808 ad
1381 2771 1475 2807 Plu-

1465 428 1583 457 Praeda
1624 429 1732 464 ingens

1468 468 1580 490 coacta.
1591 463 1743 497 Quomodo
