1996 3238
63 1187 129 1233 28

574 192 915 230 URANIA.

977 195 1101 232 VIII.
1415 199 1471 239 37

177 298 390 343 4τοιόνδε.
440 297 647 353 γυψώσας
676 299 840 356 ἄνδρας
876 301 1128 355 ἑξακοσίους
1162 307 1248 348 τῶν
1283 305 1471 350 Φωκέων

205 368 309 419 τοὺς
337 367 560 420 ἀρίστους,
604 366 767 420 αὐτούς
797 385 841 412 τε
871 369 1058 420 τούτους
1086 372 1158 414 καὶ
1187 373 1237 416 τά
1256 373 1367 417 ὅπλα
1399 373 1471 418 αὖ·

205 440 304 486 τῶν,
334 434 491 484 νυκτός
523 434 763 490 ἐπεθήκατο
793 441 903 479 τοῖσι
945 442 1221 482 Θεσσαλοῖσι·
1260 445 1470 497 προείπας

175 502 391 554 5αύτοῖσι,
423 502 500 545 τὸν
529 501 583 544 ἄν
613 503 670 559 μὴ
703 507 1042 557 λευκανθίζοντα
1072 509 1272 557 ἴδωνται,
1298 515 1457 554 τοῦτον

202 571 395 613 κτείνειν.

454 569 638 621 τούτους
669 572 728 614 ὠν
760 573 866 614 αἵτε
897 576 1091 627 φυλακαὶ
1115 580 1202 618 τῶν
1236 580 1468 622 Θεσσαλῶν
1481 584 1523 621 55

200 641 372 690 πρῶται
402 639 577 680 ἰδοῦσαι
607 635 920 696 ἐφοβήθησαν,
952 643 1130 694 δόξασαι
1153 643 1258 687 ἄλλο
1286 661 1326 687 τι
1357 644 1467 689 εἶναι

200 705 346 760 τέρας,
377 707 449 748 καὶ
475 706 580 761 μετὰ
616 707 694 758 τοὶς
713 708 914 763 φυλακὰς
935 709 1043 767 αὐτη
1074 710 1100 767 ἦ
1127 712 1317 768 στρατιή,
1352 712 1465 755 οὕτω

201 773 309 817 ὥστε
339 777 685 831 τετρακισχιλίων
714 781 927 832 κρατῆσαι
956 783 1125 833 νεκρῶν
1165 780 1237 822 καὶ
1268 779 1466 823 ἀσπίδων

202 843 401 893 Φωκέας·
449 847 537 886 τῶν
574 843 650 894 τοὶς
690 845 769 899 μὲν
799 844 978 901 ἡμισέας
1008 846 1050 896 ἐς
1072 845 1208 902 ’Ἄβας
1237 847 1465 901 ἀνέθεσαν,

197 910 272 961 τάς
303 911 347 954 δὲ
380 912 421 961 ἐς
449 911 677 965 Δελφούς·
711 911 735 968 ἡ
768 914 813 956 δὲ
845 914 1002 970 δεκάτη
1034 913 1201 970 ἐγένετο
1241 921 1329 958 τῶν
1368 924 1520 972 χρη-70

198 979 348 1035 μάτων
377 980 422 1022 ἐκ
453 979 612 1036 ταύτης
640 983 715 1034 τῆς
744 979 901 1037 μάχης,
934 984 978 1024 οἱ
1006 982 1186 1038 μεγάλοι
1207 981 1464 1036 ἀνδριάντες

199 1050 244 1091 οἱ
281 1047 377 1102 περὶ
415 1045 493 1089 τὸν
528 1048 714 1100 τρίποδα
755 1054 1057 1102 συνεστεῶτες,
1115 1051 1334 1106 ἔμπροσθε
1382 1054 1464 1095 τοῦ

195 1119 309 1172 νηοῦ
338 1118 420 1158 τοῦ
450 1114 496 1158 ἐν
519 1119 744 1170 Δελφοῖσι,
774 1118 848 1160 καὶ
875 1117 1013 1173 ἕτεροι
1043 1123 1238 1163 τοιοῦτοι
1268 1118 1464 1175 ἐν”Αβῃ-

197 1195 241 1227 σι
298 1183 542 1226 ἀνακέαται-

617 1187 762 1228 Ταῦτα
805 1186 886 1240 μέν
924 1203 1008 1229 νυν
1049 1185 1127 1230 τὸν
1165 1185 1295 1240 πεζὸν
1337 1186 1517 1240 ἔργά-75

195 1263 327 1295 σαντο
384 1254 472 1293 τῶν
520 1254 754 1295 Θεσσαλῶν
803 1256 846 1297 οἱ
891 1254 1080 1306 Φωκέες,
1123 1253 1462 1309 πολιορκέοντας

195 1316 406 1370 ἑωυτούς·
438 1320 711 1375 ἐσβαλοῦσαν
731 1320 775 1364 δὲ
798 1321 840 1372 ἐς
870 1321 950 1377 τὴν
979 1323 1125 1377 χώρην
1144 1324 1282 1365 ἵππον
1314 1319 1461 1363 αὐτῶν

166 1389 475 1446 Ξέλυμῄναντο
513 1386 767 1443 ἀνηκέστως.

836 1388 884 1431 ἐν
921 1390 1003 1445 γὰρ
1033 1393 1087 1446 τῇ
1127 1389 1284 1446 ἐσβολῇ
1315 1388 1342 1445 ἥ
1373 1389 1459 1432 ἐστι

193 1459 303 1502 κατὰ
328 1457 576 1512 Ὑάμπολιν,
610 1455 656 1498 ἓν
673 1454 809 1511 ταύτῃ
829 1455 1000 1512 τάφρον
1017 1456 1206 1512 μεγάλην
1224 1456 1459 1511 ὀρύξαντες

192 1525 418 1582 ἀμφορέας
466 1522 638 1575 κεινούς
676 1523 718 1575 ἐς
757 1523 894 1581 αὐτὴν
931 1525 1204 1582 κατέθηκαν·
1255 1527 1364 1580 χοῦν
1414 1521 1513 1566 δὲὸὈ

322 1746 414 1797 cap.
435 1745 612 1783 xxvm.

189 1825 492 1878 πολιορκέοντας
508 1820 699 1874 ἑωυτούς]
717 1824 796 1861 Ac-

136 1885 322 1920 cusativus
343 1881 661 1934 πολιορκέοντας,
683 1894 791 1933 aquo

134 1941 216 1990 ipso
246 1939 388 1990 pendet
419 1937 614 1985 ἕωυτοῦς,
654 1939 792 1975 obiecti

133 1998 213 2033 scil.
245 1997 503 2043 accusativus,
551 1996 712 2032 refertur
743 1994 792 2031 ad

134 2050 203 2092 τόν
234 2051 373 2099 πεζόν,
414 2059 599 2089 structura
625 2051 673 2088 ad
702 2064 792 2088 sen-

134 2121 222 2146 sum
260 2110 382 2158 magis
415 2108 662 2155 conformata,
695 2120 793 2158 quae

134 2165 333 2202 neminem
346 2164 540 2201 offendere
553 2163 674 2200 debet.
698 2163 750 2200 Ph
757 2177 793 2199 o-

136 2234 250 2259 censes
290 2225 363 2258 tam
406 2221 497 2259 male
547 2223 792 2256 tractaverant

138 2277 381 2316 Thessalorum
393 2278 607 2328 peditatum,
640 2277 706 2328 qui
732 2277 793 2326 ip-

134 2348 194 2372 sos
214 2336 254 2371 in
281 2336 509 2371 Parnassum
537 2334 700 2370 inclusos
722 2333 794 2369 ob-

134 2390 281 2429 sidione
301 2391 534 2441 premebant.
584 2389 697 2426 Redit
707 2403 796 2426 ver-

135 2449 230 2484 bum
249 2450 473 2500 πολιορκεῖν
493 2445 567 2484 hoc
587 2446 799 2497 significatu

136 2506 234 2552 vm,
257 2503 324 2544 49.

192 2557 438 2614 ἐλυμήναντο
458 2555 706 2610 ἀνηκέστως]
728 2557 791 2595 Ad

135 2624 363 2654 structuram
393 2618 499 2654 verbi
529 2617 793 2667 λυμαίνεσθαι

137 2674 238 2710 conf.
267 2681 362 2711 nott.
393 2672 442 2710 ad
471 2674 569 2722 VIII,
601 2673 651 2714 15
682 2678 718 2708 et
745 2671 793 2708 de

138 2728 316 2767 adverbIO
334 2726 559 2780 ἀνηκέστως
574 2728 651 2768 vid.
668 2730 796 2765 Hero-

140 2784 216 2824 dot.
246 2787 276 2836 1,
309 2789 401 2828 137.
429 2788 493 2836 vl,
529 2787 676 2836 12.111‚
701 2785 793 2827 153.

849 1712 1076 1765 Equitatum
1110 1711 1384 1749 Thessalorum
1413 1711 1512 1746 insa-

848 1770 965 1807 nabz'lz'
975 1770 1082 1806 clade
1103 1769 1311 1806 affecerunt
1332 1766 1511 1803 Phocen-

847 1840 919 1873 ses,
940 1825 1042 1863 unde
1063 1839 1263 1879 nunquam
1281 1826 1379 1863 vires
1398 1836 1512 1860 recu-

848 1896 981 1934 perare
1003 1891 1167 1934 possent.
1225 1885 1282 1918 De
1301 1881 1511 1918 Thessalo-

848 1953 937 1976 rum
958 1942 1129 1992 equitatu
1149 1939 1251 1979 conf.
1276 1945 1369 1975 nott.
1392 1937 1439 1973 ad
1464 1937 1507 1984 V,

850 1999 914 2037 63.

904 2048 1003 2090 κατὰ
1030 2047 1277 2101 ι’Ί”ἀμ.ττολιν]
1320 2050 1509 2099 Hyampo-

849 2108 894 2145 lis
914 2110 953 2143 in
982 2106 1240 2143 Phocensium
1260 2106 1402 2143 ditione
1439 2107 1508 2142 sita

847 2165 925 2200 iam
955 2165 1123 2199 Homero
1148 2164 1220 2199 fuit
1239 2164 1413 2212 cognita,
1441 2162 1508 2199 sed

848 2221 949 2257 bello
982 2221 1135 2256 Persico
1168 2227 1204 2256 et
1244 2226 1373 2269 postea
1409 2219 1508 2255 bello

849 2289 955 2314 sacro
986 2289 1114 2313 eversa
1135 2282 1199 2312 est.
1231 2277 1287 2311 De
1309 2277 1388 2325 ipso
1411 2276 1507 2319 1000,

853 2346 929 2384 quo
948 2333 1018 2369 fuit
1038 2339 1238 2378 exstructa,
1259 2330 1361 2368 haud
1378 2332 1509 2383 liquet,

853 2389 961 2427 Conf.
990 2391 1178 2425 Mannert.
1208 2390 1294 2425 Vlll
1319 2401 1405 2438 pag.
1431 2391 1511 2429 176

853 2459 932 2498 seq.
964 2446 1005 2483 C.
1038 2447 1080 2484 Ο.
1100 2447 1248 2483 M'uller.
1279 2444 1508 2482 Orchomen.

855 2516 943 2554 pag.
973 2501 1053 2543 496
1080 2517 1134 2554 sq.
1168 2500 1250 2542 499
1281 2502 1364 2538 coll.
1385 2515 1420 2551 p.
1443 2504 1508 2542 39.

848 2559 914 2600 40.
946 2561 1064 2596 Kruse
1085 2559 1179 2595 Heli.
1199 2560 1246 2604 ΙΙ,
1267 2560 1293 2597 2
1313 2572 1348 2609 p.
1370 2558 1434 2599 75.
1451 2580 1506 2585 —

850 2617 948 2652 Cum
969 2614 1040 2652 hac
1061 2623 1191 2652 autem
1212 2614 1392 2651 Herodoti
1416 2628 1507 2650 nar-

848 2674 996 2709 ratione
1024 2672 1071 2709 de
1100 2671 1356 2709 Phocensium
1376 2670 1507 2708 fraude

850 2729 1093 2766 conserantur
1130 2729 1339 2766 Pausaniae
1366 2735 1403 2765 et
1427 2730 1508 2765 Po-

851 2787 979 2839 lyaeui
998 2787 1072 2824 loci
1094 2799 1207 2839 supra
1220 2784 1375 2824 laudati.
