1996 3238
106 1058 172 1106 53
240 1047 363 1091 ἑλεῖν.

602 196 953 233 URANlA.

243 310 336 357 λιος
367 306 526 361 ὄχθον,
555 302 634 346 τόν
655 302 885 361 Ἀθηναῖοι
914 304 1115 347 καλέουσι
1141 301 1316 361 Ἀρήϊον
1344 305 1505 362 πάγον,
1520 311 1562 346 55

243 372 526 425 ἐπολιόρκεον
573 371 738 425 τρόπον
780 370 973 415 τοιόνδε·

1022 197 1155 233 V111.
1457 198 1514 236 69

213 441 347 491 Ξτούς
390 438 566 489 ὀϊστοὺς
610 440 860 492 περιθέντες
905 440 1086 492 ἅψειαν,
1135 439 1336 492 ἐτόξευον
1373 442 1417 494 ἐς
1461 441 1511 486 τὸ

243 507 434 563 φράγμα.
467 508 661 550 ἐνθαῦτα
688 505 931 563 Ἀθηναίων
953 508 996 549 οἱ
1011 508 1370 563 πολιορκεόμενοι
1394 509 1511 566 ὅμως

242 573 480 630 ἠμύνοντο,
523 576 679 629 καίπερ
729 575 771 625 ἐς
811 575 858 618 τό
892 575 1072 630 ἔσχατον
1101 580 1243 618 κακοῦ
1271 576 1512 633 ἀπιγμένοι,

240 642 316 685 καὶ
336 645 415 685 τοῦ
438 642 698 699 φράγματος
726 642 1079 696 προδεδωκότος·
1115 642 1218 686 οὐδὲ
1240 643 1397 699 λόγους
1425 650 1514 689 τῶν
1525 652 1570 686 60

243 712 635 765 Πεισιστρατιδέων
674 708 1021 765 προσφερόντων
1049 711 1148 766 περὶ
1169 710 1401 768 ὁμολογίης
1425 713 1515 757 ἐνε-

209 783 232 817 3
245 777 439 821 δέκοντο.

499 778 770 834 οἷμυνόμενοι
801 779 873 831 δὲ,

235 845 311 888 καὶ
351 846 404 902 δὴ
447 848 521 890 καὶ
560 846 838 902 προσιόντων
876 850 965 890 τῶν
1000 848 1242 903 βαρβάρων
1280 848 1394 902 πρὸς
1434 849 1510 900 τὰς
1569 866 1650 910 542

236 913 389 966 πύλας,
418 913 701 971 ὀλοιτρόχους
731 913 936 957 ἀπίεσαν·

915 776 1024 821 ἄλλα
1053 795 1097 821 τε
1128 777 1509 836 άντεμηχανὲοντο,

983 914 1092 959 ὥστε
1127 915 1288 970 Ξέρξεα
1318 917 1387 960 ἐπὶ
1415 917 1512 973 χρό-

237 996 319 1024 νον
338 982 503 1037 συχνὸν
524 980 732 1039 ἀπορίῃσι
756 983 989 1038 ἐνέχεσθαι,
1022 981 1076 1027 οὐ
1103 982 1353 1038 δυνάμενόν
1377 997 1512 1042 σφεας
1523 993 1568 1029 65

181 1223 380 1274 molesque
397 1230 451 1260 est
471 1236 605 1260 saxosa
627 1236 669 1260 ac
681 1222 843 1274 lapidea

182 1281 381 1316 cacumine
410 1273 621 1317 admodum
639 1282 843 1332 inaequali.

181 1337 317 1372 Nullae
376 1338 608 1389 antiquitatis
662 1339 846 1389 reliquiae

181 1391 307 1430 adhuc
319 1393 388 1429 ibi·
380 1401 555 1430 inventae
567 1395 845 1446 suntlocusque

180 1450 279 1486 iacet
319 1449 498 1489 desertus.
568 1452 628 1487 Ab
672 1453 846 1488 orientali

181 1507 287 1543 collis
316 1507 432 1544 latere
476 1506 524 1544 ad
552 1507 720 1544 radicem
746 1509 843 1545 Dio-

182 1564 282 1614 nysii
301 1564 554 1614 Areopagitae
569 1571 759 1601 exstructa
769 1565 843 1602 fuit

184 1621 361 1668 ecclesia,
405 1634 510 1657 nunc
551 1623 667 1658 etiam
704 1621 840 1659 diruta.

181 1675 269 1714 Vid.
289 1678 454 1714 Pausan.
485 1679 523 1726 I,
562 1681 615 1719 28
634 1680 670 1724 ξ.
701 1678 725 1720 5
768 1679 842 1714 ibi-

183 1746 258 1785 quc
279 1734 437 1771 Siebelis
457 1747 545 1785 pag.
571 1737 662 1775 102.
683 1736 842 1774 Lueian.

180 1791 245 1828 Bis
293 1792 431 1829 Aecus.
472 1793 509 1837 ᾖ.
541 1793 580 1832 9.
618 1794 679 1831 10.
722 1794 842 1829 Kruse

180 1848 358 1896 He11.11‚
393 1851 412 1888 1
444 1861 531 1898 pag.
567 1850 656 1888 138.
700 1849 844 1887 Stuart.

182 1911 220 1942 et
242 1906 392 1946 Revett,
413 1903 577 1942 Alterth.
597 1905 615 1940 J
642 1917 733 1956 pag.
762 1905 840 1946 241

181 1973 263 2027 seq.
282 1960 363 2002 255
384 1974 490 2013 seqq.

240 2013 345 2063 όκως
375 2038 429 2044 —
470 2015 639 2068 ἅψειαν]
678 2017 844 2054 Sensum

183 2074 260 2110 loci
278 2072 381 2110 hunc
401 2074 480 2110 fere
501 2087 579 2110 esse
594 2080 711 2124 puto:
746 2087 845 2125 quo-

182 2131 252 2167 ties
281 2143 310 2167 s.
341 2137 529 2182 quotquot
557 2131 694 2166 Persae
727 2131 845 2180 sagit-

182 2193 237 2224 tas
259 2187 503 2235 emittebant,
544 2199 587 2222 ea
626 2185 738 2237 stup&
767 2188 843 2223 cir-

183 2244 421 2281 cumvolutas
442 2250 479 2280 et
507 2255 683 2279 accensas
710 2243 750 2278 in
779 2256 842 2280 se-

181 2307 294 2352 ptum
331 2298 432 2336 istud
453 2300 719 2338 coniiciebant.
724 2300 747 2319 “
796 2301 841 2336 In

182 2371 289 2409 seqq.
303 2356 351 2393 ad
371 2357 532 2395 verbum
542 2351 842 2408 προδεδωκότος

182 2413 260 2452 vid.
284 2420 376 2451 nott.
404 2413 452 2450 ad
472 2414 562 2461 VII,
587 2415 681 2453 187-

241 2465 336 2510 ου’δὲ
356 2466 497 2522 λόγους
516 2491 573 2497 -
595 2467 843 2518 ἐνεδέκοντο]

182 2528 428 2565 Accusativns
447 2523 590 2578 λόγους
619 2538 740 2577 aeque
760 2539 847 2576 per-

182 2585 319 2621 tinebit
347 2583 396 2620 ad
441 2581 756 2636 προσφερόντων
786 2589 846 2619 at-

184 2654 260 2693 que
280 2639 328 2678 ad
350 2639 590 2681 ἐνεδέκοντο.
622 2638 744 2688 Neque
762 2652 844 2676 con-

186 2698 335 2735 ditiones
374 2711 398 2734 a
431 2696 676 2734 Pisistratidas
704 2695 842 2733 oblatas

186 2758 396 2804 receperunt.
447 2751 696 2790 Pisistratidas
718 2754 842 2789 Hero-

187 2809 295 2848 dotus
316 2811 502 2849 intellexit
513 2823 591 2848 non
606 2822 728 2846 unum
743 2810 841 2860 Hip-

422 1048 583 1107 Χρόνῳ
614 1047 655 1094 δ’
686 1051 733 1095 ἐκ
763 1055 851 1094 τῶν
881 1049 1061 1107 ἀπόρων
1091 1051 1233 1109 ἐφάνη
1255 1051 1310 1109 δή
1328 1069 1391 1105 τις
1412 1053 1506 1098 ἔσο-

900 1225 1029 1275 piam,
1084 1224 1151 1262 sed
1198 1232 1386 1278 quotquot
1431 1227 1568 1278 opinor

901 1280 1154 1319 Athenienses
1203 1296 1292 1320 cum
1333 1296 1377 1320 eo
1418 1285 1568 1322 exsules

901 1339 991 1375 sacti
1005 1368 1014 1386 ,
1036 1340 1124 1390 quia
1137 1339 1320 1376 Pisistrati
1350 1347 1386 1377 et
1401 1340 1568 1378 filiorum

902 1402 1026 1445 partes
1048 1396 1216 1446 amplexi
1237 1403 1343 1433 erant
1357 1393 1566 1447 (Ἀθηναί-

904 1467 960 1490 ων
984 1467 1022 1491 οι
1044 1449 1222 1504 φυγάδες
1242 1454 1341 1501 V,111
1366 1452 1438 1503 54)
1461 1456 1565 1491 Xer-

899 1509 957 1545 xis
979 1510 1192 1545 exercitum
1213 1510 1485 1561 sequebantur.

898 1559 1220 1658 νὀλοιτρόχους]
1252 1565 1338 1603 vid.
1375 1573 1471 1606 nott.
1515 1566 1565 1604 ad

941 1623 1097 1668 ‚92§·
1125 1625 1163 1662 2.
1194 1623 1331 1674 Attigit
1362 1622 1500 1661 Suidas
1528 1625 1565 1660 Π

899 1692 938 1729 p.
962 1681 1057 1719 680.

959 1734 1019 1771 Ad
1076 1735 1312 1772 locutionem
1371 1731 1565 1789 οἷπορίῃσι

900 1790 1107 1842 ἐνέχεσθαι
1145 1792 1247 1831 conf.
1286 1799 1383 1831 nott.
1415 1792 1464 1829 ad
1497 1794 1562 1841 IV,

903 1851 994 1888 131.
1016 1850 1084 1895 VI,
1107 1847 1173 1888 56.
1234 1850 1368 1901 Neque
1389 1850 1461 1886 alio
1478 1863 1564 1900 per-

900 1906 995 1942 tinet
1014 1906 1114 1953 VIII,
1142 1908 1233 1946 135.
1254 1905 1360 1955 (coll.
1372 1907 1448 1954 Vll
1464 1907 1563 1955 128)

902 1961 945 2001 ἐν
975 1959 1161 2012 θωύματι
1191 1961 1351 2014 ἔχεσθαι
1371 1964 1562 2011 1X‚37:

901 2017 944 2058 ἓν
979 2014 1106 2072 τούτῳ
1137 2034 1190 2073 τῳ
1223 2022 1332 2058 κακῶ
1361 2016 1561 2070 ἐχόμενος.

899 2076 978 2122 ΙΧ,
1011 2074 1148 2115 98:312
1179 2071 1370 2129 ἀπορίῃσι
1393 2076 1558 2125 εἴχοντο.

899 2132 986 2167 Alia
1011 2130 1200 2182 quaedam
1222 2130 1325 2168 dabit
1345 2132 1560 2168 Stallbaum

900 2187 948 2224 ad
968 2188 1119 2225 Platon.
1143 2188 1286 2225 Criton.
1307 2200 1396 2239 pag.
1420 2186 1513 2227 104.

1117 2278 1211 2328 Cap.
1230 2278 1331 2314 LIII.

958 2351 1122 2410 Χρόνῳ]
1153 2355 1239 2394 Vid.
1279 2356 1391 2392 allata
1421 2353 1469 2391 ad
1489 2355 1556 2402 ΙΙΙ,

903 2415 969 2454 13.
1019 2414 1124 2458 Quae
1162 2419 1372 2465 sequnntur
1412 2410 1453 2450 ἐκ
1484 2414 1564 2450 τῶν

902 2465 1069 2521 οἷπόρων
1101 2471 1157 2517 (ex
1179 2470 1233 2506 his
1257 2465 1560 2519 clffsicultatz'bus)

902 2527 1080 2563 excitavit
1128 2527 1273 2565 Iacobs.
1313 2525 1363 2562 ad
1409 2525 1561 2562 Aelian.

900 2584 948 2620 N.
980 2584 1027 2620 A.
1059 2583 1134 2629 III,
1175 2585 1244 2622 23.
1300 2581 1363 2618 Ad
1399 2582 1562 2619 verbum

901 2639 983 2679 ε’δεε
1005 2639 1119 2690 (fatis
1137 2638 1348 2676 destinatum
1369 2639 1464 2687 erat)
1481 2637 1561 2678 vid.

899 2697 958 2743 V,
999 2699 1051 2736 33
1085 2696 1213 2747 ibique
1243 2687 1339 2732 noft.
1373 2696 1460 2731 coll.
1495 2695 1559 2741 IV,

899 2754 952 2793 79
991 2759 1027 2789 et
1048 2751 1096 2789 ad
1117 2753 1349 2789 locutionem
1371 2750 1560 2804 γενέσθαι

898 2823 979 2849 vno
1014 2807 1193 2862 Πέρσῃσι
1212 2809 1290 2851 citt.
1311 2807 1360 2846 ad
1376 2809 1467 2859 VII,
1493 2810 1560 2847 11.

1566 307 1668 332 serant
1681 304 1845 334 ronta-im·

1566 338 1787 375 resistentibus,

1023 371 1135 421 ὅκως
1176 379 1381 418 στυπεῖον
1410 375 1508 428 περὶ
1566 374 1754 408 ⁰1'Puss¹¹³¹¹‘·

1563 1056 1745 1097 tandemque
1762 1065 1809 1085 cn-

1566 1091 1662 1127 pium.

1698 1090 1843 1120 Defenso-
