1879 3222
558 177 1016 216 CALLIOPE.
1071 178 1152 215 IX.

1397 177 1482 218 219

226 285 442 342 ,,μοῖχους·
467 282 691 341 Ἀθηναῖοι
721 284 790 336 δὲ,
822 281 881 334 ὥς
910 283 1184 342 ἀδικεόμενοι
1214 283 1303 329 ὑπὸ
1322 281 1480 340 ὑμέων,
1494 293 1538 327 60

226 354 348 410 ,,χήτι
370 351 617 407 συμμάχων,
648 351 966 396 καταλύσονται
986 358 1046 411 τῷ
1068 354 1216 411 Πέρσῃ
1236 352 1351 397 οὕτω
1373 352 1483 404 ὅκως

198 429 219 464 3
229 422 309 476 »ἂν
344 420 575 464 δύνωνται.

643 420 991 475 καταλυσάμενοι
1034 422 1104 475 δὲ,
1153 424 1261 478 δῆλα
1299 420 1382 476 γὰρ
1423 419 1476 477 δὴ
1536 414 1618 455 696

227 489 321 543 ,,ὃ’τι
352 487 570 543 σύμμαχοι
590 489 789 543 βασιλέος
809 488 1042 544 γινόμεθα,
1074 488 1486 543 συστρατευσόμεθα

225 556 320 610 „ini
348 555 427 611 τὴν
458 555 513 598 ἂν
534 556 691 600 ἐκεῖνοι
711 558 979 614 ἐξηγέωνται.
1035 555 1157 612 ὑμεῖς
1188 557 1232 600 δὲ
1255 557 1303 599 τό
1333 557 1486 610 ἐνθεῦ-

224 641 324 677 „tw
354 623 612 680 μαθήσεσθε
644 623 797 668 ὁκοῖον
827 624 883 668 ἄν
903 641 944 668 τι
972 623 1079 680 ὑμῖν
1109 623 1150 676 ἐξ
1173 622 1312 667 αὐτοῦ
1342 624 1487 681 ἐκβαί-

195 696 218 734 4
227 696 348 750 ,,νῃ.“

411 695 559 735 Ταῦτα
578 692 794 749 λεγόντων
819 696 908 736 τῶν
937 691 1153 748 ἀγγέλων,
1177 692 1220 735 οἱ
1243 691 1399 746 ἔφοροι
1430 690 1485 735 εἶ·
1498 698 1542 733 65

223 776 312 803 παν
343 758 404 803 ἐπ’
434 759 594 814 ὅρκον,
625 762 726 813 ,,καὶ
761 760 814 817 δή
847 759 1013 804 δοκέειν
1046 757 1158 804 εἶναι
1189 759 1236 802 ἐν
1259 758 1486 819 Ὀρεστείῳ

193 830 496 885 5,,στείχοντας
526 827 594 871 ἐπὶ
616 827 724 880 τούς
747 830 954 882 ξείνους.“
1012 830 1179 882 ξείνους
1198 828 1280 884 γὰρ
1313 827 1491 872 ἐκάλεον

165 955 330 994 videtur.
363 955 473 995 Cous.
494 954 686 1007 Aristoph.
704 956 826 996 Thes-

168 1012 346 1063 mophor.
366 1011 448 1052 904
469 1011 580 1049 Both.
601 1014 729 1065 ibique
744 1017 827 1052 Ku-

168 1076 254 1107 ster.
277 1071 370 1110 932.
405 1070 615 1109 Ramssll.
632 1069 727 1111 413.
744 1074 822 1112 421

167 1124 282 1163 Both.
322 1124 516 1162 Plutarch.
535 1127 633 1163 Mor.
671 1129 706 1164 II
737 1141 825 1179 pag,

169 1184 250 1223 397
279 1184 322 1223 F,
365 1183 464 1219 Hinc
511 1195 664 1234 quoque
705 1198 827 1222 canere

168 1239 271 1289 apud
310 1237 528 1289 Theognid.
569 1240 650 1282 955
693 1240 827 1291 (567),

168 1297 234 1332 ubi
265 1297 366 1333 conf.
396 1295 596 1336 Welcker.
625 1310 713 1348 pag.
738 1301 829 1339 127.

167 1354 267 1389 Nam
307 1360 513 1404 utrumque
549 1361 585 1390 et
614 1356 759 1392 saltatio
792 1362 829 1392 et

168 1410 331 1446 cantatio
348 1409 396 1446 ad
404 1411 544 1447 festum
559 1411 628 1448 rite
638 1424 830 1463 peragen-

169 1465 262 1504 dum
284 1468 460 1517 pertinet.

223 1519 313 1574 χήτι
335 1517 572 1575 συμμάχων]
604 1523 630 1563 i.
657 1538 688 1561 e.
708 1525 828 1575 inopia

167 1581 350 1618 sociorum.
410 1581 536 1630 Vulgo
589 1576 747 1632 χήτεΐ
773 1595 828 1620 τε

167 1647 282 1687 συμ.,
322 1636 426 1688 quod
464 1643 549 1688 post
577 1636 828 1675 Schaeserum

166 1694 288 1730 tenuit
321 1691 454 1730 Matth.
511 1693 705 1746 Equidem
738 1695 829 1731 reli-

167 1762 263 1802 quos
300 1757 450 1787 secutus
488 1749 576 1790 edd.
617 1751 738 1788 abieci
773 1766 826 1800 τε,

168 1805 274 1858 quod
298 1819 319 1843 a
340 1807 531 1845 Sancrofti
549 1808 645 1846 libro
675 1809 827 1875 alioque

168 1862 255 1900 cod.
285 1865 410 1911 abest,
458 1870 495 1901 et
533 1866 704 1916 rescripsi
737 1862 828 1916 χήτι

169 1918 274 1970 quod
302 1921 466 1971 optimus
502 1923 707 1971 praebebat
737 1923 828 1959 Flo-

169 1976 352 2024 rentinus.
373 1997 426 2004 -—-
453 1977 540 2013 De·
530 1991 609 2029 ipsa
633 1980 827 2016 locutione

169 2033 279 2083 plura
313 2033 449 2070 similia
491 2033 601 2071 affert
641 2036 830 2086 Wytten-

169 2087 281 2127 bach.
303 2088 351 2126 ad
371 2089 566 2128 Plutarch.
585 2092 721 2130 Moral.
742 2093 760 2128 I
788 2106 827 2142 p.

169 2145 266 2186 435.
324 2145 386 2182 Ad
418 2148 640 2196 proximum
666 2149 829 2185 verbum

169 2197 459 2242 καταλύσονται
494 2206 720 2252 (lz'm'mz'cz'tz'is
765 2204 829 2242 de-

166 2261 292 2310 positis
332 2261 554 2310 paci-§centur
591 2275 667 2299 cum
698 2261 828 2309 Persa)

170 2317 273 2357 conf.
291 2318 370 2354 citt.
392 2314 441 2352 ad
461 2317 549 2366 VII,
568 2319 606 2358 6.

227 2371 366 2412 ὁκοῖον
392 2369 444 2411 ἄν
464 2389 499 2414 τι
518 2373 615 2426 ύμῖν
641 2372 681 2422 ἐξ
699 2369 829 2414 αύτοῦ

170 2427 357 2484 ἐκβαίνῃ]
390 2429 476 2469 Vid.
506 2430 641 2468 Matth.
671 2433 737 2468 Gr.
760 2432 828 2473 Gr.

171 2486 209 2531 ξ.
242 2489 321 2527 633
354 2499 443 2537 pag.
476 2487 594 2536 1304,
629 2489 696 2540 qui
724 2487 830 2525 idem

171 2543 210 2588 §-
241 2541 323 2585 584
352 2556 439 2595 pag·
471 2546 576 2585 1163
612 2546 831 2582 consulatur

173 2597 222 2635 ad
241 2601 356 2637 verba
378 2595 444 2639 ἐπ’
471 2597 594 2652 ὅρκου
637 2601 679 2648 (i.
708 2615 741 2639 e.
771 2604 831 2640 iu-

174 2660 329 2694 ramento
348 2660 579 2708 interposito).
609 2658 710 2709 Apte
731 2660 828 2698 Gail.

173 2710 245 2760 (Le
283 2712 466 2764 philolog.
505 2715 556 2751 IV
598 2728 688 2766 pag.
729 2713 828 2770 341)

172 2771 347 2809 meminit
370 2772 510 2810 similis
540 2771 728 2809 formulae
764 2771 830 2814 ἐπὶ

883 959 965 997 τῶν
988 956 1106 1010 ἱερῶν
1134 952 1275 1008 όμόσαι
1306 955 1408 1008 apud
1428 956 1544 993 Dion.

885 1016 1028 1052 Halicc.
1050 1016 1206 1066 Antiqq.
1226 1015 1280 1050 ΙΙΙ
1300 1028 1338 1065 p.
1363 1012 1464 1061 154,
1495 1014 1544 1050 al.

882 1071 1075 1124 Equidem
1095 1070 1200 1107 haud
1219 1072 1296 1107 scio
1319 1083 1367 1107 an
1391 1069 1439 1106 ad
1451 1083 1546 1107 eun-

884 1128 975 1165 dem
1008 1141 1120 1165 usum
1154 1128 1440 1179 praepositionis
1481 1124 1546 1166 ἐπὶ

1015 1185 1182 1235 genitivo
1225 1184 1356 1222 referri
1396 1183 1544 1231 debeat,

885 1199 975 1222 cum

885 1241 989 1294 quod
1018 1240 1244 1279 Plutarchus
1274 1240 1402 1279 dixit·
1392 1254 1431 1277 m
1451 1241 1552 1277 Ale--

883 1298 1022 1336 xandr.
1062 1301 1115 1338 23
1155 1299 1263 1335 init.:
1305 1292 1385 1346 ἐφ’
1417 1293 1546 1336 ἕκα-

887 1368 1004 1406 στης
1042 1350 1232 1393 κύλικο
1250 1370 1269 1401 ς
1294 1350 1357 1393 οἷεὶ
1389 1350 1546 1406 μακρόν

886 1428 976 1451 τινα
998 1407 1116 1464 λόγον
1139 1408 1416 1462 διατιθέμενος
1431 1417 1468 1448 et
1483 1423 1545 1461 cp.

886 1469 961 1510 53:
994 1465 1196 1508 ἐπαινέσαι
1215 1465 1444 1513 κελευσθεὶς
1461 1465 1546 1507 ἐπὶ

885 1527 980 1564 τοῦ
1007 1525 1287 1577 ποτηρίου,
1310 1523 1549 1576 quodWyt-

884 1581 1062 1620 tenbach.
1087 1579 1298 1633 (Plutarch.
1329 1582 1428 1632 Opp.
1447 1581 1548 1628 V111,

887 1641 906 1678 1
931 1653 968 1689 p.
992 1639 1088 1686 626)
1125 1645 1228 1675 recte
1262 1638 1400 1689 accipit
1419 1637 1469 1675 ad
1479 1650 1547 1688 po-

885 1696 1026 1743 culum,
1058 1696 1149 1732 inter
1167 1695 1367 1732 hibendum.

942 1751 985 1792 ἐν
1044 1747 1249 1805 Ὀρεστείῳ
1293 1750 1547 1802 στείχοντας]

883 1809 984 1846 Male
1005 1809 1196 1847 Sancrofti
1216 1810 1310 1845 liber
1330 1808 1547 1858 στίχοντας.

884 1866 997 1903 Conf.
1017 1867 1091 1913 ΙΙΙ,
1113 1868 1180 1906 76.
1210 1866 1439 1916 Intelligitur
1458 1863 1497 1901 h.
1519 1865 1548 1902 l.

884 1923 1018 1974 procul
1048 1922 1164 1959 dubio
1189 1923 1368 1959 Oresteam
1398 1935 1429 1959 s.
1450 1922 1548 1958 Ore-

884 1981 948 2017 stis
962 1980 1162 2030 templum,
1184 1981 1443 2029 Tegeatarum
1459 1978 1549 2014 fini-

886 2037 956 2073 bus
978 2037 1147 2074 viciuum
1175 2043 1212 2072 et
1240 2037 1356 2072 situm
1386 2034 1434 2072 ad
1460 2048 1548 2071 eam

886 2093 1010 2139 viam,
1042 2105 1140 2144 quae
1161 2105 1181 2128 a
1201 2092 1434 2141 Megalopoli
1456 2091 1548 2127 Pal.

883 2149 1046 2185 lantium
1078 2155 1191 2200 atque
1221 2149 1397 2198 Tegeam
1430 2146 1549 2185 ducit.

884 2205 970 2242 Vid.
992 2207 1157 2242 Pausan.
1178 2205 1288 2252 VIII,
1310 2202 1363 2244 44
1386 2205 1422 2250 ξ.
1448 2207 1485 2244 1.
1506 2207 1548 2245 2.

883 2263 986 2301 Plut.
1005 2261 1157 2301 Aristid.
1172 2264 1222 2302 10
1244 2261 1310 2298 fin.
1324 2259 1551 2312 Thucydid.

884 2320 930 2367 V,
953 2319 1006 2361 64
1026 2319 1155 2371 ibique
1172 2317 1319 2355 Duker.
1340 2325 1377 2354 et
1396 2319 1549 2358 VVasse.

883 2377 934 2413 Et
982 2376 1113 2413 confer
1160 2388 1314 2427 quoque
1364 2373 1548 2425 Stephan.

885 2435 981 2484 Byz.
1002 2447 1032 2470 s.
1052 2447 1089 2470 v.
1108 2430 1286 2484 Ὀρέσται
1308 2438 1344 2468 et
1372 2438 1467 2469 nott.
1498 2429 1548 2468 ad

887 2489 1029 2527 Herod.
1046 2491 1063 2526 I
1075 2520 1085 2538 ‚
1108 2493 1174 2532 68.

945 2547 1100 2594 ξείνους
1137 2542 1211 2598 γάρ
1250 2541 1411 2584 ἐκάλεον
1454 2540 1550 2591 τούς

889 2598 1134 2655 βαρβάρους]
1179 2604 1417 2652 Repetuntur
1453 2599 1550 2638 haeo

886 2661 985 2697 infra
1004 2661 1082 2707 IX,
1113 2657 1179 2699 55.
1218 2660 1397 2695 Nostrum
1418 2658 1549 2695 locum

886 2717 1052 2766 respexit
1071 2713 1245 2753 Eustath.
1265 2714 1314 2752 ad
1333 2713 1441 2756 Iliad.
1459 2728 1547 2766 pag.

887 2772 967 2813 423
982 2802 992 2822 ‚
1017 2775 1070 2814 26
1089 2786 1120 2812 s-
1140 2774 1243 2823 321,
1278 2771 1331 2815 25
1344 2802 1354 2822 ‚
1388 2771 1548 2811 eodem-
