1879 3222
653 188 684 225 1.
712 188 873 224 INDEX
902 187 1092 225 RERUM.

181 299 283 333 donio
307 299 400 339 duwe,
423 296 568 332 Atticam
594 295 843 335 invadentibus,

181 346 391 379 Salaminem
420 346 588 385 repetunt,
623 342 682 382 lx,
706 342 739 374 (i.
765 342 843 373 coll.

179 392 274 431 Vlll,
302 392 376 424 136.
402 394 434 421 et
457 389 664 432 legationem
684 388 845 430 Spartam

179 438 327 477 mittunt,
352 437 412 474 lx,
433 433 467 467 7.
500 435 533 467 in
562 445 676 477 pugna
707 434 844 466 Plasta«,-

178 484 250 517 ensi
271 482 491 525 praecellunt,
521 480 581 521 lx,
621 479 763 512 12-23.
787 478 844 511 46.

175 541 268 572 seqq.
302 527 347 560 60
370 538 461 569 seqq.
497 526 645 568 itemque
669 526 703 558 in
727 535 844 569 pugna

176 576 220 609 ad
253 573 425 617 Mycalen,
452 572 513 614 lx,
540 573 606 605 102
629 584 699 615 seq.
735 572 842 605 Athe-

173 621 302 654 nienses
329 619 466 652 Sestum
491 619 657 658 obsident,
678 618 739 658 lx,
762 617 841 650 111.

172 687 218 693 -—
248 666 379 697 Eorum
413 676 490 697 enm
516 665 682 708 Carystiis
714 664 841 696 bellum

171 712 232 750 lx,
256 709 335 743 105.
359 722 437 743 cum
461 711 601 751 Edonis,
633 711 692 749 lx,
717 708 772 742 75.
797 730 841 734 ——

168 757 497 799 Peloponnesiacum
521 757 662 798 bellum,
674 756 750 796 Vll,
762 754 840 790 137.

169 802 231 843 ΙΧ,
262 802 321 838 73.
363 803 622 836 Atheniensium
662 802 839 841 iactantia,

168 849 211 889 V,
235 848 280 882 82
304 852 370 882 not.
396 849 653 882 Atheniensium
677 848 841 888 vestitus,

168 894 212 936 V,
244 894 289 927 87
323 899 394 928 not.
442 895 700 928 Atheniensium
735 904 839 936 opera

166 940 299 981 fictilia,
336 941 375 982 V,
406 940 451 974 88
481 946 549 976 not.
580 940 838 974 Atheniensium

166 986 278 1019 luctus
315 987 357 1019 de
393 988 512 1020 Mileto
552 992 664 1029 capta,
702 986 759 1026 VI,
790 985 835 1017 21

165 1036 235 1067 not.
259 1032 516 1065 Atheniensium
536 1044 641 1066 naves
664 1036 747 1074 quot
769 1031 834 1064 mi-

164 1078 241 1111 lites
273 1079 467 1119 habuerint,
494 1079 567 1118 VII,
594 1078 661 1111 181
676 1082 746 1111 not.
771 1088 836 1109 na-

164 1135 222 1157 ves
246 1125 380 1167 privato
410 1128 526 1157 sumtu
549 1130 707 1164 ornatae,
744 1123 833 1164 VIII,

162 1170 207 1202 17
225 1175 295 1203 not.
319 1170 574 1204 Atheniensium
586 1182 687 1204 naves
700 1169 742 1202 ad
760 1170 836 1201 bel-

161 1216 234 1248 lum
260 1216 466 1256 Troianum,
491 1216 609 1259 ΙΧ,27
632 1220 700 1250 not.
727 1216 834 1249 Athe-

160 1261 293 1295 nienses
316 1263 469 1305 plectunt
495 1274 575 1305 eos,
601 1263 659 1306 qui
684 1262 832 1305 patriam

159 1307 233 1340 sine
254 1309 423 1350 permissu
442 1309 647 1351 relinquunt,
669 1308 761 1351 wll,
785 1307 831 1340 41

158 1357 228 1386 not.
254 1372 298 1378 —
324 1355 397 1389 Vid.
423 1367 560 1397 quoque
583 1356 708 1388 Attica.

113 1400 226 1432 Athos
249 1411 360 1442 mons,
389 1401 445 1441 Vl,
471 1400 516 1433 44
539 1405 572 1434 et
593 1400 649 1433 95.
674 1401 747 1433 eius
772 1399 832 1432 de-

157 1445 310 1488 scriptio,
337 1446 411 1485 Vll,
436 1447 481 1479 22
505 1451 574 1479 not.
599 1447 691 1480 circa
715 1446 831 1479 Athon

156 1490 292 1524 iactura
326 1492 443 1525 classis
476 1493 647 1535 Persicae,
681 1492 742 1534 Vl,
771 1491 829 1525 44.

157 1542 192 1570 et
214 1536 269 1570 95.
296 1538 373 1578 VII,
397 1539 454 1571 21.
489 1540 664 1582 perfossus
695 1550 716 1572 a
746 1539 831 1571 Per-

154 1594 272 1660 {assim
326 1585 454 1627 copiis,
509 1585 586 1627 VII,
640 1585 685 1617 21
736 1596 829 1628 seqq.

108 1675 335 1752 Ath‘szilana
358 1675 576 1718 praefectura
606 1675 641 1708 in
670 1676 757 1719 Aeg.
782 1676 829 1717 ΙΙ,

154 1721 172 1752 1
187 1721 220 1753 ii
243 1725 312 1754 not.

106 1767 237 1809 Athrys
260 1767 295 1799 ss.
321 1766 509 1808 Thraciae,
534 1767 594 1807 IV,
617 1766 662 1800 49
685 1770 756 1802 not.

107 1813 269 1845 Atlantes
308 1813 522 1857 (Atarantes)
556 1814 620 1855 IV,
652 1812 720 1847 181
755 1816 825 1848 not.

153 1857 222 1890 185
241 1861 311 1891 not.
337 1860 384 1902 ’‘'J

107 1915 321 1948 Atlanticum
350 1927 446 1950 mare
477 1913 520 1959 (ἦ
546 1912 725 1955 Ἀτλαντὶς
751 1915 824 1949 θα-

153 1958 299 2004 λάσση),
325 1962 351 2002 Ι,
374 1962 443 1995 202
466 1966 536 1995 not.

105 2018 209 2050 Atlas
241 2018 369 2052 fluvius
405 2031 446 2052 ex
481 2020 617 2052 Haemo
649 2021 767 2052 monte
788 2017 824 2052 in

149 2064 275 2097 istrum
299 2065 387 2106 fluit,
410 2065 468 2106 lv,
487 2064 533 2098 49
557 2068 628 2100 not.

103 2121 208 2200 Λιῑαῖ
232 2132 352 2212 m051s3
376 2122 450 2156 eius
469 2121 662 2166 descriptio,
686 2120 825 2163 IV,184

147 2178 192 2200 no
211 2193 218 2200 .
245 2169 288 2183 ”³

102 2227 241 2266 Atossa,
264 2225 445 2269 Cumbysis
468 2238 567 2259 soror
598 2228 631 2259 et
654 2224 820 2268 Smerffis,

146 2272 267 2304 eadem
304 2272 486 2316 Cambysis
514 2284 612 2313 uxor,
643 2277 677 2306 et
706 2272 818 2315 magi,

146 2321 181 2351 et
202 2317 315 2360 Darii,
339 2318 400 2363 111,
422 2318 468 2353 68
492 2323 561 2355 not.
584 2319 630 2354 88
653 2323 724 2354 not.
762 2319 817 2352 ul-

1532 186 1616 227 463

946 307 1021 331 cere
1054 297 1089 330 in
1121 306 1276 330 mamma
1304 295 1476 336 laborans,
1499 305 1521 329 o
1543 295 1614 329 De-

945 345 1085 376 mocede
1116 348 1307 386 persanata,
1350 342 1495 375 Darium
1529 341 1613 374 inri-

950 393 1001 422 tat
1033 390 1074 422 ud
1110 390 1239 421 bellum
1265 389 1435 421 Graeciae
1464 388 1614 420 inferen-

946 436 1041 475 dum,
1068 435 1129 475 ΙΙΙ,
1155 435 1234 468 133.
1260 435 1337 467 lm.
1363 434 1515 477 potentia
1539 434 1613 467 eius

946 482 1036 523 apud
1059 481 1217 521 Darium,
1244 481 1321 521 Vll,
1346 481 1380 513 2.
1407 480 1430 512 3
1452 484 1521 514 not.

897 542 1151 581 Atramyttcum
1187 535 1504 581 (Ἆτραμύττειον),
1530 547 1611 580 opp.

941 584 977 618 in
1004 584 1154 624 Troade,
1186 584 1264 626 VII,
1296 584 1342 617 42
1374 587 1457 625 not.,
1490 583 1549 616 ubi
1571 582 1614 616 de

940 629 1110 672 scriptura
1133 640 1281 672 quoque.

896 688 1103 721 Atridarum
1127 685 1246 719 classis
1264 685 1298 717 in
1310 684 1523 728 expeditione
1532 685 1611 720 adv.

941 735 1041 767 ilium
1066 736 1234 776 suscepta,
1259 731 1335 772 Vll,
1359 731 1415 764 20.

894 791 1086 835 Atlaginus
1119 788 1339 822 Mardonium
1370 787 1531 821 convivio
1554 798 1610 821 ex-

940 838 1024 880 eipit
1063 836 1208 876 Thebis,
1242 835 1305 877 lx,
1342 832 1387 866 15
1420 837 1489 867 not.
1531 844 1611 866 eum

939 884 1007 916 sibi
1039 882 1116 916 dedi
1148 882 1270 914 volunt
1303 880 1429 914 Graeci
1465 879 1612 913 victores

939 930 1082 963 Thebas
1120 928 1324 968 obsidentes,
1359 926 1420 968 lx,
1443 925 1500 960 86.
1538 925 1611 969 ipse

939 975 1104 1019 profugit,
1129 974 1191 1016 IX,
1215 972 1272 1009 88.

892 1034 1014 1067 Attica
1059 1031 1159 1076 regio
1197 1042 1265 1063 non
1297 1028 1505 1072 equitabilis,
1545 1027 1608 1069 lx,

938 1080 992 1112 13.
1040 1079 1133 1112 oleas
1155 1076 1292 1121 gignit,
1316 1076 1356 1114 V,
1381 1075 1438 1108 82.
1473 1092 1519 1099 --
1549 1074 1609 1107 At·-

936 1125 1007 1158 tica
1039 1134 1204 1167 oppressa
1240 1133 1261 1155 a
1286 1121 1477 1161 Pisistrato,
1511 1120 1539 1160 Ι,
1563 1118 1610 1152 59

935 1182 1008 1214 seq.
1056 1181 1133 1203 eam
1182 1172 1304 1211 quater
1346 1165 1493 1209 ingressi
1539 1166 1609 1198 Do-

934 1228 1001 1256 res‚
1025 1216 1068 1257 V,
1092 1216 1148 1249 76.
1174 1215 1249 1248 coll.
1273 1224 1352 1256 cap.
1376 1210 1421 1246 55
1447 1222 1539 1253 seqq.
1562 1231 1609 1237 —

931 1262 1068 1296 Atticae
1099 1271 1264 1306 magnam
1305 1263 1439 1303 partem
1472 1260 1610 1291 vastant

932 1309 1071 1348 Persae,
1103 1308 1162 1348 VI,
1200 1307 1279 1341 102.
1314 1305 1405 1347 VIII,
1436 1302 1608 1337 51—55.

886 1401 1007 1434 Attica
1038 1411 1144 1443 gens,
1173 1396 1376 1440 Pelasgica,
1407 1395 1436 1436 Ι,
1459 1393 1504 1428 56
1536 1399 1606 1428 not.

932 1446 968 1479 in
985 1447 1146 1478 llellenes
1165 1443 1342 1483 transiens,
1366 1442 1527 1486 linguam
1540 1442 1606 1474 Pe-

931 1492 1104 1536 lasgicam
1134 1490 1292 1533 perdidit,
1327 1489 1358 1530 I,
1380 1486 1425 1521 57
1448 1492 1519 1522 not.
1541 1488 1606 1521 At-

933 1538 1083 1571 ticarum
1128 1536 1314 1570 mulierum
1360 1534 1502 1576 caedes,
1547 1533 1605 1575 w,

934 1583 1014 1617 138.
1039 1582 1143 1616 vestis
1166 1582 1323 1620 mutatio,
1348 1580 1392 1621 V,
1414 1579 1470 1612 87.
1514 1579 1606 1613 Atti-

933 1640 995 1662 cae
1028 1629 1188 1662 mulieres
1220 1625 1362 1671 Lycidis
1395 1637 1537 1658 uxorem
1570 1628 1605 1658 et

932 1676 1060 1708 liberos
1091 1674 1265 1717 lapidibus
1289 1674 1462 1714 obruunt,
1495 1671 1558 1714 lx,
1581 1669 1604 1704 5

929 1721 1009 1754 Vid.
1031 1732 1137 1764 supra
1159 1719 1392 1753 Athenienses.

884 1769 982 1811 Atys,
1027 1767 1205 1811 Lydorum
1238 1776 1325 1806 rex,
1359 1762 1476 1796 Manis
1496 1762 1603 1803 filius,

926 1813 1019 1857 Lydi
1042 1818 1076 1847 et
1097 1811 1276 1856 Tyrrheni
1304 1813 1411 1854 pater,
1434 1810 1462 1849 1,
1486 1809 1509 1842 7
1531 1813 1601 1844 not.

928 1859 974 1893 91
998 1863 1069 1892 not.
1094 1859 1173 1900 Vll,
1196 1858 1242 1891 27
1268 1861 1338 1890 not.
1362 1855 1438 1898 Vll,
1458 1854 1516 1888 74.
1554 1856 1600 1888 cf.

926 1905 943 1938 Ι
978 1904 1057 1938 171.

879 1931 969 1994 Aty’s
992 1949 1113 1984 Croesi
1136 1949 1197 1983 fil..
1218 1948 1418 1981 adolescens
1440 1944 1600 1988 eximius,

926 1997 954 2038 I,
979 1996 1035 2031 34.
1059 1995 1115 2029 35.
1150 1994 1267 2029 statim
1300 1996 1377 2036 post
1407 1993 1599 2026 celebratas

924 2043 1084 2085 nuptias,
1106 2041 1216 2074 invito
1231 2043 1340 2083 patre,
1364 2050 1489 2082 aprum
1515 2039 1598 2082 My-

924 2088 997 2122 siae
1019 2092 1180 2128 venatus,
1206 2087 1250 2119 ab
1276 2086 1424 2118 Adrasto
1459 2085 1598 2118 custode

924 2134 1064 2177 cuspide
1085 2133 1305 2172 transfossus,
1327 2131 1355 2171 1,
1379 2129 1528 2163 35—43.

877 2181 1070 2221 Auchetae,
1081 2180 1293 2223 Scytharum
1303 2188 1424 2221 genuS,
1436 2176 1517 2217 1V‚6
1527 2179 1596 2210 not.

876 2228 1012 2271 Augila
1037 2226 1198 2259 inAfrica
1222 2225 1330 2267 locus,
1353 2223 1414 2256 ubi
1436 2223 1596 2265 frequen-

921 2278 971 2306 tes
993 2274 1132 2317 pahnae
1152 2273 1305 2312 arbores,
1338 2269 1398 2313 1V,
1432 2268 1500 2303 172
1523 2272 1595 2303 not.

917 2318 986 2354 182
1008 2323 1079 2355 not.

191 2500 221 2545 1’)
258 2501 365 2534 Huius
397 2500 524 2534 canalis
559 2502 703 2546 vestigia
725 2500 892 2546 Walpole
926 2499 1126 2545 (Me'moires
1158 2509 1194 2542 p.
1222 2498 1305 2540 224)
1337 2496 1455 2530 scribit
1482 2496 1591 2530 adhuc

101 2547 262 2590 cognosci
288 2559 392 2592 posse
418 2548 558 2592 eiusque
591 2548 820 2581 dimensiones
854 2555 1011 2582 accurate
1052 2545 1233 2579 convenire
1273 2555 1347 2576 cum
1379 2543 1588 2576 Herodoteis

101 2593 277 2627 mensuris.
323 2595 374 2627 De
392 2594 469 2638 ipso
493 2595 629 2627 Athone
655 2594 724 2628 vid.
741 2606 876 2640 quoque
891 2593 1014 2627 Clarke
1031 2592 1175 2627 Travels
1202 2591 1244 2632 II,
1268 2590 1291 2624 3
1320 2589 1418 2635 chap.
1445 2591 1488 2624 12
1508 2601 1586 2634 pag.

101 2635 168 2670 388
184 2650 279 2684 seqq.

192 2694 236 2738 ⁸‘)
261 2697 358 2731 Conf.
384 2698 573 2732 Humboldt
591 2698 740 2731 Examen
765 2697 907 2742 critique
936 2696 980 2729 de
999 2693 1164 2728 l'histoire
1191 2693 1233 2727 de
1264 2692 1297 2726 la
1321 2693 1510 2738 geograph.
1538 2691 1583 2724 du

102 2749 202 2773 nouv.
223 2741 458 2789 Continent.p.
473 2745 529 2785 58,
554 2745 612 2789 qui
629 2744 719 2777 idem
735 2757 771 2789 p.
787 2746 831 2778 48
854 2744 898 2776 de
920 2754 1012 2776 mare
1034 2741 1230 2774 Atlantico.

192 2795 256 2841 '**)
281 2799 331 2834 cf.
349 2801 451 2836 etiam
467 2802 614 2837 Heffter.
638 2802 695 2836 in:
719 2801 960 2846 Schulzeitung
985 2799 1085 2836 1832.
1103 2799 1134 2833 11
1154 2808 1207 2832 nr.
1229 2796 1363 2833 74—76
1379 2796 1459 2831 incl.
