1996 3238
550 187 900 224 URANIA.
958 188 1089 225 VIII.

23 303 123 348 118
188 297 278 354 ἅμα
306 297 440 352 Ξέρξῃ
471 292 750 338 ἀπικνέονται
771 294 814 345 ἐς
831 293 1008 348 Σάρδις.
1055 294 1177 340 ’Ἐστι
1201 297 1247 340 δὲ
1276 297 1351 340 καὶ
1379 294 1452 340 ἅλ-

1380 188 1463 228 165

189 370 266 417 λος
298 364 370 409 ὅδε
390 361 520 418 λόγος
539 363 786 418 λεγόμενος,
816 359 876 414 ὥς
903 362 1052 418 ἐπειδὴ
1077 363 1236 420 Ξέρξης
1268 362 1487 407 ἀπελαύ-1

188 450 279 478 νων
309 433 350 484 ἐξ
380 429 601 486 Ἀθηνέων
630 429 805 473 ἀπίκετο
836 427 897 472 ἐπ’
927 428 1080 473 Ἠϊόνα
1109 431 1189 485 τήν
1218 431 1286 475 ἐπὶ
1316 436 1462 487 Στρυ-

186 502 307 558 μόνι,
351 499 556 542 ἐνθεῦτεν
587 497 735 542 οὐκέτι
773 496 1056 554 ὁδοιπορίῃσι
1086 497 1311 552 διεχρὲετο,
1349 499 1460 543 ἀλλὰ

184 568 262 623 τήν
289 565 368 621 μὲν
397 566 605 623 στρατιὴν
631 565 842 621 ΓΤδοῖρνεϊ
864 566 1076 620 ἐπιτρέπει
1097 563 1283 620 ἀπάγειν
1308 567 1349 617 ἐς
1379 568 1459 612 τὸν

179 634 510 691 Ἑλλήσποντον,
543 633 678 685 αὐτὸς
711 633 748 677 δ’
781 633 847 677 ἐπὶ
879 633 986 689 νηός
1018 635 1256 690 Φοινίσσης
1286 634 1486 690 ἐπιβὰς,5

153 703 401 758 Ξέκομίζετο
445 703 488 755 ἐς
534 703 614 759 τὴν
640 701 794 759 Ἀσίην.

851 702 1055 746 πλώοντα
1097 701 1142 746 δέ
1188 718 1264 757 μιν
1295 703 1459 757 ἄνεμον

181 772 467 827 Στρυμονίην
497 767 736 826 ὑπολαβεῖν
765 769 903 826 μέγαν
922 769 996 814 καὶ
1017 771 1254 826 κυματίην·
1285 770 1356 812 καὶ
1388 771 1454 826 δὴ,

180 843 348 896 μᾶλλον
390 838 474 896 γάρ
515 855 556 882 τι
594 839 914 896 χειμαίνεσθαι,
959 838 1178 894 γεμούσης
1215 840 1293 895 τῆς
1333 837 1452 894 νηὸς,

302 1013 395 1063 Cap.
426 1011 597 1050 cxvm.

178 1088 295 1144 λόγος
330 1089 561 1146 λεγόμενος]
607 1092 663 1128 Ita
695 1092 786 1128 Flo-

122 1151 294 1187 rentinus
317 1163 406 1187 cum
426 1150 519 1186 aliis.
576 1149 786 1199 Vulgatum

120 1203 328 1260 λεγόμενος
345 1202 462 1256 λόγος
493 1218 581 1243 cum
603 1205 783 1242 Schaefe·

119 1277 163 1301 ro
194 1265 349 1300 retinuit
376 1261 574 1300 Matthiae.
620 1264 678 1299 De
704 1264 785 1313 ipsa

118 1322 334 1368 locutione,
401 1333 499 1372 quae
550 1318 649 1356 redit
684 1321 783 1368 VIII,

123 1379 202 1418 119
229 1379 326 1424 init„
371 1377 473 1414 conf.
504 1383 600 1413 nott.
637 1375 686 1413 ad
718 1378 782 1424 IV,

122 1436 187 1474 12.
205 1456 250 1463 -
275 1436 371 1470 Mox
393 1447 526 1470 omnes
553 1434 632 1469 fere
655 1432 755 1470 codd
771 1463 782 1482 ,

120 1497 282 1542 excepto
305 1490 449 1539 Vallae,
474 1489 513 1537 ἐξ
537 1485 782 1539 Ἀθηναίων.

118 1568 175 1575 -—-
213 1550 272 1585 De
311 1547 428 1586 Eione
476 1547 694 1585 notavimus
734 1546 784 1584 ad

118 1604 200 1652 VII,
224 1604 290 1646 25.

174 1659 242 1701 ἐπὶ
257 1657 358 1711 νηός
378 1660 598 1712 Φοινίσσης
617 1655 782 1713 ἐπιβάς]

116 1718 221 1755 Infra
252 1719 360 1766 VIII,
395 1720 472 1758 120
492 1717 558 1757 fin.
590 1724 667 1755 est:
701 1716 784 1757 ἐπι-

118 1775 244 1826 βῆναι
282 1773 348 1814 ἒπὶ
393 1773 466 1825 τήν
506 1777 602 1825 νῆα.
678 1775 783 1811 Alibi

117 1833 336 1881 genitivus,
371 1833 508 1869 omissa
536 1833 781 1882 praepositio-

117 1900 190 1935 ne,
234 1887 461 1926 adstruitur:
497 1887 545 1925 de
584 1901 661 1941 quo
701 1887 782 1927 vid.

119 1942 169 1980 ad
189 1943 332 1985 Herod.
360 1946 400 1989 1,
437 1943 491 1985 84
510 1952 607 1984 nott.
628 1967 685 1973 —
723 1947 782 1981 De

119 2001 237 2038 verbo
276 2001 510 2051 κομίζεσθαι
545 2002 645 2041 conf.
678 2002 779 2050 VIII,

121 2059 216 2096 107.
277 2056 340 2092 Ad
373 2059 494 2107 ipsam
522 2058 782 2094 narrationem

118 2112 264 2150 confer.
284 2113 418 2148 lustin.
438 2114 496 2159 II,
537 2115 586 2152 13
618 2115 656 2158 ξ.
678 2116 702 2153 9
723 2126 781 2164 sq.

116 2170 231 2220 „Ipse
271 2170 484 2214 (Xerxes)
524 2181 613 2205 cum
652 2171 782 2219 paucis

116 2225 287 2279 Abydon
315 2223 527 2262 contendit.
585 2225 660 2261 Ubi
692 2239 782 2262 cum

115 2284 285 2321 solutum
305 2288 463 2333 pontem
483 2280 650 2318 hibernis
680 2289 784 2318 tem-

112 2341 323 2391 pestatibus
345 2337 588 2387 offendisset,
617 2340 784 2390 piscato-

114 2398 173 2434 ria
230 2394 370 2448 scaphii
408 2394 578 2446 trepidus
622 2396 782 2434 traiecit.

116 2455 210 2491 Erat
243 2467 301 2490 res
333 2453 549 2504 spectaculo
590 2451 706 2502 digna
746 2459 782 2489 et

118 2511 380 2548 aestimatione
431 2510 539 2546 sortis
568 2507 780 2555 humanae,

116 2579 247 2604 rerum
276 2567 463 2604 varietate
503 2565 702 2614 miranda,
739 2566 781 2602 in

119 2626 258 2675 exiguo
278 2625 463 2661 latentem
501 2621 631 2660 videre
670 2624 783 2660 navi-

118 2682 204 2731 gio,
231 2694 350 2733 quem
376 2680 492 2731 paulo
527 2686 614 2716 ante
634 2680 701 2716 vix
720 2692 782 2716 ae-

119 2750 216 2788 quor
235 2749 352 2775 omne
372 2737 564 2788 capiebat3
586 2743 782 2773 carentem

121 2794 235 2831 etiam
254 2795 374 2833 omni'
387 2806 584 2832 servorum
608 2793 783 2831 ministe-

844 978 921 1026 rio,
983 978 1090 1015 cuius
1130 976 1316 1014 exercitus
1355 981 1511 1026 propter

843 1034 1132 1072 multitudinem
1206 1034 1309 1070 terris
1377 1045 1511 1083 graves

844 1093 992 1128 erant.“
1088 1092 1277 1128 Iustinum
1341 1090 1511 1141 sequitur

844 1149 996 1186 Orosius
1016 1149 1071 1196 11,
1114 1151 1180 1189 10.
1239 1147 1396 1183 Veriora
1415 1146 1508 1182 Val-

842 1204 1046 1243 ckenaerio
1068 1203 1258 1251 videntur,
1281 1216 1381 1254 quae
1402 1204 1510 1239 Tze-

842 1269 920 1299 tzes
943 1261 1040 1298 Chii.
1062 1263 1079 1297 I
1101 1263 1181 1302 996
1204 1260 1251 1299 de
1272 1261 1413 1298 Xerxis
1432 1267 1510 1298 tra-

841 1320 943 1356 iectu
965 1325 1126 1355 enarrat.

898 1373 1084 1415 πλώοντα
1134 1371 1177 1412 δέ
1227 1387 1296 1423 μιν
1355 1369 1508 1422 ἄνεμον

840 1432 1097 1484 Στρυμονίην
1126 1428 1346 1480 ὑπολαβεῖν
1385 1427 1507 1480 μέγαν

839 1488 908 1528 καὶ
940 1488 1158 1539 κυματίην]
1189 1485 1344 1523 Excidit
1371 1488 1507 1522 Noster

842 1560 863 1582 e
883 1545 1070 1583 structura
1098 1544 1160 1581 vel
1185 1544 1310 1594 potius
1330 1544 1368 1578 in
1391 1543 1505 1578 aliam

841 1604 988 1640 transiit
1021 1601 1225 1639 accusativi
1246 1607 1283 1637 et
1315 1598 1504 1646 infinitivi,

841 1661 956 1712 plane
998 1666 1039 1696 ut
1078 1659 1188 1704 VIII,
1224 1659 1316 1698 111.
1352 1678 1408 1684 -——
1447 1657 1507 1692 De

841 1717 960 1756 verbo
1004 1714 1224 1766 ’ὑπολαβεῖν
1266 1712 1366 1750 conf.
1405 1713 1505 1761 VIII,

839 1774 893 1815 84
928 1775 993 1810 sm.
1035 1773 1125 1820 VII,
1168 1774 1248 1812 170
1279 1777 1316 1806 et
1336 1769 1384 1806 de
1407 1782 1504 1807 voce

838 1831 1035 1882 κυματίης
1072 1834 1169 1866 nott.
1211 1826 1260 1863 ad
1298 1828 1361 1874 II,
1403 1829 1498 1866 111.

840 1887 1084 1938 Strymonium
1103 1891 1264 1922 ventum
1284 1896 1364 1920 non
1384 1883 1504 1918 alium

838 1957 917 1981 esse
939 1951 1053 1995 atque
1073 1942 1223 1979 Boream
1239 1969 1249 1988 ,
1291 1953 1313 1977 a
1345 1952 1413 1977 sua
1432 1952 1501 1977 ve-

835 2001 895 2038 lut
935 2000 1026 2038 sede
1055 1999 1196 2036 eximie
1234 1998 1287 2033 ita
1306 2003 1500 2044 vocatum,

839 2070 957 2108 quem
1005 2049 1173 2092 eundem
1206 2052 1500 2089 Atheniensium

839 2112 999 2149 affinem
1021 2119 1057 2148 et
1087 2112 1276 2147 {autorem
1307 2107 1392 2159 (qui
1411 2107 1502 2144 inde

840 2170 955 2205 etiam
975 2180 1107 2217 regem
1125 2166 1300 2202 illaesum
1311 2163 1502 2201 dimittere

838 2224 944 2262 haud
965 2223 1114 2271 debuit)
1143 2234 1256 2272 supra
1285 2222 1503 2258 invenimus

838 2283 926 2330 VII,
962 2283 1040 2321 189
1057 2310 1068 2328 ,
1097 2286 1198 2316 recte
1223 2279 1396 2315 observat
1414 2278 1504 2315 Val-

839 2337 1062 2376 ckenaerius
1094 2335 1142 2374 de
1181 2333 1255 2372 hoc
1283 2335 1502 2386 Strymonis

837 2397 961 2433 Borea
982 2395 1099 2431 citans
1120 2390 1341 2429 callimach.
1361 2392 1401 2427 in
1417 2391 1502 2428 Del.

838 2455 892 2494 26
913 2453 1005 2504 ibiq.
1027 2448 1240 2501 Spanhem.
1271 2454 1308 2484 et
1326 2449 1367 2484 in
1388 2449 1500 2485 Dian.

834 2511 860 2548 >1
873 2507 934 2549 14.
957 2529 1014 2536 -—
1047 2510 1092 2544 In
1127 2518 1235 2557 seqq.
1270 2505 1319 2541 ob
1353 2505 1499 2542 articuli

836 2566 918 2603 vim
955 2562 1091 2601 Matth.
1121 2563 1188 2599 Gr.
1227 2562 1295 2598 Gr.
1339 2561 1377 2607 ξ.
1413 2563 1498 2602 267

837 2634 925 2672 pag.
959 2620 1038 2662 551
1076 2620 1216 2657 excitat
1245 2617 1362 2657 verba
1398 2619 1497 2657 τῶν

839 2675 915 2717 σύν
953 2676 1076 2731 Ξέρξῃ
1121 2673 1403 2726 κομιζομένων.
1440 2695 1497 2702 —

836 2737 896 2772 De
922 2733 1046 2771 forma
1081 2728 1267 2785 βώσαντα
1295 2730 1372 2770 vid.
1400 2736 1498 2768 nott.

838 2790 1042 2837 ad1,11.

1508 296 1576 323 Alia
1602 295 1640 323 de
1666 295 1771 323 Xerxis

1508 329 1607 358 reditu
1626 329 1772 363 narratio,
