1996 3238
516 271 573 310 34
920 266 1373 302 IIERODOTI

188 373 265 413 206.]
285 379 427 400 narrave-

189 408 259 434 rint
279 407 463 433 flaccorum

189 448 233 467 ma
260 440 362 466 nitudo
375 440 464 466 animi

190 481 208 500 a
218 474 354 500 'Iritantn
365 474 464 500 chma

190 514 289 535 coram
306 514 379 542 rege
402 506 464 535 Iau-

191 541 269 568 data.

491 374 744 431 Ξδεόμενοι,
784 373 858 417 καὶ
894 372 1061 429 ἐνεργοὶ
1100 371 1360 429 βουλόμενοι
1403 370 1526 415 εἶναι.
1599 371 1828 426 ἅγοντες35

522 444 566 487 δὲ
604 442 786 491 τούτους
822 442 864 492 ἐς
903 441 1005 492 ὄψιν
1046 440 1122 496 τὴν
1148 440 1368 497 βασιλέος,
1398 439 1699 484 ἐπυνθάνοντο
1731 441 1774 482 οἱ

522 511 688 563 Πέρσαι
724 509 820 562 περὶ
853 526 942 552 των
976 508 1193 563 Ελληνων
1229 508 1280 551 τοὶ
1311 508 1522 550 ποιέοιεν·
1555 506 1612 558 εἷς
1638 508 1682 550 δὲ
1713 524 1774 557 τις

489 578 607 632 3πρὸ
639 593 816 620 παντων
848 570 902 632 ἦν
936 595 958 619 ο
990 576 1202 629 εἶρωτέων
1234 574 1395 625 αὐτοὺς
1425 579 1572 617 ταῦτα.
1644 576 1696 618 Οἱ
1727 574 1774 617 δέ

519 657 598 701 σφι
628 646 800 700 ε’λεγον,
832 643 889 695 ὥς
915 642 1128 698 Ὀλύμπια
1158 642 1326 698 άγοιεν,
1357 642 1428 684 καὶ
1457 642 1690 696 θεωρέοιεν
1719 647 1773 686 α’-

518 717 638 768 γῶνα
665 712 880 768 γυμνικὸν
911 711 983 754 καὶ
1025 709 1220 754 ἱππικόν.
1258 708 1281 753 ὁ
1313 711 1357 753 δὲ
1388 710 1573 764 ἐπείρετο
1605 708 1630 751 ὅ
1658 726 1698 752 τι
1727 709 1829 751 τὸ40

520 779 682 824 ἄεθλον
713 782 775 835 εἴη
806 792 884 835 σφι
914 780 1125 834 κείμενον,
1157 777 1254 831 περὶ
1271 777 1370 820 ὅτευ
1393 776 1699 833 ἀγωνίζονται·
1731 778 1774 820 οἱ

465 961 738 1000 memoramur,
760 952 971 1001 transfugas
989 964 1035 988 ex
1051 951 1122 988 Ca-

468 1024 534 1062 rya
554 1010 739 1047 Arcadiae
760 1008 899 1059 oppido
929 1007 1122 1045 advenisse

466 1075 631 1105 statuens
652 1067 818 1115 Heringa
851 1066 936 1101 Obs.
958 1065 1061 1102 Critt.
1084 1079 1123 1115 p.

475 1124 550 1163 156
571 1123 784 1160 testimonio
806 1123 973 1157 maxime
995 1122 1124 1158 Vitru-

472 1182 520 1215 vii
551 1193 637 1216 nsns
671 1186 760 1222 erat,
789 1179 853 1229 qui
874 1179 936 1215 lib.
957 1179 974 1213 1
993 1191 1076 1228 cap.
1102 1180 1120 1218 1

467 1238 650 1284 originem
683 1234 928 1285 (ῗιινῃιιίῖιῖιιηῑ,
960 1247 1057 1286 quae
1084 1235 1123 1269 in

469 1292 716 1329 architectura
728 1294 1124 1341 vocainim-,expositu-

469 1363 542 1396 rus,
560 1348 689 1399 Carya,
703 1349 765 1393 ait,
779 1349 904 1384 civitas
918 1346 1125 1396 Peloponne-

469 1408 512 1451 si,
550 1417 626 1441 cum
671 1403 788 1441 Parsis
822 1403 974 1440 hostibus
1005 1406 1127 1439 contra

473 1462 661 1511 Graeciam
681 1461 889 1497 conswsit.“
913 1460 944 1497 S
953 1473 969 1496 c
981 1459 1001 1495 Ιι
1014 1472 1043 1495 w
1054 1472 1080 1508 g
1092 1459 1127 1495 Ιι.

473 1520 599 1569 Atque
620 1518 809 1566 Heringae
829 1517 1013 1553 sententia
1042 1517 1126 1566 pla—

475 1577 551 1610 cuit
571 1586 722 1626 quoque
741 1572 943 1610 Larchero.
1001 1573 1126 1607 Hero-

475 1630 564 1666 doto
601 1629 640 1665 hi
672 1629 1036 1678 Arcmles[Cc1ryatae
1067 1627 1127 1664 di«

475 1693 611 1723 cuntur
643 1686 732 1736 βίου
768 1698 808 1723 τε
845 1681 1024 1734 δεόμενοι
1059 1682 1126 1722 καὶ

475 1741 627 1794 ἐνεργοὶ
657 1737 892 1792 βουλόμενοι
915 1737 1035 1779 εἷναιε
1071 1742 1128 1777 υἱ-

474 1804 551 1835 ctus
583 1801 718 1847 egentes
750 1801 781 1833 et
808 1800 847 1835 in
865 1797 1001 1846 agendo
1037 1795 1130 1833 desi-

476 1855 637 1892 amantes
661 1856 834 1903 occupari,
864 1854 989 1904 prouti
1009 1853 1128 1903 accipi

477 1912 557 1947 vult
576 1909 822 1948 Valckenaer.
845 1910 892 1946 de
913 1922 1005 1947 voce
1020 1908 1128 1961 {vso-

478 1965 546 2020 γός
569 1968 678 2017 plura
706 1965 895 2013 adiiciens,
927 1978 1024 2017 (luae
1052 1966 1128 2001 mi-

476 2037 548 2060 nus
574 2023 647 2060 huc
670 2024 870 2073 pertinent.
932 2024 997 2058 Tu
1028 2021 1129 2059 conf.

479 2079 525 2115 de
549 2080 626 2131 ipsa
658 2092 697 2115 re
727 2091 823 2130 quae
858 2079 1050 2116 attulimus
1084 2077 1132 2115 ad

477 2137 671 2182 V11‚206,
702 2142 739 2171 et
775 2134 852 2173 vid.
880 2133 1134 2170 Moineke'ad

478 2190 712 2242 Euphorion.
731 2205 768 2241 p.
784 2193 928 2231 190.—
952 2191 1135 2227 Locutio-

476 2261 569 2284 uem
589 2245 680 2298 βίου
696 2243 873 2298 δεόμενοι
890 2249 970 2297 'gNe
961 2248 1022 2283 rris
1036 2248 1135 2283 bene

480 2305 766 2368 interpretatur
794 2299 977 2354 χοηζοντε
962 2318 999 2349 ς
1055 2305 1135 2341 τῶν

482 2375 582 2411 προς
615 2356 719 2409 ζωήν
743 2354 968 2410 ἀναγκαίων
985 2388 994 2406 ,
1042 2366 1083 2395 ut
1104 2361 1132 2406 1,

483 2420 549 2457 30.
607 2418 649 2451 In
669 2416 841 2465 proxime
859 2427 1134 2466 seqq.1evoca-

483 2474 519 2508 vi
552 2469 735 2522 ε’ίγοντεςς
776 2483 852 2507 una
875 2471 1030 2518 Aldina,
1072 2471 1133 2507 cui

484 2527 728 2577 adstipulatur
754 2528 1015 2572 mox-eminus,
1038 2522 1135 2577 α’γα-

482 2580 629 2634 γόντες,
651 2582 753 2634 quod
769 2581 921 2623 Schaet'.
939 2590 974 2620 et
1001 2582 1133 2620 Manli.

484 2641 726 2676 retinuerunt.

541 2736 587 2776 τὰ
607 2739 796 2787 ποιέοιεν]
817 2741 892 2776 Pro
911 2737 958 2778 τὰ
978 2740 1136 2775 Floren-

486 2796 584 2831 tinus
607 2796 697 2831 liber
717 2794 825 2831 affert
847 2795 884 2834 τὶ
907 2803 941 2832 et
958 2808 1025 2846 pro
1046 2811 1137 2834 ποι-

489 2851 585 2890 έοιεν
615 2864 727 2902 prave
758 2850 821 2888 dat
848 2850 1020 2902 ποιέειν,
1064 2859 1136 2890 tres

1178 951 1239 987 alii
1255 949 1364 987 codd.
1379 948 1470 986 dant
1490 964 1526 988 τι
1542 947 1713 988 ποιέοιεν
1734 962 1831 985 unus

1178 1009 1272 1044 liber
1286 1020 1374 1044 cum
1386 1006 1560 1043 Choricio
1574 1007 1636 1042 Or.
1646 1008 1682 1041 in
1692 1018 1845 1046 summ„

1178 1067 1275 1101 Duc.
1298 1077 1331 1104 c.
1353 1066 1405 1102 <22
1425 1059 1466 1111 ’6,
1498 1077 1534 1101 τι
1555 1062 1740 1102 ποιέοιεν.

1239 1138 1293 1189 εἷς
1322 1141 1364 1182 δέ
1391 1143 1474 1190 τις]
1519 1140 1833 1178 Tritantaeclimem

1180 1200 1292 1236 fnisse
1325 1200 1521 1249 sequentia
1548 1197 1738 1235 declarare
1774 1198 1834 1233 vi-

1180 1256 1328 1293 dentur.
1376 1257 1420 1291 In
1445 1268 1552 1306 seqq.
1581 1267 1648 1305 pro
1687 1251 1834 1305 ἄγοιεν,

1181 1312 1286 1364 quod
1323 1318 1478 1348 tuentur
1505 1311 1698 1348 Mediceus
1726 1310 1834 1356 liber,

1181 1369 1443 1414 Florentinns,
1467 1369 1548 1415 alii,
1582 1364 1724 1418 ἄγουσι
1744 1365 1835 1402 dant

1183 1425 1339 1477 quidam
1367 1425 1464 1472 libri,
1496 1437 1573 1461 non
1596 1423 1835 1474 improbante
1875 1436 1878 1439 ’

1185 1480 1560 1530 Schweighaeusem.
1590 1479 1684 1516 Mihi
1705 1478 1836 1529 displi-

1183 1545 1253 1576 cet.
1312 1539 1387 1574 Pro
1413 1537 1595 1588 κείμενον
1618 1537 1710 1572 olim
1729 1536 1836 1585 lege-

1181 1595 1290 1631 batur
1300 1594 1572 1644 προκείμενον,
1583 1593 1727 1643 scriptis
1739 1603 1837 1642 quo-

1182 1664 1256 1703 que
1289 1651 1390 1686 libris
1420 1650 1567 1696 invitis,
1610 1650 1641 1685 si
1681 1646 1837 1699 quidem

1181 1707 1346 1758 simplex
1371 1709 1532 1744 κεῖσθαι
1557 1705 1671 1741 etiam
1703 1703 1838 1741 dicitnr

1184 1762 1231 1800 de
1252 1763 1427 1812 praemiis
1452 1764 1490 1798 in
1518 1762 1723 1798 certamine
1747 1773 1838 1811 pro-

1183 1821 1324 1870 positis.
1355 1819 1465 1856 Conf.
1482 1819 1580 1865 VIII,
1598 1819 1649 1858 93
1671 1825 1707 1853 et
1728 1816 1839 1853 adhi-

1184 1878 1231 1913 be
1258 1876 1433 1912 Creuzeri
1459 1881 1604 1912 annott.
1633 1873 1681 1910 ad
1701 1874 1839 1910 Plotin.

1185 1932 1232 1970 de
1254 1933 1398 1982 pulerit.
1415 1946 1452 1982 p.
1467 1930 1560 1981 324,
1590 1931 1655 1967 ubi
1671 1936 1842 1967 nostrum

1184 1990 1313 2026 Iocum
1333 1990 1466 2039 attigit.

1242 2065 1331 2119 περὶ
1353 2063 1440 2107 ότευ
1463 2062 1740 2117 ἀγωνίζονται]
1757 2065 1843 2100 Duo

1189 2123 1299 2161 codd.
1320 2123 1408 2175 περὶ
1430 2119 1539 2169 ότεω,
1562 2134 1656 2173 quos
1671 2120 1842 2157 debuisse

1188 2181 1349 2218 scribere
1378 2194 1468 2229 περι
1497 2174 1593 2230 ότεῳ
1615 2175 1737 2228 (quod
1758 2178 1842 2212 Ho-

1188 2237 1284 2273 meri
1315 2248 1364 2271 ex
1391 2247 1461 2271 usu
1490 2232 1594 2269 idem
1620 2233 1698 2269 fere.
1729 2239 1844 2284 atque

1188 2289 1289 2341 ὑπὲρ
1323 2287 1434 2337 ότου,
1484 2288 1614 2339 Odyss.
1653 2290 1710 2336 11,
1749 2288 1841 2329 245.

1188 2348 1308 2393 XVII,
1328 2345 1421 2386 471.
1443 2347 1578 2393 XVIII,
1592 2345 1704 2393 402),
1721 2356 1844 2381 anno-

1188 2411 1241 2440 tat
1269 2401 1616 2451 Schweighaeuser.
1655 2402 1721 2439 Tu
1741 2400 1843 2441 conf.

1189 2458 1236 2496 de
1269 2459 1390 2495 forma
1419 2455 1506 2498 ὅτευ
1540 2464 1636 2495 nott.
1669 2456 1718 2495 ad
1743 2459 1772 2505 I,
1801 2460 1842 2498 7.

1188 2515 1249 2552 Ad
1271 2514 1515 2552 indicativum
1537 2510 1842 2566 ἄγωνίζονταιίιι

1188 2573 1253 2609 tali
1279 2572 1570 2621 interrogatione
1594 2569 1694 2607 cons.
1726 2570 1770 2616 V,
1801 2571 1841 2609 6.

1189 2626 1387 2675 x'111,134‚
1408 2641 1457 2663 ne
1476 2628 1594 2677 plura.
1624 2625 1734 2672 Quod
1752 2638 1843 2662 vero

1190 2686 1229 2720 in
1250 2685 1420 2734 proxime
1440 2696 1543 2735 seqq.
1563 2695 1630 2733 pro
1651 2679 1719 2722 τὸν
1737 2678 1844 2720 διδό-

1191 2755 1311 2791 μενον
1332 2739 1526 2788 στὲφανον
1547 2737 1726 2776 Valcken.
1748 2751 1842 2774 con-

1191 2799 1277 2834 iecit
1302 2793 1369 2834 τὸν
1401 2791 1600 2849 ᾀδόμενον
1632 2793 1840 2843 στέφανον,

1192 2864 1374 2890 coronam
1392 2852 1490 2890 iilam
1509 2858 1726 2903 poetarum,
1746 2852 1842 2888 Piu-
