1996 3238
195 1420 245 1448 Ari
248 1420 284 1448 sti
289 1420 315 1448 di
308 1430 332 1448 ιε

193 1454 319 1489 insignia

528 253 610 292 130
923 251 1385 289 HERODOTI

497 360 681 403 Βθίοισι.
738 360 841 415 τῇδε
869 360 915 403 δὲ
944 359 1265 415 συμβάλλονται
1295 357 1406 403 εἶναι
1441 363 1565 402 θεῖον
1593 358 1641 402 τό
1672 363 1788 416 πρῆ-

526 441 639 482 γμα·
687 426 746 476 ὥς
790 427 874 482 γάρ
906 426 1042 483 ἀγχοῦ
1069 427 1273 482 γενέσθαι
1301 432 1387 470 τῶν
1418 431 1537 483 νηῶν
1569 426 1670 477 τούς
1698 425 1784 470 ἀπὸ
1797 434 1843 469 9ο

527 496 608 537 τοῦ
636 492 824 549 κέλητος,
855 496 994 550 λέγειν
1024 496 1146 538 τάδε·
1180 494 1456 549 ,,Ἀδείμαντε,
1488 494 1542 537 σὺ
1571 495 1650 549 μὲν
1679 492 1786 538 ἄπο-

527 560 741 615 ,,στρέψας
769 562 844 613 τὰς
872 567 992 614 ναῦς,
1024 564 1064 614 ἐς
1085 562 1232 619 φυγήν
1253 563 1451 618 ὥρμησαι
1481 560 1787 615 καταπροδούς

529 628 662 681 „tofis
687 628 920 686 “Eanag·
963 632 1005 673 οἱ
1033 630 1078 674 δὲ
1107 631 1180 674 καὶ
1209 629 1261 685 δὴ
1301 634 1477 682 νικῶσι,
1523 629 1630 674 ὅσον
1663 627 1787 672 αὐτοὶ

498 697 727 753 4,,ἠρῶντο
758 696 1041 752 ἐπικρατῆσαι
1070 702 1159 740 τῶν
1197 697 1412 752 ἐχθρῶν.“
1470 702 1605 741 ταῦτα
1642 696 1843 752 aych-95

525 781 626 817 των,
649 763 863 808 ἀπιστέειν
893 764 976 818 γὰρ
1007 764 1085 808 τόν
1110 763 1415 820 Ἀδείμαντον,
1446 760 1568 816 αὖτις
1595 764 1696 809 τάδε
1721 764 1786 808 λέ-

525 849 639 888 γειν,
670 831 728 883 ὠς
758 830 912 884 „athei
943 830 1030 875 οἷοί
1058 848 1101 875 τε
1134 831 1219 875 εἶεν
1249 831 1455 887 ἀγόμενοι
1482 833 1638 888 ὅμηροι
1677 830 1786 876 ἄπο-

525 898 774 956 ,,θνη’σκειν,
805 898 861 954 ἢν
889 900 947 954 μὴ
977 904 1183 950 νικῶντες
1214 901 1459 955 φαίνωνται
1481 899 1784 957 οῐ“Έλληνες.“

496 967 645 1010 δοῦτω
676 966 728 1022 δὴ
760 965 1090 1020 αποστρέψαντα
1119 967 1199 1023 τὴν
1226 971 1322 1023 νῆα,
1354 967 1492 1012 αὐτόν
1519 984 1564 1011 τε
1583 968 1656 1011 καὶ
1682 968 1786 1019 τούς

525 1034 698 1086 α’λλους,
739 1033 800 1076 ἐπ’
842 1034 1186 1090 ἐξεργασμένοισι
1214 1035 1357 1078 ἐλθεῖν
1387 1036 1430 1087 ἐς
1460 1035 1508 1079 τὸ
1550 1035 1786 1089 στρατόπε-

494 1104 615 1146 6δον.
680 1100 876 1152 Τούτους
906 1102 985 1157 μὲν
1014 1101 1192 1159 τοιαύτη
1223 1103 1351 1158 φάτις
1372 1104 1455 1159 ἔχει
1475 1102 1562 1147 ὑπὸ
1588 1102 1784 1159 Ἀθηναί-

526 1187 601 1213 ων.
663 1167 718 1213 οὕ
756 1168 901 1224 μέντοι
954 1168 1081 1213 αὐτοί
1124 1186 1171 1226 γε
1212 1172 1451 1224 Κορίνθιοι
1478 1169 1809 1226 ὁμολογέουσι,1

523 1235 611 1280 αλλ’
652 1236 699 1280 ἐν
726 1236 933 1292 πρώτοισι
972 1237 1108 1293 σφέας
1139 1236 1300 1290 αὐτοὺς
1328 1256 1404 1293 της
1443 1241 1683 1294 ναυμαχίης
1709 1254 1784 1281 νο-

525 1306 696 1361 μίζουσι
725 1305 948 1360 γενέσθαι”
982 1310 1195 1360 μαρτυρεῖ
1222 1307 1266 1349 δέ
1299 1319 1378 1363 σφι
1406 1307 1479 1350 καὶ
1500 1305 1527 1363 ἡ
1559 1306 1665 1362 α’λλη
1690 1303 1783 1348 Ἑλ·-

394 1355 461 1403 95
523 1372 613 1423 λα’ς.
667 1372 927 1430 Ἀριστείδης
956 1373 1001 1416 δὲ
1035 1372 1058 1417 ὁ
1089 1373 1357 1429 Λυσιμάχου,
1395 1373 1504 1431 ἀνὴρ
1540 1373 1783 1430 Ἀθηναῖος,

363 1423 468 1484 059ίέ.
524 1442 605 1483 τοῦ
640 1440 714 1483 καὶ
742 1440 873 1500 ὀλίγῳ
903 1458 943 1485 τι
973 1440 1188 1499 πρότερον
1216 1443 1382 1486 τούτων
1415 1441 1690 1499 ἐπεμνήσθην
1719 1439 1810 1492 ὠςὸ

522 1652 640 1688 θεῖον
670 1645 713 1688 τὸ
733 1647 914 1700 πρῆγμα]
945 1649 1120 1699 Respon-

466 1704 531 1743 det
569 1704 642 1742 hoc
680 1707 856 1756 proxime
894 1706 1120 1755 praegressis

463 1762 557 1815 θείῃ
595 1764 749 1816 πομπῇ.
814 1763 911 1798 Nam
951 1761 1122 1798 divinitus

466 1817 559 1870 quid
579 1818 755 1855 accidisse
776 1818 972 1868 putabant.
1006 1816 1120 1854 Haud

464 1876 572 1911 aliter
606 1876 740 1912 Noster
767 1876 821 1921 11,
855 1876 922 1914 66.
949 1874 1020 1922 VI,
1054 1876 1119 1914 69.

464 1932 555 1979 VII,
590 1934 682 1972 137.
725 1930 786 1967 Ad
804 1931 920 1968 verba
950 1929 1002 1976 ὥς
1031 1927 1120 1982 γάρ..

467 1984 593 2039 ἆγχοῦ
620 1986 807 2040 γενέσθαι
835 2002 872 2026 κ.
895 2002 928 2026 τ.
953 1989 987 2026 λ.
1019 1988 1120 2026 conf.

466 2042 600 2081 Mauh.
622 2046 687 2081 Gr.
709 2045 776 2082 Gr.
798 2046 834 2090 ξ.
857 2042 937 2083 596
956 2071 965 2087 ,
990 2043 1013 2079 b
1033 2056 1121 2094 pag.

469 2102 589 2141 1193.
647 2097 740 2147 τούς
764 2095 843 2140 ἀπὸ
872 2101 943 2137 τοῦ
961 2098 1122 2150 κέλητος

465 2164 555 2193 nota
594 2155 690 2194 dixit
724 2157 1022 2207 breviloquentia
1051 2169 1119 2207 pro

465 2209 561 2260 τούς
589 2213 633 2253 ἐν
655 2215 709 2267 τῷ
725 2213 855 2264 κέλητι
880 2212 922 2250 ἐκ
951 2215 1025 2251 τοῦ
1059 2212 1120 2251 κε’-

463 2272 579 2320 λητος
608 2267 755 2322 λέγεινε
791 2272 854 2320 qui
876 2271 913 2306 in
933 2271 1018 2305 navi
1030 2269 1120 2319 fue-

462 2329 558 2375 rint,
583 2339 637 2364 eos
661 2327 744 2363 inde
764 2327 847 2363 haec
865 2325 994 2375 secisse
1015 2326 1118 2362 verba

461 2381 529 2429 (ad
552 2383 644 2430 eos).
700 2384 820 2433 Attigi
847 2382 896 2419 ad
923 2381 1012 2429 Vll,
1052 2383 1118 2422 93-

461 2438 536 2486 IV,
570 2439 664 2480 145

521 2565 574 2597 ως
595 2546 709 2590 αυτοὶ
739 2545 820 2589 οἷοί
841 2564 881 2589 τε
910 2546 987 2589 εἷεν
1021 2545 1117 2603 αγό-

464 2620 576 2656 μενοι
624 2603 768 2656 όμηροι
819 2602 1114 2656 αποθνήσκειν]

463 2663 488 2698 ἰ.
520 2676 553 2699 e.
584 2676 618 2699 se
651 2664 737 2700 velle
772 2676 802 2699 s.
847 2667 991 2712 paratos
1025 2676 1114 2708 esse,

462 2722 631 2768 tanquam
651 2719 782 2756 obsedes
800 2720 967 2756 abducens
990 2720 1048 2756 vel
1069 2720 1116 2756 ad

463 2779 602 2812 mortem
618 2789 648 2811 s.
668 2776 873 2824 supplicium
889 2777 1113 2814 subeundam.

462 2831 535 2869 Ubi
564 2832 603 2869 iu
631 2832 746 2870 verbo
782 2831 908 2870 medio
945 2829 1112 2885 ἄγεσθαι

1179 1661 1222 1685 ea
1242 1649 1297 1687 vis
1317 1649 1435 1698 inest,
1469 1661 1585 1700 quam
1605 1660 1674 1684 nos
1693 1646 1745 1683 ita
1766 1658 1837 1682 ex-

1176 1707 1397 1756 primimus:
1442 1706 1516 1742 sich
1540 1705 1673 1754 siilaren
1707 1703 1837 1741 lassen.

1385 1795 1477 1846 cap.
1506 1794 1623 1832 XCV.

1234 1868 1353 1926 ὀλίγῳ
1391 1889 1429 1914 τι
1457 1868 1688 1925 πρότερον]
1749 1870 1837 1908 vid.

1176 1931 1283 1975 VIII,
1319 1932 1384 1971 79.
1443 1932 1486 1966 ln
1519 1928 1710 1967 Saum-esti
1748 1927 1835 1965 cod.

1177 1994 1297 2024 exstat
1318 1982 1462 2038 ὀλίγον.
1486 2009 1534 2015 —
1572 1988 1630 2023 De
1651 1984 1835 2034 Psyttalia

1176 2045 1298 2081 insula
1330 2044 1406 2080 vid.
1439 2049 1534 2080 nott.
1560 2042 1608 2079 ad
1637 2042 1748 2089 vm,
1780 2042 1834 2081 76

1177 2108 1214 2137 et
1235 2100 1282 2137 ad
1303 2095 1477 2152 οἷπέβησε
1498 2100 1598 2136 conf.
1616 2096 1753 2136 Matth.
1766 2098 1833 2135 Gr.

1177 2158 1241 2194 Gr.
1271 2158 1308 2203 §.
1337 2159 1440 2205 226,
1469 2159 1496 2196 2
1517 2169 1604 2208 pag.
1625 2154 1716 2196 439.
1773 2155 1832 2190 De

1176 2220 1401 2263 argumento
1444 2213 1545 2249 conf.
1593 2213 1756 2248 Pausau.
1800 2211 1831 2256 I,

1176 2271 1296 2315 36§.
1332 2267 1677 2310 2.P1ut.Aristid.
1715 2268 1830 2317 cp.9

1174 2338 1260 2376 pag.
1285 2327 1364 2364 323
1382 2326 1452 2369 F„
1481 2325 1546 2361 ubi
1566 2321 1831 2374 τουςπροθυ-

1175 2377 1370 2431 μοτάτους
1416 2380 1483 2420 καὶ
1530 2376 1830 2432 μαχιμωτάτους

1173 2440 1253 2476 τῶν
1285 2439 1462 2476 πολιτων
1503 2436 1621 2489 (quod
1649 2438 1688 2472 in
1715 2433 1830 2475 οπλι-

1173 2496 1255 2532 τῶν
1274 2495 1412 2530 mutari
1436 2494 1553 2530 voluit
1574 2495 1758 2544 Bryanm,
1780 2490 1829 2528 ad

1174 2549 1389 2587 Herodotea
1418 2546 1588 2596 πολλούς
1614 2551 1692 2588 τῶν
1719 2546 1830 2588 ὁπλι-

1171 2610 1251 2645 τῶν
1280 2607 1496 2657 respiciens)
1529 2606 1741 2643 assumsisse
1770 2603 1831 2641 di-

1171 2665 1280 2701 citur.
1337 2664 1371 2699 A
1405 2664 1526 2700 Persis
1565 2663 1653 2713 ipsis
1689 2661 1829 2698 multos

1171 2722 1269 2757 viros
1290 2720 1327 2755 in
1348 2720 1509 2755 insulam
1530 2719 1726 2754 translatos
1750 2730 1829 2754 esse

1171 2777 1249 2826 ipse
1294 2774 1418 2826 prodit
1466 2773 1679 2811 Herodotus
1726 2774 1826 2822 vm,

1170 2835 1243 2874 76:
1278 2844 1373 2885 quos
1393 2830 1596 2869 trucidatos
1620 2831 1826 2884 conqueri-
