1879 3222
539 187 1005 225 CALLIOPE.

1064 189 1081 224 1
1096 188 1148 229 X.
1392 187 1475 227 217

218 313 326 349 των,
357 295 587 352 Παυσανίῃ
619 297 681 351 τῷ
712 294 1024 349 Κλεομβρότου
1055 294 1356 350 ἐπιτρέψαντες
1386 295 1474 348 ἐξά-

190 372 323 421 Ξγειν.

379 362 567 417 Ἐγένετο
595 361 673 416 μέν
691 378 776 405 νυν
799 361 824 417 ἡ
847 361 1051 417 ἡγεμονίη
1075 364 1372 443 Πλειστάρχου
1393 365 1474 406 τοῦ

222 432 467 474 Λεωνίδεω·
499 429 586 472 ἀλλ’
606 428 628 472 6
660 445 739 485 μεν
767 432 823 485 ἠν
842 429 901 472 ἑτι
931 435 1055 480 παῖς,
1074 429 1097 472 ὁ
1129 432 1174 474 δὲ
1196 432 1356 476 τούτου
1385 431 1474 474 ἐπί-

191 496 382 552 3τροπός
411 514 456 541 τε
489 499 561 541 καὶ
592 495 783 548 ἀνεψιός.

844 497 1148 552 Κλεόμβροτος
1168 500 1252 553 γάρ
1268 532 1279 550 ,
1310 499 1333 542 6
1356 503 1476 541 Παυ-

220 567 374 609 σανίεω
415 566 490 622 μὲν
527 565 670 620 πατήρ
708 563 1046 619 Ἀναξανδρίδεω
1078 565 1123 608 δὲ
1163 572 1286 618 παῖς,
1331 565 1476 609 οὐκέτι

216 637 396 689 περιῆν·
426 632 532 676 ἄλλα
567 632 806 689 ἀπαγαγών
837 633 883 676 έκ
911 637 992 676 τοῦ
1020 632 1198 688 Ἰσθμοῦ
1234 633 1313 688 τήν
1344 645 1474 687 στρα-
1488 637 1532 674 45

221 701 318 756 τιὴν
347 701 428 758 τὴν
457 703 505 745 τὸ
528 708 666 757 τεῖχος
696 702 923 756 δείμασαν,
953 702 1057 756 μετὰ
1078 705 1216 744 ταῦτα
1237 700 1292 744 ου’
1311 702 1477 744 πολλὸν

189 767 383 824 4χρόνον
411 769 509 813 τινὰ
530 770 657 826 βιούς
688 768 892 812 ἀπέθανε.
936 767 1070 824 ἀπῆγε
1101 770 1146 813 δὲ
1175 769 1255 825 τὴν
1274 767 1478 823 στρατιήν

220 837 243 881 6
275 838 584 894 Κλεόμβροτος
614 839 660 881 ἐκ
691 842 770 880 τοῦ
797 837 980 893 Ἰσθμοῦ
1011 835 1082 880 διὰ
1112 836 1233 879 τόδε·

1267 835 1476 892 θυομένῳ

217 922 259 948 οι
287 905 354 948 ἐπι
385 911 444 962 τῷ
476 906 639 963 Πέρσῃ
667 903 824 960 ὁῆλιος
855 904 1099 960 ἀμαυρώθη
1130 904 1177 948 έν
1197 908 1258 960 τῷ
1282 903 1474 960 ου’ρανῷ.

189 974 526 1055 5προσαιρέεται
545 974 625 1018 δὲ
607 977 753 1030 εωυτῷ
780 975 1035 1029 Παυσανίης
1055 970 1369 1027 Εὐρυάνακτα,
1400 971 1477 1014 τὸν
1489 978 1535 1012 50

161 1104 182 1125 e
200 1092 268 1138 IX,
296 1093 348 1132 28
370 1089 445 1129 huc
461 1092 561 1128 male
583 1091 819 1141 tiansposita.

161 1147 288 1192 Quum
326 1162 417 1186 vero
446 1150 485 1184 in
520 1148 673 1199 reliquis
698 1146 820 1184 adsint

160 1203 284 1251 codd„
306 1218 377 1242 nec
399 1206 476 1242 ulla
497 1212 677 1255 appareat
694 1217 818 1252 causa,

159 1274 228 1298 cur
252 1259 325 1298 hoc
357 1275 512 1314 quoque
532 1262 615 1298 loco
632 1263 694 1298 illa
715 1274 818 1298 com-

158 1316 274 1354 mode
322 1318 411 1355 addi
465 1317 570 1355 haud
614 1320 819 1369 potuerint,

160 1374 340 1424 equidem
353 1374 668 1425 cumSchweigh.
683 1373 818 1426 (quem

159 1431 295 1482 reliqui
328 1431 415 1469 edd.
447 1433 561 1468 etiam
595 1433 730 1468 merito
757 1445 819 1467 se-

160 1489 237 1524 cuti
260 1488 363 1539 sunt)
380 1502 422 1525 ea
440 1489 577 1526 retinui
597 1495 815 1536 annotante,

159 1545 271 1581 scribi
299 1558 452 1597 quoque
483 1559 593 1596 posse
625 1543 816 1584 εἷλωτέων

160 1613 182 1637 3
208 1613 302 1637 voce
333 1599 494 1652 εἱλώτης
529 1602 619 1649 (ΙΧ,
657 1603 721 1641 28.
750 1601 815 1649 VJ,

159 1657 225 1697 58.
250 1657 316 1698 75.
349 1660 433 1706 80),
464 1670 699 1710 quamquam
723 1658 819 1694 alte-

158 1726 198 1748 ra
235 1715 349 1750 etiam
372 1715 496 1751 forma
526 1713 549 1754 6
576 1711 686 1761 εἷλώς
710 1714 819 1752 inve-

158 1771 262 1806 nitur
293 1771 380 1818 VII,
410 1773 505 1812 229.
534 1772 605 1819 VI,
646 1773 713 1812 81.
760 1772 820 1807 De.

159 1826 246 1876 ipsis
267 1828 424 1864 Hellotis
442 1828 647 1878 Spartanos
671 1826 719 1863 ad
740 1828 820 1864 bel-

160 1883 242 1918 lum
278 1885 556 1934 proficiscentes
603 1885 821 1921 comitanti-

162 1938 232 1975 bus
259 1941 359 1977 conf.
389 1948 483 1978 nott.
519 1940 567 1977 ad
593 1942 682 1988 VII,
714 1943 817 1980 202:

164 1994 281 2046 qua'm
324 1997 363 2032 in
411 2010 491 2033 rem
524 1996 820 2034 Valckenaerius

164 2064 319 2103 quoque
356 2051 464 2089 affert
492 2051 713 2104 Thucydid.
756 2053 820 2100 IV,

162 2110 229 2147 80-
260 2109 304 2155 V,
328 2108 393 2148 57.
419 2108 483 2150 64.
514 2110 600 2155 VII,
628 2110 691 2148 19.
723 2108 822 2144 Cum

162 2163 356 2201 Herodoto
384 2167 560 2202 convenit
590 2166 690 2202 Plut.
707 2165 822 2202 Arist.

165 2222 231 2261 10.
248 2222 266 2256 Ῑ
285 2235 323 2272 p.
336 2221 415 2262 325
437 2223 522 2258 coll.
543 2222 577 2257 11
591 2236 627 2272 p.
642 2223 717 2262 871
738 2223 783 2259 Ε.

219 2276 520 2329 ἐπιτρέψαντες]
548 2281 604 2315 Ita
633 2292 653 2314 e
675 2276 822 2314 duobus

164 2332 276 2371 cedd.
294 2333 411 2372 edidit
429 2336 660 2385 VVesseling,
688 2335 822 2371 confe-

163 2401 251 2428 rens
277 2392 352 2439 111,
390 2391 483 2432 155.
522 2393 611 2439 Vll,
652 2391 719 2431 52.
775 2392 820 2426 Iu

163 2447 384 2484 Florentino
403 2449 558 2499 aliisque
585 2454 705 2485 exstat
735 2446 822 2487 ἐπι-

163 2503 362 2551 τάξαντες.
439 2503 822 2555 Schweighaeuserus

165 2572 254 2596 cum
291 2560 471 2598 Schulzio
503 2562 633 2597 mallet
668 2559 823 2610 ἐπέτρε-

165 2624 272 2663 ψαν;
305 2631 540 2669 quamquam
565 2617 681 2654 verbo
714 2616 822 2654 finito

166 2672 232 2709 vix
271 2686 365 2725 opus
396 2674 546 2712 videtur
578 2675 618 2710 in
653 2674 823 2710 oratione

167 2729 396 2772 Herodotea.
453 2733 529 2768 Pro
566 2731 718 2779 vulgata
747 2729 824 2781 ἐγί-

170 2798 280 2836 νετο,
306 2800 421 2840 quam
446 2795 531 2840 post
546 2785 738 2826 Schaefer.
761 2793 825 2824 tu-

877 1097 988 1127 entur
1002 1087 1137 1126 Matth.
1155 1096 1192 1126 et
1206 1088 1398 1136 Bekker„
1424 1088 1535 1140 equi-

877 1147 965 1184 dem
982 1160 1068 1184 cum
1092 1147 1244 1199 reliquis
1266 1145 1353 1183 dedi
1371 1144 1534 1197 ἐγένετο,

876 1218 897 1241 3
916 1204 1133 1240 Florentino
1150 1231 1166 1249 ,
1200 1203 1391 1241 Sancrofti
1426 1203 1534 1250 libro,

876 1262 955 1298 aliis
978 1261 1146 1297 allatum.

932 1313 1140 1366 ἐπίτροπός
1172 1330 1212 1354 τε
1242 1313 1308 1355 καὶ
1348 1309 1534 1364 οἷνεψιός]

875 1373 986 1419 Quod
1015 1372 1119 1410 idem
1159 1373 1252 1409 olim
1294 1372 1334 1407 in
1356 1371 1535 1422 Lycurgo

874 1431 1098 1477 obtinuisse,
1122 1427 1300 1466 discimus
1323 1441 1371 1464 ex
1392 1426 1536 1469 Herod,

871 1489 901 1536 I,
919 1487 986 1528 65.
999 1487 1238 1524 Successerat
1257 1486 1439 1521 nimirum
1453 1485 1537 1521 Pli-

873 1551 1032 1581 stoanax
1066 1541 1297 1589 Plistarcho‚
1337 1543 1402 1593 qui
1425 1541 1536 1590 regni

873 1602 980 1637 initio
1002 1600 1156 1637 abierat.
1187 1598 1273 1640 vid.
1289 1599 1454 1634 Pausan.
1468 1599 1535 1646 111,

875 1657 901 1698 5
924 1658 961 1702 ξ.
985 1659 1003 1696 1
1030 1657 1115 1694 coll.
1133 1657 1200 1704 111,
1226 1655 1251 1694 4
1274 1656 1310 1700 ξ.
1336 1658 1377 1696 7.
1402 1676 1450 1682 —-
1477 1655 1537 1690 De

879 1713 1089 1751 Cleombroto
1116 1712 1192 1750 vid.
1217 1713 1325 1759 VIII,
1355 1714 1422 1752 71.
1477 1712 1538 1747 De

876 1783 947 1807 usn
977 1770 1166 1821 participii
1199 1766 1390 1822 θυομένῳ
1409 1780 1534 1819 expo-

877 1829 950 1864 suit
969 1825 1102 1863 matth.
1126 1828 1192 1863 Gr.
1216 1827 1282 1864 Gr.
1309 1825 1346 1870 ξ.
1369 1826 1450 1865 388
1466 1854 1475 1872 ,
1502 1838 1538 1862 c.

877 1897 915 1934 p.
937 1887 1014 1924 711
1039 1890 1075 1920 et
1091 1884 1128 1928 ξ.
1148 1884 1240 1928 562,
1260 1885 1285 1922 2
1305 1893 1392 1932 pag.
1417 1883 1537 1927 1109,

878 1942 943 1992 qui
969 1939 1071 1976 idem
1100 1942 1136 1986 ξ.
1155 1939 1236 1979 585
1263 1938 1329 1974 fln-
1362 1951 1400 1988 p-
1429 1939 1538 1977 1166

877 1998 1094 2033 consulatur
1122 1996 1168 2032 de
1188 2008 1259 2032 usu
1288 1994 1540 2046 praepositio-

877 2055 937 2089 nis
952 2051 1014 2091 ἐπὶ
1034 2054 1073 2088 in
1093 2052 1251 2089 verbis'
1235 2051 1299 2091 επὶ
1311 2053 1367 2104 τῷ
1386 2048 1537 2102 Πέρσῃ,

879 2109 1106 2160 quibuscum
1141 2107 1241 2144 conf.
1263 2108 1319 2154 V,
1351 2105 1424 2152 44,
1448 2105 1538 2143 ubi.

878 2164 1067 2216 θυομένῳ
1087 2162 1151 2203 ἐπὶ
1172 2158 1381 2214 Κρότωνα.

937 2219 959 2260 6
995 2217 1107 2270 ’ἥλιος
1140 2215 1366 2270 ἀμαυρώθη
1411 2216 1454 2256 ἒν
1481 2218 1540 2271 τῷ

880 2272 1056 2330 ου’ρανώ]
1067 2277 1195 2314 Refert
1207 2278 1381 2312 petavius
1391 2259 1535 2327 (Doctr.

878 2335 1048 2384 Tempp.
1087 2335 1147 2383 X,
1187 2334 1259 2379 25)
1301 2332 1403 2369 huuc
1450 2331 1538 2368 solis

879 2389 1072 2427 defectum
1117 2389 1164 2427 ad
1201 2390 1362 2426 alterum
1397 2388 1538 2424 mensis

881 2448 1035 2484 Octobr.
1068 2446 1170 2484 diem
1205 2447 1295 2482 anni
1327 2447 1429 2492 480,
1460 2456 1536 2496 quo

879 2503 941 2541 die
985 2503 1033 2540 ad
1080 2504 1276 2540 Salamiua
1323 2508 1538 2552 pugnatum

879 2573 958 2597 esse
980 2561 1193 2611 accepimus
1218 2566 1255 2595 et
1280 2557 1435 2610 quidem
1464 2556 1547 2594 ho-·

877 2630 920 2653 ra
938 2629 1015 2652 una
1037 2623 1073 2652 et
1098 2617 1249 2653 alterius
1277 2613 1433 2652 dimidio
1453 2619 1538 2665 post

878 2672 1015 2710 horam
1044 2671 1233 2710 decimam
1265 2672 1536 2723 praeterlapsis.

880 2730 1004 2775 Quem
1016 2743 1106 2766 vero
1117 2727 1327 2766 Larcherus
1339 2729 1539 2774 consuluit,

881 2786 1025 2838 Pingre
1057 2787 1175 2827 Paris.
1205 2785 1436 2824 Academiae
1471 2783 1543 2822 ad-
