1996 3238
7 401 10 440 ³
51 433 152 479 127

4 1031 5 1036 ¹
49 980 151 1027 128
205 980 380 1020 λυνθον
410 975 644 1027 Χαλκιδέες
678 975 817 1031 ἔσχον.
871 972 1051 1027 Ἐξελών
1073 974 1120 1018 δὲ
1149 971 1313 1029 ταύτην
1343 971 1367 1015 ὁ
1386 969 1480 1026 Ἀρ-

3 1042 8 1060 ³
212 1044 413 1102 τάβαζος,
442 1048 498 1101 τῇ
525 1045 742 1101 Ποτιδαίῃ
773 1042 1062 1098 ἐντεταμένως
1090 1046 1301 1097 προσεῖχε.
1338 1056 1396 1094 πρ

213 1130 336 1171 χοντι
357 1113 404 1157 δέ
433 1114 477 1156 οἱ
505 1112 752 1168 προθύμως
781 1114 1033 1156 συντίθεται
1071 1112 1316 1166 προδοσίην
1354 1106 1483 1164 Τιμό-

605 178 940 216 URANIA
998 178 1124 216 VIII.

1398 175 1484 218 175

217 307 310 347 γων
341 290 389 335 ἐκ
417 291 685 345 Σαλαμῖνος,
714 286 762 330 ἐκ
796 289 878 329 τοῦ
897 290 1094 342 φανεροῦ
1122 283 1366 331 ἀπέστασαν
1394 283 1483 330 ἀπὸ
1496 293 1540 329 15

218 364 308 403 τῶν
335 358 597 414 βαρβάρων·
631 355 689 408 ὥς
719 356 765 401 δὲ
793 356 868 400 καὶ
902 349 1036 400 ὧλλοι
1067 357 1110 400 οἱ
1131 355 1212 413 τὴν
1244 353 1484 412 Παλλήνην

218 426 395 484 ἔχοντες.
451 423 670 469 Ἐνθαῦτα
700 424 753 482 δή
787 424 810 469 ὁ
836 423 1095 481 Ἀρτάβαζος
1123 424 1370 479 ἐπολιόρκεε
1403 423 1483 480 τὴν

220 495 474 551 Ποτιδαίην.

1538 426 1818 463 Primumolynthii,

541 493 836 545 Ὺποπτεύσας
878 495 924 538 δὲ
963 493 1036 537 καὶ
1075 492 1179 544 τούς
1221 492 1483 545 Ὀλυνθίους
1539 448 1819 570 ῐῖοἶᾱείζέῐζὲἕι

216 562 485 607 ἀπίστασθαι
531 563 617 608 ἀπὸ
657 562 886 618 βασιλέος,
926 561 999 606 καὶ
1027 559 1192 618 ταύτην
1220 561 1482 617 ἐπολιόρκεε.
1541 550 1820 627 gssffiglffgnffifl?

213 629 330 688 εἶχον
360 633 406 676 δὲ
441 630 581 689 αὐτήν
603 635 840 686 Βοττιαῖοι,
873 631 917 674 οἱ
945 630 993 675 ἐκ
1012 633 1096 674 τοῦ
1130 631 1352 685 Θερμαίου
1382 628 1485 674 κόλ-
1497 637 1542 671 ΞΟ

186 705 311 752 Ξζπου
342 700 650 753 ἐξαναστάντες
679 699 766 745 ὑπὸ
797 698 1085 743 Μακεδόνων.
1142 699 1232 742 ἐπεὶ
1275 697 1320 741 δέ
1352 709 1490 752 σφεας

216 767 301 814 εἷλε
338 771 635 825 πολιορκέων,
676 768 919 825 κατέσφαξε
967 766 1190 824 ἐξαγαγών
1229 766 1272 818 ἐς
1310 768 1492 822 λίμνην·

214 838 296 896 τήν
323 838 370 883 δὲ
400 838 529 882 πόλιν
555 839 796 893 παραδιδοῖ
822 835 1112 896 Κριτοβούλῳ
1135 836 1374 894 Τορωναίῳ
1407 834 1492 877 ἐπι-

217 906 470 961 τροπεύειν,
508 908 583 951 καὶ
620 911 681 965 τῷ
709 907 960 962 Χαλκιδικῷ
987 905 1114 962 γένεϊ.
1162 905 1234 949 καὶ
1265 902 1381 947 οὕτω
1413 901 1491 945 '‘0-

216 1184 375 1236 ξεινος,
431 1180 455 1225 ὁ
495 1186 586 1226 τῶν
628 1183 891 1226 Σκιωναίων
915 1180 1183 1266 5amat-›nnig‘
1224 1178 1377 1222 ὅντινα
1408 1175 1488 1232 μὲν

215 1251 385 1305 τρόπον
414 1247 574 1306 α’ρχὴν,
619 1251 750 1307 ἔγωγε
785 1267 869 1294 ουκ
912 1250 993 1306 ἔχω
1028 1251 1186 1299 εἰπεῖν,
1220 1264 1274 1291 ου
1306 1247 1391 1302 γὰρ
1425 1259 1490 1287 ων

185 1319 403 1376 Ξλέγεται·
435 1319 556 1371 τέλος
586 1320 735 1375 μέντοι
762 1318 909 1363 τοιάδε
939 1319 1115 1374 ἐγίνετο.
1156 1316 1269 1367 ὅκως
1298 1314 1483 1371 βυβλίον
1498 1318 1545 1353 30

215 1389 394 1446 γράψειε
423 1387 452 1444 ἢ
472 1387 735 1444 Τιμόξεινος,
767 1388 930 1433 ἐθέλων
951 1387 1071 1444 παρὰ
1095 1384 1363 1442 Ἀρτάβαζον
1382 1381 1487 1438 πέμ-

216 1599 260 1640 ἒκ
275 1601 349 1638 τοῦ
374 1597 572 1648 φανεροῦ]
595 1597 621 1635 i.
644 1611 676 1635 e.
692 1601 822 1649 aperte,

159 1664 202 1695 ut
232 1658 302 1704 IX,
337 1658 373 1696 1.
405 1655 516 1696 Co¹..1f
548 1657 626 1692 citt.
666 1655 715 1692 ad
756 1656 822 1703 ΠΙ,

162 1714 255 1755 150.
285 1712 347 1751 Ad
375 1713 577 1764 particulas
598 1709 654 1760 ὡς
684 1709 728 1752 δὲ
755 1711 824 1752 καὶ

157 1770 235 1810 vid.
255 1772 322 1820 111,
347 1773 412 1811 13·

329 1827 421 1878 Cap.
457 1827 650 1864 CXXVII

218 1901 237 1925 ο
255 1880 520 1936 Ἀρταβαζος]
551 1884 769 1921 Articulum
802 1881 826 1923 ὁ

161 1955 183 1978 e
201 1942 367 1979 Florent.
400 1940 521 1978 adieci
537 1955 626 1978 cum
637 1939 822 1991 Schwgh.

162 2005 199 2035 et
219 1998 336 2036 Gaisf.
356 1999 509 2049 Reliqui
530 1999 751 2036 omiserunt.
768 2018 819 2026 —

160 2057 219 2092 De
243 2055 426 2105 Olynthiis
447 2053 524 2090 vid.
553 2062 650 2092 nott.
671 2053 720 2090 ad
739 2055 821 2101 VII,

165 2114 264 2159 1223
295 2111 342 2148 de
362 2111 539 2149 Bottiaei-2
559 2118 654 2148 nott.
676 2110 724 2147 ad
739 2111 820 2158 Vll,

162 2171 240 2209 123
264 2175 300 2206 et
321 2168 368 2205 de
393 2169 600 2205 Thermaico
628 2171 713 2205 sinu
724 2174 822 2204 nott.

157 2225 207 2262 ad
224 2226 306 2273 VII,
329 2228 421 2266 121.
449 2226 494 2261 In
516 2224 718 2262 Gaisfordii
739 2224 823 2261 edi-

156 2283 261 2320 tione
299 2284 528 2333 impressum
563 2289 685 2319 exstat
722 2283 823 2333 Θερ-

158 2340 265 2391 μίου,
287 2352 490 2391 operarum
511 2338 624 2376 credo
644 2340 749 2376 vitio.
765 2356 822 2366 ’-

161 2399 220 2434 De
263 2398 380 2435 verbo
430 2393 704 2448 ἐπιτροπεύειν
743 2395 821 2434 vid.

161 2460 258 2491 nott.
290 2453 339 2490 ad
367 2454 449 2501 Vll,
480 2456 534 2494 62
563 2461 601 2490 et
630 2452 678 2490 de
705 2460 821 2504 gente

163 2511 371 2550 Chalcidica
402 2511 484 2558 VII,
516 2510 611 2552 185.
685 2512 824 2561 Attigit

161 2576 344 2606 monente
364 2568 623 2618 VVesselingio
643 2567 822 2605 Herodo-

161 2631 224 2662 tea
249 2626 464 2663 Casaubon.
499 2623 548 2662 ad
577 2625 756 2663 Strabon.
782 2626 823 2663 X

162 2694 202 2733 p.
222 2682 304 2724 447
324 2696 355 2723 s,
386 2683 481 2725 685.

330 2740 424 2790 Cap.
445 2738 659 2776 CXXVIII.

218 2793 498 2849 ἐντεταμένως]
528 2797 614 2837 vid.
644 2802 742 2835 nott.
771 2795 821 2834 ad

880 1595 1065 1644 V11,53
1101 1592 1325 1647 προδοσίην
1355 1590 1546 1632 συντίθε-

883 1653 982 1694 σθαί
1034 1667 1114 1692 τινι
1174 1653 1429 1702 interpretor:
1502 1647 1546 1685 de
1615 1664 1617 1666 ·

875 1711 1074 1763 prodi'tzone
1123 1723 1201 1747 cum
1258 1708 1381 1759 aliquo
1437 1719 1546 1756 agere

879 1782 910 1806 s.
936 1769 1088 1820 pacisci.
1120 1768 1220 1814 V,111
1250 1764 1328 1807 140
1359 1766 1473 1812 §.1
1502 1761 1546 1804 o‘-

880 1823 1073 1877 μαιχμίην
1092 1825 1378 1871 συντίθεσθαι,
1398 1829 1440 1859 ut
1459 1822 1543 1870 VII,

882 1882 974 1925 145.
1011 1884 1098 1919 Alia
1119 1881 1196 1921 vid.
1228 1894 1341 1933 supra
1364 1880 1413 1919 ad
1442 1883 1545 1932 vm,

882 1943 1082 1980 1201101t.
1142 1941 1346 1977 Caeterum
1376 1939 1543 1977 eandem

878 1998 1138 2033 narrationem
1159 1996 1207 2034 de
1218 1998 1453 2045 Timoxeno‚
1476 1998 1544 2050 qui

877 2066 995 2103 prave
1025 2054 1230 2105 Sicyonius
1259 2060 1431 2098 vocatur,
1451 2067 1543 2092 cum

877 2111 924 2146 sit
947 2109 1156 2156 Scionaeus,
1178 2109 1218 2146 id
1234 2117 1290 2146 est
1303 2109 1432 2147 Scione
1446 2112 1542 2147 urbe

878 2165 1074 2213 oriundus,
1097 2166 1173 2213 (de
1195 2179 1270 2218 qua
1290 2165 1368 2204 vid.
1390 2165 1439 2203 ad
1459 2168 1542 2217 VH,

881 2225 979 2273 123)
1002 2222 1156 2261 exhibet
1175 2225 1361 2275 Polyaen.
1384 2224 1463 2274 VII,
1487 2227 1542 2266 33

878 2281 916 2326 ξ.
947 2283 966 2320 1
1000 2287 1116 2333 atque
1141 2282 1291 2318 Aeneas
1321 2281 1434 2320 Tact.
1459 2282 1543 2319 Po-

877 2338 1023 2375 liorcet.
1044 2352 1083 2389 p.
1106 2341 1172 2379 31.
1198 2361 1245 2367 —
1289 2338 1335 2374 In
1362 2340 1541 2389 proxime

877 2407 985 2447 seqq.
1008 2390 1135 2446 οἷρχήν
1152 2395 1216 2445 (ab
1238 2395 1358 2445 initio)
1381 2402 1419 2432 et
1432 2394 1542 2444 τέλος

877 2452 946 2499 (αά
967 2455 1172 2502 extremum)
1192 2453 1264 2489 sibi
1284 2453 1428 2503 opponi
1437 2453 1538 2490 bene

877 2510 1052 2547 observat
1080 2509 1263 2549 Valcken.
1298 2526 1349 2537 —-·—
1408 2509 1536 2550 εἰπεῖν

878 2565 967 2603 dedi
987 2580 1056 2618 pro
1079 2562 1199 2614 εἶπαι,
1233 2566 1337 2603 libris
1364 2567 1536 2605 iubenti-

875 2625 960 2672 bus,
982 2631 1024 2660 ut
1045 2623 1145 2671 VIII,
1169 2627 1236 2669 65,
1262 2623 1328 2661 ubi
1356 2623 1435 2662 vid.
1491 2626 1537 2662 In

877 2682 1002 2719 verbis
1022 2682 1206 2732 proximis
1226 2676 1275 2721 ου’
1284 2695 1370 2739 γαρ
1389 2682 1446 2721 ὤν
1475 2681 1540 2721 λέ-

878 2754 921 2791 γε
905 2753 1007 2782 ται,
1045 2739 1230 2790 particula
1267 2740 1326 2778 ὠν
1361 2740 1541 2790 negatio-

879 2797 939 2833 nis
968 2796 1048 2835 vim
1073 2803 1208 2848 auget,
1238 2802 1282 2834 ut
1313 2768 1436 2846 VIII?
1447 2798 1542 2837 133.

1537 969 1618 998 Tum
1635 969 1781 998 Potidaea

1539 1012 1617 1039 oppu
1621 1013 1680 1065 grim
1663 1009 1723 1032 a.ta
1765 1004 1821 1032 Τί-

1401 1039 1488 1084 οσέ
1496 1045 1608 1100 25¹¹¹⁰m
1591 1046 1645 1066 xen
1649 1047 1711 1073 1pr
1697 1038 1762 1066 riod
1765 1039 1822 1066 tio·

1629 1073 1710 1100 urbis
1729 1081 1796 1100 cum

1539 1081 1608 1134 Pem
1584 1107 1639 1134 rsis
1629 1081 1727 1142 uipact
1719 1106 1765 1133 lfr
1752 1115 1822 1134 raus

1543 1148 1603 1177 qua
1619 1149 1655 1169 re
1672 1141 1802 1169 detecta.
