1879 3222
561 190 1024 232 CALLIOPE.

1080 191 1098 227 I
1108 191 1160 231 X.
1410 191 1494 232 235

241 300 430 356 ρεόντων
453 297 669 353 Ἑλλήνων
699 298 741 349 ἐς
771 298 986 354 Ἐρυθρὰς
1013 300 1263 356 ταχθέντες,
1293 298 1398 350 τούς
1424 315 1493 343 το-

211 370 367 422 Ξξότας
395 365 721 422 προσελόμενοι.

782 366 1040 422 μαχομένων
1058 369 1104 411 δέ
1134 380 1282 425 σφεων
1303 367 1371 411 ἐπὶ
1398 365 1496 423 χρό-

239 454 340 488 νον,
379 436 498 487 τέλος
540 435 712 480 τοιόνδε
741 435 906 492 ἐγένετο
945 440 1021 493 τῆς
1049 436 1199 493 μάχης.

1260 439 1496 493 Προσβαλ-

239 503 397 559 λούσης
416 509 491 559 τῆς
520 505 657 548 ἵππου
679 505 788 548 κατὰ
814 505 957 556 τέλεα,
988 506 1013 547 ὁ
1030 506 1280 547 Μασιστίου
1299 505 1495 561 προέχων
1507 510 1552 545 5ο

237 576 325 615 τῶν
341 571 485 616 ἄλλων
506 574 638 624 ἵππος
657 573 857 629 βάλλεται
885 572 1113 627 τοξεύματι
1137 571 1190 614 τὰ
1209 573 1390 626 πλευρά·
1425 571 1497 616 ἆλ-

236 637 372 695 γήσας
412 640 484 693 δὲ,
533 641 701 685 ἵσταταί
738 659 787 694 τε,
828 641 986 697 ὀρθὸς,
1033 641 1109 684 καὶ
1148 639 1391 684 ἀποσείεται
1420 641 1497 685 τὸν

208 709 502 751 3Μασίστιον.

561 710 740 754 πεσόντι
782 712 828 755 δὲ
858 709 979 769 αὐτῷ
1019 711 1061 752 oz
1087 708 1310 765 Ἀθηναῖοι
1340 709 1495 752 αὐτίκα

236 775 458 820 ἐπεκέατο·
489 775 567 820 τόν
598 794 642 821 τε
676 778 728 836 δή
761 780 895 822 ἵππον
927 777 1067 822 αὐτοῦ
1096 775 1391 833 λαμβάνουσι,
1422 777 1495 818 καὶ

237 841 374 887 αὐτόν
403 843 684 901 ἀμυνόμενον
712 849 952 898 κτείνουσι,
997 844 1087 890 κατ’
1119 844 1253 900 ἀρχὰς
1283 843 1337 888 ον’
1370 843 1557 887 δυνά-55

209 915 376 967 4μενοι.

439 913 719 959 ἐνεσκεύαστο
747 916 830 971 γὰρ
861 914 1002 959 οὕτω·
1044 914 1167 965 ἐντός
1200 912 1387 968 θώρηκα
1417 909 1502 967 εἶχε

235 980 425 1036 χρύσεον
455 983 718 1027 λεπιδωτόν·
749 984 995 1037 κατύπερθε
1023 983 1068 1025 δὲ
1095 985 1175 1026 τοῦ
1203 980 1409 1037 θώρηκος
1438 997 1504 1024 κι-

235 1052 366 1091 θῶνα
410 1051 638 1103 φοινίκεον
676 1050 910 1094 ἐνδεδύκεε.

968 1050 1204 1101 τύπτοντες
1257 1051 1302 1093 δὲ
1341 1050 1384 1099 ἐς
1424 1048 1503 1092 τόν

235 1114 442 1171 θώρηκα,
478 1117 657 1162 ἐποίευν
686 1119 839 1164 οὐδέν·
873 1120 978 1172 πρίν
1007 1135 1054 1174 γε
1086 1119 1138 1175 δὴ
1170 1117 1328 1173 μαθών
1357 1134 1422 1168 τις
1452 1116 1502 1160 τὸ

205 1182 522 1240 5ποιεύμενον,
552 1189 669 1232 παίει
702 1205 778 1244 μιν
808 1187 851 1240 ἐς
887 1187 966 1231 τὸν
997 1185 1244 1243 ὀφθαλμόν.
1303 1185 1418 1231 οὕτω
1450 1183 1502 1242 δὴ
1516 1191 1561 1225 60

178 1360 219 1396 in
239 1361 401 1410 gratiam
422 1359 521 1397 dicta
544 1357 663 1396 videri
684 1359 841 1409 possint.

179 1389 262 1454 Deo
259 1430 334 1468 quo
346 1416 424 1454 vid.
446 1422 541 1455 nott.
563 1415 610 1452 ad
623 1417 722 1464 VIII,
748 1417 840 1456 139.

179 1494 233 1502 —-
255 1473 346 1510 Ad
336 1487 461 1524 ipsum
473 1479 742 1522 argumentum
753 1485 842 1509 con-

179 1531 321 1568 feratur
340 1528 534 1568 Plutarch.
556 1529 710 1566 Aristid.
740 1528 803 1568 14.

235 1584 329 1633 τούς
349 1583 513 1634 τοξότας
533 1585 839 1637 προσελόμενοι]

178 1643 206 1679 i.
235 1657 267 1681 e.
296 1646 463 1680 assumtis
499 1644 724 1691 sagittariis,
775 1644 841 1694 qui

178 1700 259 1736 scil.
280 1701 320 1735 in
341 1702 543 1736 Persarum
572 1701 713 1751 equites
734 1700 841 1735 iacu-

179 1756 217 1793 la
238 1758 386 1794 eminus
405 1758 612 1793 mitterent.
665 1757 841 1793 Trecen-

180 1813 210 1849 ti
240 1814 342 1850 enim
372 1814 427 1849 illi
461 1811 712 1850 Athenienses
752 1826 843 1863 gra-

181 1883 270 1907 vem
292 1877 524 1906 armaturam
539 1883 628 1907 cum
645 1869 841 1918 haberent,

182 1927 310 1963 minus
341 1933 447 1963 erant
473 1928 550 1977 apti
584 1926 632 1963 ad
655 1928 844 1977 impetum

185 1984 333 2019 eminus
355 1982 574 2019 arcendum.
595 2005 650 2011 —
671 1982 735 2022 ἐπὶ
755 1979 844 2035 χρό-

183 2053 257 2078 νον
273 2039 372 2076 valet
388 2039 620 2088 aliquamdiu,
639 2046 681 2076 ut
701 2041 770 2086 IX,
791 2043 845 2081 70

184 2090 332 2147 χρόνον
344 2094 408 2134 ἐπὶ
429 2092 589 2136 πολλόν.
621 2094 721 2133 Add.
743 2097 843 2144 VIII,

186 2153 279 2191 129.
300 2153 371 2200 IX,
389 2153 454 2191 62.
478 2154 543 2191 67.
560 2154 637 2192 119
653 2165 701 2188 ne
722 2153 843 2202 plura,

185 2214 222 2245 et
244 2208 344 2245 conf.
365 2206 529 2245 Fischer.
546 2207 595 2244 ad
610 2209 772 2247 Weller.
792 2211 846 2246 ΠΙ

184 2278 224 2316 p.
243 2264 324 2305 244
356 2277 390 2302 a.
412 2278 449 2315 p.
473 2264 567 2306 385.

244 2317 584 2373 Προσβαλλούσης
606 2322 677 2372 τῆς
701 2320 843 2373 ἵππου]

186 2379 243 2414 Ita
282 2391 303 2414 e
329 2379 549 2415 Florentino
589 2385 625 2416 et
655 2379 847 2416 Sancrofti

186 2434 283 2472 libro
313 2434 400 2472 dedi
430 2448 498 2485 pro
527 2435 632 2485 vulg.
668 2437 848 2488 προσβα-

187 2488 358 2542 λούσης,
399 2505 541 2544 quum,
561 2499 717 2529 notante
746 2495 849 2531 Mat-

187 2547 309 2597 thiae,
335 2562 464 2585 sensus
493 2549 559 2586 sit:
593 2562 722 2599 „quum
748 2555 847 2601 equi-

189 2607 289 2642 tatus
307 2606 497 2643 identidem
516 2607 662 2642 irrueret
686 2605 850 2656 (προσέ-

191 2660 325 2715 βαλλε)
354 2675 456 2711 non,
478 2675 581 2713 quum
600 2665 772 2703 irruisset.
797 2685 846 2693 —

193 2717 298 2762 Quae
319 2727 551 2771 sequuntur:
575 2718 751 2771 προέχων
769 2735 850 2760 των

194 2770 324 2816 ἄλλων
347 2777 391 2827 (i.
413 2790 444 2814 e.
473 2790 561 2829 prae
594 2777 678 2816 aliis
707 2773 850 2829 longi&

894 1358 1116 1409 provectus)
1106 1371 1184 1394 iam
1200 1358 1304 1407 attigi
1321 1356 1368 1394 ad
1382 1358 1560 1405 1V‚120.

898 1417 1006 1452 Bene
1026 1416 1160 1465 Negris
1184 1416 1424 1466 participium
1445 1413 1562 1466 προέ-

898 1487 979 1524 χων
993 1474 1150 1523 exponit
1163 1469 1436 1523 προελαύνων·
1458 1467 1562 1511 vno}-

899 1545 981 1583 γων
999 1525 1076 1580 πρό
1097 1544 1178 1568 των
1201 1526 1344 1567 ἄλλων.

955 1586 1109 1625 ἵσταταί
1132 1600 1172 1624 τε
1202 1579 1330 1637 ὄρθος
1356 1583 1425 1623 καὶ
1458 1599 1562 1624 απο-

898 1642 1041 1681 σείεται
1059 1639 1130 1681 τόν
1144 1642 1391 1690 Μασίστιον]
1411 1640 1563 1678 Eadem

896 1700 1039 1736 locutio
1060 1699 1142 1746 VII,
1167 1700 1219 1738 88
1232 1728 1245 1745 ,
1280 1699 1348 1735 ubi
1365 1697 1444 1735 vid.
1461 1705 1559 1735 nott.

898 1755 1071 1794 Verbum
1093 1751 1355 1794 οἷποσείεσθαι
1372 1756 1411 1791 in
1424 1755 1563 1793 talibus

899 1814 1051 1864 proprie
1072 1812 1244 1849 adhiberi
1263 1825 1284 1849 a
1303 1810 1564 1862 Xenophonte

902 1869 1023 1919 [cuius
1052 1869 1130 1908 vid.
1156 1869 1370 1921 Cyropaed.
1400 1870 1491 1916 VII,
1528 1871 1565 1917 1,

903 1926 988 1977 18.]
1027 1933 1064 1963 et
1091 1927 1278 1963 Clement.
1297 1925 1563 1963 Alexandrino

903 1984 1078 2020 observat
1131 1982 1382 2021 Valckenaer.
1445 1984 1563 2020 citans

900 2047 1096 2090 praeterea
1115 2041 1263 2077 Platon.
1286 2042 1403 2090 Gorg.
1424 2053 1460 2090 p.
1481 2037 1565 2080 484

900 2097 949 2144 A,
979 2097 1045 2132 ubi
1065 2097 1200 2146 respici
1220 2097 1354 2133 volunt
1375 2095 1482 2132 Iliad.
1499 2096 1564 2146 VI,

903 2151 997 2192 507.
1049 2151 1112 2188 Ad
1147 2152 1308 2189 verbum
1338 2151 1565 2192 ἐπικεῖσθαι

900 2209 941 2244 in
961 2221 1068 2260 seqq.
1089 2209 1138 2245 cf.
1162 2209 1237 2254 VI,
1268 2207 1332 2249 49.
1362 2210 1472 2256 VIII,
1509 2208 1562 2250 84

902 2272 939 2301 et
960 2264 1008 2302 ad
1028 2265 1117 2304 κατ’
1146 2261 1269 2316 οἷρχοές
1292 2272 1387 2303 nott.
1402 2265 1450 2303 ad
1462 2266 1562 2315 VIII,

903 2324 970 2364 88.
995 2344 1041 2350 —
1073 2320 1135 2358 Ad
1157 2323 1271 2359 verba
1298 2317 1472 2373 θώρηκα
1498 2325 1564 2361 λε-

901 2376 1074 2419 πιδωτὸν
1097 2378 1173 2416 vid.
1194 2386 1288 2416 nott.
1318 2378 1366 2416 ad
1390 2381 1479 2428 VII,
1508 2381 1559 2421 61

904 2443 941 2473 et
971 2437 1019 2473 cf.
1040 2438 1217 2486 Mongez.
1249 2437 1288 2472 in
1308 2436 1486 2474 Memoir.
1516 2434 1564 2473 de

902 2493 927 2531 l'
950 2495 1113 2531 Institut.
1133 2495 1184 2530 T.
1204 2494 1254 2530 IV
1274 2506 1362 2543 pag.
1384 2492 1452 2533 49.

962 2549 1002 2597 ἐς
1037 2547 1107 2589 τόν
1144 2545 1379 2601 ὀφθαλμόν]
1411 2550 1565 2587 Plutar-

905 2605 1019 2654 chus,
1041 2608 1263 2643 observante
1292 2607 1564 2657 Wesselingi0‚

907 2636 1027 2721 Aristi*
1056 2664 1105 2704 14-
1126 2677 1216 2714 pag·
1248 2666 1327 2704 327
1347 2665 1391 2702 Β.
1419 2666 1563 2704 τοῦτον

907 2718 979 2771 μὲν
998 2722 1023 2773 ᾑ
1050 2736 1094 2761 το
1121 2719 1268 2772 κράνος
1295 2718 1496 2770 υπέφαινε
1523 2716 1571 2759 α’-

905 2779 1069 2818 κοντίου
1100 2775 1266 2832 στύρακι
1281 2777 1414 2818 παίων
1445 2793 1504 2829 τις
1523 2774 1570 2818 οἷ-
