1879 3222
483 183 567 223 228

885 172 1340 211 HERODOTI

490 292 685 344 εἴρεσθαι
716 285 850 329 αὐτὸν
881 282 1104 334 ὁποδαπός
1129 283 1238 334 ἐστι,
1270 278 1402 330 αὐτὸς
1421 279 1465 322 δὲ
1500 276 1732 330 ὑποκρίνα-

458 362 596 401 4σθαι
637 355 695 405 ὠς
736 355 800 409 εἰἠ
838 350 1118 408 Ὀρχομένιος.

1178 349 1256 392 τόν
1289 347 1334 390 δὲ
1379 348 1539 389 εἰπεῖν·
1598 342 1794 395 „Emi-40

491 428 602 479 ,,νῦν
636 419 930 478 ὁμοτράπεζός
968 433 1011 460 τε
1052 433 1127 472 μοι
1159 416 1232 459 καὶ
1275 413 1547 469 ὁμόσπονδος
1584 410 1737 466 ἐγένεο,

493 487 781 548 ,μνημόσυνά
811 503 879 530 τοι
907 486 1080 542 γνώμης
1109 487 1185 538 τῆς
1217 483 1318 538 ἐμῆς
1337 481 1649 524 καταλιπέσθαι
1666 477 1737 520 θέ-

492 564 600 613 ,,λω·
632 559 704 600 ἵνα
723 555 795 599 καὶ
818 552 1032 610 προειδώς
1056 550 1189 601 αὐτὸς
1208 550 1305 602 περὶ
1326 552 1518 593 σεωυτοῦ
1535 543 1739 602 βουλεύε-

463 631 629 679 5,,σθαι
665 625 760 681 ἔχῃς
796 622 847 666 τοὶ
892 617 1185 676 συμφέροντα.
1239 616 1367 674 Ὁρᾷς
1408 614 1594 666 τούτους
1635 613 1738 665 τούς

492 693 813 747 ,,δαινυμένους
847 689 1032 742 Πέρσας,
1065 685 1139 729 καὶ
1167 684 1244 728 τὸν
1272 682 1470 735 στρατὸν,
1498 683 1577 726 τὸν
1599 682 1738 726 ἐλίπο-
1751 685 1796 725 45

493 777 600 817 ,,μεν
644 760 712 802 ἐπὶ
750 761 810 814 τῷ
840 757 1019 812 ποταμῷ
1064 749 1536 807 στρατοπεδευόμενον;
1577 750 1746 794 τούτων

494 827 698 880 ,,πάντων
729 824 870 875 ὄψεαι,
895 821 1044 876 ὀλίγου
1065 819 1181 870 τινὸς
1200 817 1361 875 χρόνον
1381 817 1640 870 διελθόντος,
1663 817 1746 861 ὀλί-

466 904 633 950 6,,γους
660 892 782 943 τινὰς
811 890 915 940 τούς
943 886 1346 942 περιγενομένους.“
1407 883 1553 928 Ταῦτά
1583 901 1627 928 τε
1659 885 1747 942 ἅμα

495 961 575 1004 τὸν
598 961 775 1016 Πέρσην
804 959 964 1013 λέγειν,
994 955 1068 999 καὶ
1096 955 1284 1011 μετιέναι
1313 951 1451 996 πολλὰ
1472 956 1560 994 τῶν
1590 953 1748 1006 δακρύ-

497 1045 570 1072 ων.

630 1027 760 1079 αὐτὸς
794 1027 840 1070 δὲ
874 1023 1117 1080 θωυμάσας
1158 1022 1236 1065 τόν
1265 1019 1417 1075 λόγον,
1457 1021 1591 1063 εἰπεῖν
1635 1021 1745 1076 πρὸς
1760 1030 1805 1064 50

468 1095 657 1140 7αὐτόν·
688 1093 880 1148 ,,Οὐκῶν
898 1092 1145 1147 Μαρδονίῳ
1173 1105 1218 1132 τε
1246 1093 1381 1131 ταῦτα
1410 1087 1538 1142 χρεόν
1567 1089 1654 1132 ἐστι
1685 1090 1750 1132 λέ·

496 1180 638 1220 „ysam
668 1162 742 1207 καὶ
770 1166 883 1205 τοῖσι
909 1158 992 1214 μετ’
1024 1159 1190 1202 ἐκεῖνον
1223 1156 1269 1200 ἐν
1308 1157 1408 1212 α’ίνῃ
1439 1155 1560 1198 ἐοῦσι
1592 1157 1750 1211 Περσέ-

496 1234 632 1283 ,,ων.“
695 1228 784 1273 Τὸν
815 1228 861 1272 δὲ
891 1226 994 1283 μετοὶ
1016 1228 1151 1268 ταῦτα
1167 1225 1319 1267 εἰπεῖν·
1352 1224 1532 1276 ,,,Ξέῖνε,
1568 1221 1593 1266 ὅ
1613 1240 1654 1266 τι
1686 1226 1753 1267 δεῖ

496 1297 730 1352 »γενέσθαι
767 1296 814 1340 ἐκ
846 1299 926 1340 τοῦ
963 1296 1102 1345 θεοῦ,
1147 1291 1372 1348 ἀμήχανον
1401 1289 1642 1346 α’ποτρέψαι
1672 1291 1749 1336 οἶν-

496 1442 701 1492 ὁποδαπός
724 1445 821 1496 ἐστι]
852 1447 948 1483 Tres
982 1442 1096 1482 codd.

439 1499 623 1549 ποδαπός
654 1509 695 1539 ut
714 1504 796 1551 VII,
821 1505 919 1544 118:
941 1514 1016 1554 quo
1037 1508 1096 1538 ta-

441 1571 531 1594 men
554 1566 715 1610 utroque
737 1561 821 1596 loco
854 1557 1097 1596 scribendum

442 1611 670 1661 ὁποδαπός,
701 1622 855 1652 auctore
891 1614 1096 1652 Schaefero

442 1670 586 1719 Appar.
607 1669 803 1707 Demosth.
821 1671 871 1706 T.
892 1671 924 1706 V
950 1683 984 1720 p.
1006 1671 1098 1709 308.

441 1726 492 1762 Et
511 1724 596 1762 vide
623 1739 774 1778 quoque
795 1726 847 1773 V,
873 1728 934 1765 13.
964 1726 1098 1761 Blom-

443 1780 547 1818 field.
574 1782 736 1822 Glossar,
772 1780 821 1818 ad
849 1779 1027 1832 Aeso-hyl.
1055 1781 1098 1817 S.

444 1851 478 1876 c.
507 1835 584 1875 Th.
620 1839 713 1879 351.
743 1858 799 1865 —
848 1837 1099 1874 Indicativum

444 1900 574 1930 autem
592 1895 801 1931 necessario
829 1893 890 1930 hic
912 1895 1001 1944 poni
1022 1900 1100 1930 tra-

445 1949 500 1988 dit
535 1950 583 1988 G.
615 1952 825 1987 Hermann.
855 1952 1014 2000 Opuscc.
1049 1950 1099 1986 lV

445 2020 484 2057 p.
505 2007 559 2045 92
573 2035 583 2053 ,
611 2013 653 2043 ut
674 2008 713 2043 in
733 2007 909 2043 omuibus
922 2037 932 2055 ,
967 2006 1032 2044 ubi
1053 2019 1102 2042 an

445 2064 493 2100 sit
513 2061 677 2112 aliqum,
707 2070 920 2115 quaeratur.
937 2085 988 2090 —
1010 2064 1103 2099 Mox

445 2118 589 2155 restitui
621 2119 746 2158 εἰπεῖν
781 2120 964 2156 librorum
988 2119 1104 2156 iussu.

447 2174 558 2212 Conf.
586 2182 682 2213 nott.
704 2174 752 2212 ad
773 2176 859 2213 Vlll
874 2204 890 2222 ,
925 2175 977 2216 65
999 2182 1035 2212 et
1056 2175 1103 2212 de

447 2231 639 2268 locutione
674 2229 909 2282 μνημόσυνα
944 2233 1104 2271 καταλι-

447 2286 596 2327 πέσθαι
613 2295 708 2327 nott.
725 2288 773 2325 ad
785 2289 846 2336 lV,
868 2291 958 2330 166.
980 2289 1100 2325 Usum

448 2344 718 2395 particularum
738 2346 777 2381 iu
792 2345 913 2383 verbis
935 2340 961 2382 ἔτ’
973 2361 998 2395 μ
1010 2359 1035 2383 α
1054 2358 1100 2383 τε

447 2398 643 2452 λέγειν-
680 2399 765 2440 καὶ
794 2399 966 2452 μετιέναι
995 2401 1101 2451 attigi

449 2455 498 2493 ad
517 2458 589 2505 IV,
613 2457 705 2498 150.

504 2508 648 2552 Οὕκῶν
671 2511 896 2565 Μαρδονίῳ
920 2526 960 2551 τε
981 2514 1105 2551 ταῦτα

451 2582 485 2604 κ.
507 2583 527 2605 τ
563 2570 616 2617 λ.]
657 2569 680 2607 i.
703 2582 737 2606 e.
765 2568 960 2607 Mardonia
992 2570 1104 2618 igitur

453 2622 536 2659 haec
575 2629 606 2660 ic
639 2625 749 2662 dicere
783 2629 933 2676 oportet,
979 2627 1102 2675 iisque,

453 2681 516 2728 qui
530 2684 605 2728 post
627 2681 724 2718 illum
749 2682 873 2719 honore
905 2685 1010 2731 atque
1033 2695 1104 2719 au-

455 2737 616 2773 ctoritate
656 2739 745 2775 inter
785 2737 912 2777 Persas
946 2739 1101 2777 eminent.

1150 1439 1263 1494 χρεὸν
1289 1441 1498 1480 offerebant
1519 1443 1756 1480 Florentiuus
1771 1449 1809 1481 et

1153 1499 1344 1537 Saucrofti
1372 1500 1479 1537 liber.
1523 1500 1646 1550 Vulgo
1667 1498 1806 1551 χρεών.

1154 1556 1213 1594 Cf.
1242 1557 1352 1592 allata
1387 1555 1435 1593 ad
1463 1557 1514 1604 V,
1555 1556 1621 1595 49.
1668 1558 1726 1592 De
1754 1556 1809 1592 Ιο-

1155 1613 1307 1648 cutione
1330 1612 1371 1650 ἐν
1398 1612 1492 1666 αἴνῃ
1523 1608 1626 1650 εἶναι
1653 1611 1729 1648 vid.
1752 1612 1810 1647 al·-

1153 1668 1226 1703 lata
1249 1667 1295 1703 ad
1316 1669 1390 1713 ΙΙΙ,
1412 1671 1478 1707 74,
1529 1668 1653 1717 Ipsam
1673 1680 1808 1704 vocem

1155 1722 1248 1772 αἶ’νη
1279 1724 1399 1771 attigit
1420 1721 1554 1760 matth.
1589 1725 1655 1761 Gr.
1682 1725 1748 1761 Gr.
1770 1725 1807 1770 §.

1155 1779 1208 1819 95
1230 1792 1316 1829 pag.
1338 1782 1431 1820 207.

1183 1831 1207 1873 ὅ
1218 1850 1253 1873 τι
1266 1836 1326 1874 δεῖ
1335 1835 1569 1886 γενέσθαι-
1586 1831 1810 1889 ..ἷνθρώπρῄ

1154 1891 1279 1937 „Hinc
1312 1893 1379 1927 isla
1401 1892 1587 1929 Stobaeus
1620 1893 1746 1929 retulit
1771 1893 1811 1929 iu

1155 1948 1211 1983 tit.
1229 1949 1291 1984 CV
1309 1948 1419 1997 [107]
1439 1962 1474 1999 p.
1492 1948 1572 1988 567
1590 1961 1619 1988 s.
1636 1951 1717 1989 372
1731 1961 1811 2001 seq.

1159 2004 1210 2040 T.
1240 2005 1303 2040 111.
1329 2005 1445 2041 Gaiss.
1462 2006 1707 2042 Homericam
1722 2006 1813 2042 Per-

1158 2072 1221 2096 sae
1262 2061 1388 2098 tribuit
1408 2060 1622 2098 Herodotus
1657 2068 1812 2098 senteu-

1158 2117 1249 2152 tiam
1266 2145 1276 2164 ,
1337 2118 1442 2154 cuius
1507 2123 1638 2154 auctor
1693 2118 1814 2155 fertur

1159 2173 1296 2223 Apollo
1334 2172 1492 2224 Pythius
1527 2174 1687 2210 Aeliano
1720 2173 1811 2223 περὶ

1161 2228 1363 2279 Προνοίας
1383 2228 1485 2280 apud
1505 2228 1677 2267 Eustath.
1705 2231 1743 2267 in
1764 2231 1810 2270 ll.

1158 2281 1198 2331 ζ’,
1218 2297 1303 2335 pag.
1327 2286 1428 2333 522,
1468 2289 1534 2327 53.
1603 2288 1712 2324 Hauc
1740 2300 1809 2325 suo

1156 2342 1315 2392 quisque
1348 2355 1454 2379 more
1483 2343 1630 2394 saepius
1655 2356 1810 2395 expres·

1156 2405 1285 2434 serunt
1311 2406 1456 2448 poetae.
1513 2400 1624 2437 Velut
1656 2400 1811 2450 vulgare

1159 2453 1302 2491 dictum
1332 2456 1552 2493 mulieribus
1586 2456 1650 2493 ubi
1682 2456 1811 2493 tribuit

1160 2511 1213 2548 M.
1234 2513 1416 2549 Antonin.
1439 2513 1525 2559 Vll,
1546 2511 1620 2552 46:
1650 2508 1711 2551 ὅτι
1737 2509 1810 2563 τήν

1162 2567 1397 2619 εἱμαρμένην
1410 2564 1543 2614 οὐδεὶς
1558 2563 1607 2606 ὅῖν
1617 2565 1786 2620 ἐκφύγοι
1798 2581 1808 2606 :

1160 2625 1279 2661 multa
1314 2632 1418 2663 notat
1448 2622 1651 2661 Gataker.“
1690 2624 1812 2662 Val-

1159 2695 1177 2717 c
1189 2680 1209 2717 k
1220 2694 1237 2718 e
1248 2695 1270 2718 n
1280 2695 1303 2718 a
1312 2694 1328 2718 e
1341 2694 1369 2718 r.
1400 2680 1673 2730 Wesselingius
1709 2688 1811 2718 attu-

1157 2738 1252 2776 ierat
1265 2738 1388 2776 Nostri
1407 2737 1537 2775 loctun
1555 2737 1606 2774 111
1619 2767 1629 2787 ‚
1660 2738 1726 2787 65,
1746 2738 1809 2775 10-
