1996 3238
343 735 407 779 42

141 800 263 827 Inter-ini
289 799 380 833 copiis

141 833 295 861 naz-atibus
323 832 406 859 undi-

142 875 199 901 que
217 867 340 896 coacti&
366 874 418 892 na-

142 901 223 928 vium
240 907 380 928 numerus

469 223 527 263 56
866 224 1335 261 HERODOTI

469 345 559 381 τες·
591 330 644 373 τὰ
675 327 710 372 δ’
741 328 957 386 ἐπιμήνια,
987 330 1238 386 μελιτόεσσοὶ
1268 332 1367 377 ἐστι.
1408 333 1517 390 αὕτη
1541 332 1579 377 δ’
1609 333 1728 390 ἦμε-

469 397 679 448 λιτόεσσα,
711 395 757 438 ἐν
785 401 844 453 τῷ
873 397 1068 452 πρόσθεν
1098 402 1180 444 αιέὶ
1209 399 1350 456 χρόνῳ
1373 399 1728 457 ἀναισιμουμένη,

442 464 570 508 4τότε
599 459 654 519 ἦν
686 462 918 517 ἄψαυστος.
960 468 1210 523 σημῃνάσης
1242 468 1287 510 ὁὲ
1317 472 1452 511 ταῦτα
1482 474 1555 525 τῆς
1584 471 1787 524 ἱρείης,40

471 531 636 587 μᾶλλόν
671 547 711 575 τι
752 535 795 576 οἱ
822 533 1040 590 Ἀθηναῖοι
1071 536 1141 577 καὶ
1172 535 1510 589 προθυμότερον
1538 537 1731 588 ἐξέλιπον

468 600 549 655 τήν
578 599 728 651 πόλιν,
759 597 818 650 ὥς
848 602 920 643 καὶ
949 607 1025 657 τῆς
1055 605 1166 644 θεοῦ
1197 601 1531 660 ἀπολελοιπυίης
1561 604 1641 660 τὴν
1680 603 1731 648 ἆ-

471 664 695 722 κρόπολιν.
757 667 814 718 ὡς
844 669 890 712 δέ
921 681 998 723 σφι
1028 668 1167 712 πάντα
1196 668 1459 723 ὑπεξέκειτο,
1493 672 1658 715 ἔπλωον
1689 673 1732 723 ἐς

477 735 526 779 τό
557 733 860 789 στρατόπεδον.
914 736 1027 780 Ἐπεὶ
1046 738 1090 781 δὲ
1109 740 1151 781 οἱ
1180 735 1250 780 ἀπ’
1276 737 1542 793 Ἀρτεμισίου
1571 741 1613 790 ἐς
1640 745 1734 783 Σα-

478 807 638 858 λαμῖνα
667 802 874 858 κατέσχον
903 805 979 855 τοὶς
1008 806 1133 858 νέας,
1180 806 1382 860 συνὲῤῥεε
1411 808 1484 849 καὶ
1527 806 1549 849 ὁ
1582 806 1787 857 λοιπός45

473 869 810 924 πυνθανόμενος
840 869 863 915 ὁ
895 877 983 916 τῶν
1006 871 1224 930 Ἑλλήνων
1253 873 1458 924 ναυτικὸς
1480 875 1662 928 στρατὸς
1685 875 1733 918 ἐκ

417 1066 630 1105 cerdotibus
643 1065 877 1116 ederelicuit‚
895 1081 1010 1119 panes
1021 1083 1074 1107 sc.
1125 1070 1292 1121 placenta
1327 1083 1343 1106 e
1361 1069 1458 1106 melle
1481 1068 1635 1119 confecta
1648 1099 1658 1119 ,
1687 1067 1790 1108 haud

416 1125 455 1161 in
487 1125 624 1161 mensis
647 1125 758 1161 sacris
782 1125 885 1161 velut
914 1128 1075 1178 appositi

419 1180 500 1227 diis,
527 1188 620 1218 teste
648 1179 847 1218 Athenaeo
865 1183 917 1218 111
933 1197 970 1234 p.
996 1186 1074 1223 110

416 1239 465 1274 D.
480 1238 530 1274 IV
545 1251 582 1288 p.
603 1240 679 1277 137
698 1239 743 1274 E.
766 1238 853 1274 VIII
875 1252 912 1289 p.
932 1238 1012 1279 346
1028 1240 1075 1276 E.

416 1295 581 1331 Pausan.
596 1294 658 1340 Vl,
674 1296 728 1334 20
746 1296 783 1339 ξ.
804 1298 844 1334 2.
902 1296 980 1332 Nec
1001 1297 1077 1331 mi-

417 1363 489 1388 nus
505 1351 682 1401 frequens
699 1349 885 1388 ἐπιτελεῖν
906 1352 945 1386 ἰιι
966 1366 1005 1388 re
1017 1365 1079 1388 sa-

419 1420 483 1443 cra
512 1404 728 1456 peragenda
763 1406 941 1458 festisque
977 1409 1079 1444 cele-

418 1461 584 1510 brandis,
627 1463 706 1499 aliis
736 1461 773 1499 id
803 1476 934 1513 genus,
969 1466 1078 1512 utu,

420 1515 484 1559 63.
518 1519 580 1566 IV,
610 1521 712 1566 186,
734 1520 799 1555 ubi
828 1519 931 1557 haud
951 1534 1080 1558 moror

420 1576 677 1612 accusativum
711 1577 914 1624 omissum,
964 1590 1080 1629 quem

419 1631 530 1668 facile
551 1637 679 1667 mente
700 1630 838 1668 addere
860 1635 987 1683 possis,
1009 1635 1079 1670 nisi

420 1683 612 1738 ἐπιμήνια
641 1689 805 1738 positum
835 1684 915 1728 cino*
940 1693 1080 1729 κοινοῦ

422 1743 472 1780 ad
491 1743 564 1780 hoc
580 1756 733 1795 quoque
755 1746 912 1782 verbum
932 1745 1080 1782 trahere

421 1801 535 1847 veli53
584 1813 700 1851 quem
738 1802 776 1837 in
805 1802 965 1839 modum
1004 1804 1081 1839 iam

422 1855 718 1895 Valckenaerius
741 1856 834 1895 haec
856 1861 904 1894 ita
927 1866 1003 1896 erat
1025 1861 1080 1895 in-

423 1918 658 1963 terpretatus:
673 1913 776 1951 talem
796 1928 812 1951 e
829 1915 960 1952 melle
978 1916 1079 1965 pla—

425 1982 443 2006 c
456 1973 565 2006 enta
577 1983 629 2017 m,
690 1971 842 2019 singulis
891 1973 1080 2009 nosilum'z's

421 2029 611 2073 recentem,
651 2026 761 2063 veluti
797 2031 1079 2066 menstruam

419 2084 694 2132 pensionem
722 2085 813 2119 arcis
838 2084 1080 2133 persolvebant

426 2139 575 2178 custodi.
634 2139 733 2175 Sunt
773 2146 900 2175 autem
930 2136 977 2178 τοι
1000 2140 1082 2179 ἐπι-

425 2190 562 2245 μήνια,
585 2207 681 2245 quae
710 2196 749 2231 in
780 2209 951 2232 mensem
972 2210 1083 2247 prae-

424 2251 563 2287 bentur
594 2251 762 2288 alimenta
786 2265 815 2288 s.
836 2257 1008 2290 menstrua
1031 2256 1085 2290 ci-

425 2307 541 2354 baria,
573 2313 614 2343 ut
636 2306 714 2343 dixi
730 2307 776 2344 ad
789 2308 977 2347 Plutarch.
994 2311 1084 2346 Fla-

423 2364 519 2399 min.
542 2362 566 2403 5
587 2376 671 2414 pag.
690 2365 740 2403 89
760 2371 838 2402 not.
867 2365 969 2406 Add.
983 2368 1084 2402 Har-

425 2426 567 2470 pocrat.
590 2433 619 2455 s.
640 2433 676 2456 v.
690 2415 914 2470 Ἐπιμήνια.

485 2471 723 2525 μελιτόεσσα,
754 2490 851 2528 quae
871 2478 1002 2514 Atticis
1025 2485 1082 2514 et-

426 2531 504 2567 iam
535 2533 738 2568 vocabatur
767 2536 992 2584 μελιτοῦττα
1013 2535 1081 2583 (cf.

426 2586 559 2623 Matth.
593 2590 658 2624 Gr.
689 2590 755 2625 Gr.
782 2591 818 2634 ξ.
843 2592 932 2637 121,
955 2598 1033 2628 not.
1057 2593 1082 2630 2

426 2657 463 2694 p.
495 2642 588 2682 244.
610 2642 752 2683 Tholn.
779 2647 927 2696 Magist.
947 2661 981 2697 p.
1005 2649 1084 2687 607

427 2700 517 2750 ibiq.
560 2699 816 2751 Oudendorp„
850 2704 985 2753 anbus
1017 2703 1083 2741 Cr.

428 2754 517 2792 addi
539 2757 617 2792 vult
636 2757 819 2793 Brunckii
841 2762 916 2798 citt.
939 2759 1084 2797 adAri-

428 2810 590 2864 stephan
610 2814 763 2865 Lysistr.
786 2828 837 2852 νε.
863 2818 955 2856 601.
973 2815 1000 2867 ),
1031 2823 1085 2854 est

1131 1127 1349 1177 infrequens
1389 1127 1426 1161 in
1458 1133 1630 1163 veterum
1663 1128 1788 1174 sacris,

1131 1190 1174 1219 ut
1195 1183 1281 1219 satis
1302 1189 1458 1219 constat.
1488 1184 1544 1218 De
1566 1190 1790 1232 argumento

1132 1238 1236 1276 idem
1261 1238 1327 1275 Cr.
1351 1238 1680 1275 Vulckenaeriauis
1702 1238 1792 1276 addi

1134 1297 1237 1333 vult:
1287 1297 1480 1345 Bottiger:
1531 1295 1591 1332 die
1612 1294 1792 1332 heilbriu-

1135 1351 1287 1402 genden
1309 1352 1440 1388 Go'tter
1461 1353 1525 1388 in:
1550 1353 1709 1388 Ioni-nal
1727 1352 1790 1389 des

1135 1410 1234 1445 Lux.
1256 1421 1294 1444 u.
1327 1407 1363 1445 d.
1386 1407 1489 1446 Mod.
1516 1410 1620 1449 1803
1639 1410 1791 1447 Ianuar.

1135 1479 1173 1515 p.
1198 1467 1262 1504 21.
1293 1462 1592 1515 Payne—Knight
1622 1477 1672 1501 on
1687 1478 1794 1516 sym-

1136 1521 1272 1558 bolicat
1293 1522 1500 1571 Language
1531 1521 1568 1565 ξ.
1593 1520 1646 1561 25
1668 1535 1705 1572 p.
1731 1524 1793 1562 17.

1193 1572 1427 1631 σημῃνάσης
1456 1574 1498 1615 δὲ
1524 1578 1648 1614 ταῦτα
1667 1580 1739 1628 τῆς
1761 1575 1795 1615 ἷ-

1136 1632 1263 1684 ρείης]
1307 1635 1364 1670 De
1392 1632 1463 1669 hac
1490 1631 1683 1670 sacerdote
1714 1631 1794 1671 vid.

1135 1696 1231 1726 nott.
1265 1688 1312 1726 ad
1332 1690 1377 1737 V,
1400 1692 1469 1730 72.
1525 1691 1571 1725 Iu
1597 1702 1703 1741 seqq.
1725 1703 1794 1739 pro

1136 1742 1440 1798 προθυμότερον
1497 1747 1623 1796 plures
1680 1745 1794 1785 codd.

1136 1798 1344 1854 πρότερον.
1401 1802 1527 1838 Minus
1557 1809 1678 1850 recte,
1706 1815 1794 1839 mea

1137 1858 1294 1910 quidem
1327 1860 1527 1895 sententia.
1587 1860 1656 1895 Est
1691 1860 1794 1895 enim

1136 1913 1229 1951 haec
1252 1916 1325 1951 loci
1347 1917 1556 1952 sententia:
1594 1919 1691 1952 tanto
1715 1928 1796 1952 ma—

1135 1974 1192 2020 gis
1203 1976 1308 2022 atque
1323 1972 1524 2018 studiosius,
1542 1978 1582 2008 ut
1599 1972 1695 2007 bene
1707 1970 1796 2008 red-

1136 2027 1231 2064 didit
1270 2026 1667 2077 Schweighaeuserus.
1718 2030 1798 2065 Ita-

1138 2097 1212 2135 que
1241 2083 1411 2134 displicet
1437 2083 1697 2121 Valckenaerii
1731 2097 1795 2121 ra-

1137 2142 1202 2188 tio,
1225 2142 1290 2192 qui
1311 2140 1409 2178 hanc
1422 2141 1625 2177 verborum
1639 2147 1796 2177 natura-

1137 2197 1216 2234 lem
1255 2210 1333 2233 esse
1372 2203 1597 2233 structuram
1627 2198 1792 2234 censuit:

1138 2252 1205 2292 καὶ
1240 2248 1390 2303 μᾶλλόν
1421 2267 1457 2290 τι
1488 2250 1794 2303 προθυμότερον

1143 2309 1210 2354 (vel
1222 2308 1511 2355 studiosius),uhi
1525 2311 1674 2358 μᾶλλον
1685 2322 1796 2346 com-

1138 2367 1305 2416 parativo
1342 2364 1513 2401 additum
1541 2365 1585 2401 eft
1617 2367 1794 2403 orationis

1139 2420 1384 2468 abunduntiai,
1420 2434 1537 2472 quam
1577 2423 1794 2460 invenimus

1140 2491 1292 2529 quoque
1330 2491 1442 2528 supra
1479 2479 1528 2525 ΙΙ,
1570 2480 1661 2518 137.
1731 2477 1795 2515 Ad

1138 2534 1361 2581 ὑπεξέκειτο
1392 2534 1492 2571 cons.
1523 2534 1664 2571 Herod.
1694 2536 1793 2582 vm,

1139 2593 1192 2631 60
1216 2592 1252 2635 ξ.
1274 2594 1299 2631 2
1320 2598 1355 2627 et
1377 2589 1423 2626 de
1444 2591 1556 2626 totius
1585 2592 1658 2628 loci
1678 2604 1794 2641 argu-

1140 2655 1270 2683 mento
1311 2645 1502 2684 Plutarch.
1545 2646 1795 2685 Themistocl.

1144 2706 1206 2743 10.
1239 2705 1382 2740 Paucos
1412 2717 1500 2740 vero
1544 2703 1793 2741 Athenienses

1139 2760 1179 2796 in
1212 2761 1301 2796 nrbe
1330 2761 1475 2796 relictos
1507 2773 1584 2796 esse
1612 2761 1792 2811 intelligi-

1140 2823 1201 2854 tur
1230 2831 1279 2854 ex
1295 2816 1434 2854 Herod.
1455 2817 1555 2865 vlu,
1577 2816 1643 2858 51.
