1879 3222
299 811 367 857 49

95 872 271 902 Proluditur
293 883 371 916 pug-

96 916 152 934 nae
170 908 351 949 Plataeensi.

95 940 247 968 Immissus
296 943 328 970 in

96 974 229 1001 Graecos
255 978 371 1010 equita-

94 1010 142 1034 tus
167 1008 370 1044 barbarorum,

94 1041 217 1068 multum
251 1047 339 1069 nocet

94 1075 236 1102 exercitui
288 1076 353 1102 fon-

94 1111 214 1141 temque
235 1095 354 1150 darga-

93 1140 194 1180 phiam
204 1142 244 1177 [c.
255 1143 297 1178 25]
319 1143 368 1171 ob-

95 1176 194 1202 struit.

428 172 512 212 28⁰

842 172 1292 211 HERODOTI

428 276 538 332 ,ἀλλ’
589 277 710 333 ἡμεῖς
759 278 976 334 ἄρχομεν,
1031 282 1074 323 τί
1124 280 1176 336 δὴ
1222 280 1276 324 οὐ
1330 280 1416 333 πρὸ
1465 281 1543 336 μὲν
1597 286 1739 326 τῶν7ο

428 343 670 401 ,,Ἑλλήνων
699 345 842 400 ὑμεῖς,
883 346 971 390 ἐπεί
1007 364 1050 391 τε
1080 349 1318 400 δεδόξωσθε
1357 346 1468 391 εἶναι
1497 348 1682 403 ἄριστοι,

426 412 544 466 ,,πρὸ
574 413 619 456 δὲ
648 417 736 455 τῶν
763 413 999 470 βαρβάρων
1029 414 1169 493 ἡμεῖς,
1198 417 1288 458 ἰ’σοι
1303 415 1413 470 πρὸς
1440 417 1564 466 ἰ’σους
1594 414 1684 469 ἄρι-

427 479 575 535 ,,θμὸν
602 482 895 538 μαχεσόμεθα;
935 481 1006 524 καὶ
1035 480 1090 536 ‚jv
1115 482 1193 536 μὲν
1222 483 1352 541 δοκέῃ
1380 484 1452 527 καὶ
1481 483 1583 534 τοὺς
1611 482 1684 527 ἄλ-

425 551 562 598 ,,λους
590 546 819 604 μάχεσθαι,
850 552 892 593 οἱ
924 547 965 592 δ’
1001 549 1063 590 ὠν
1085 549 1302 602 μετέπειτα
1320 552 1547 607 μαχέσθων
1565 551 1685 595 ὕστε-

397 621 419 655 6
429 631 539 667 ,,ρο.ι

600 618 637 659 εἰ
677 616 723 660 δὲ
762 618 835 660 καὶ
876 616 932 671 μή
973 614 1141 666 δοκέοι,
1179 614 1283 660 ἀλλ’
1320 616 1454 673 ἡμέας
1491 619 1741 674 μούνους75

426 680 674 738 ,,οέποχρᾶν,
704 681 825 739 ἡμεῖς
855 684 900 726 δὲ
931 681 1300 737 διαμαχεσάμεθα·
1331 685 1528 739 ὁκότεροι
1558 685 1598 729 δ’
1630 687 1685 730 ἂν

423 748 594 804 ,,ἡμέων
632 751 861 806 νικήσωσι,
899 749 1085 800 τούτους
1118 753 1179 808 τῷ
1219 751 1376 794 ἅπαντι
1411 755 1683 814 στρατοπέδῳ

424 821 622 868 ,,νικᾶν.“

676 819 725 861 Ὁ
757 819 858 874 μὲν,
886 822 1022 861 ταῦτα
1052 820 1173 869 εἴπας
1201 835 1245 862 τε
1275 819 1345 862 καὶ
1375 819 1558 873 ἐπισχών
1585 822 1685 874 χρό-

425 900 526 932 νον,
565 885 623 935 ὥς
657 887 700 928 οῖ
730 885 874 936 οὐδεὶς
913 884 1041 930 οὐδὲν
1074 884 1351 940 ὑπεκρίνετο,
1390 885 1684 931 ἀπαλλάσσετο

428 951 564 994 ὀπίσω
582 967 591 977 ·
624 951 829 996 ἀπελθών
857 954 903 997 δὲ
932 954 1133 1010 ἐσήμαινε
1155 956 1394 1012 Μαρδονίῳ
1421 954 1474 997 τὰ
1502 958 1684 997 καταλα-

399 1019 575 1074 Ξβόντα.

637 1016 687 1061 Ὁ
726 1020 795 1070 δὲ,
834 1021 1064 1077 περιχαρής
1102 1021 1330 1078 γενόμενος
1369 1021 1442 1065 καὶ
1484 1021 1740 1076 ἐπαρθεὶςὸο

428 1091 574 1143 ψυχρῇ
609 1088 731 1142 νίκῃ,
768 1087 896 1143 ἐπῆκε
933 1088 1011 1145 τήν
1053 1090 1188 1132 ἵππον
1222 1090 1290 1132 ἐπὶ
1326 1087 1432 1140 τούς
1460 1088 1683 1146 ιἝλληνας.

399 1153 491 1205 δὼς
520 1154 565 1197 δὲ
599 1152 822 1211 ἐπήλασαν
859 1157 903 1199 οἵ
941 1155 1139 1210 ἱππόται,
1179 1157 1394 1201 ἐσινέοντο
1429 1161 1575 1201 πᾶσαν
1604 1158 1684 1214 τήν

424 1348 505 1388 ἴσοι
528 1346 629 1402 πρὸς
652 1349 782 1399 ἴσους]
805 1352 914 1390 Cous.
931 1361 1027 1392 nott.

367 1404 477 1454 adl,
509 1408 547 1446 2.
598 1408 673 1445 Pro
705 1405 956 1460 μαχεσόμεθα
986 1412 1027 1447 in

365 1463 584 1500 Florentino
608 1492 617 1511 ‚
678 1465 834 1517 aliisque
906 1474 1027 1504 exstat

366 1517 650 1569 μαχεσάμεθα,
716 1520 821 1573 quod
886 1523 1026 1560 arridet

367 1573 730 1625 Schweighaeusero
751 1580 931 1616 vertenti:
963 1593 1025 1617 cur

365 1643 691 1680 nonpugnassemus
703 1633 870 1684 itemque
880 1633 1023 1671 Sohae-

366 1686 447 1722 fero
469 1687 551 1722 loco
572 1699 666 1723 mox
684 1687 888 1725 laudando.
928 1689 1024 1726 Mihi

366 1755 472 1778 secus
494 1741 653 1782 videtur,
711 1745 810 1780 Nam
838 1745 911 1781 loci
934 1759 1024 1782 sen-

367 1799 484 1834 tentia
505 1796 619 1835 haec:
646 1799 717 1836 Cur
738 1813 811 1838 non
832 1800 1025 1838 decertabi-

366 1866 443 1891 mus
462 1867 568 1904 pares
591 1867 668 1892 cum
685 1857 835 1906 paribus
868 1856 1025 1906 (numero

367 1922 444 1947 cum
464 1913 602 1957 simus).
629 1912 829 1948 Caeterum
858 1915 1026 1950 oboritur

369 1965 465 2003 mihi
484 1967 645 2018 suspicio
661 1997 670 2015 ,
693 1981 749 2015 ea,
770 1982 868 2020 quae
887 1969 949 2006 hic
970 1971 1028 2006 le—

370 2029 535 2072 guntur,
577 2036 598 2059 e
631 2025 864 2061 Graecorum
896 2027 1027 2064 talium

368 2073 496 2116 rerum
517 2080 747 2117 narrationes
761 2084 1028 2120 exornautium

370 2142 408 2172 et
429 2136 693 2186 ampliantium
712 2136 848 2175 scholis
862 2139 1028 2177 fluxisse.

368 2193 413 2229 In
443 2205 549 2244 seqq.
583 2191 630 2229 ad
661 2206 772 2231 voces
813 2194 854 2234 οἵ
893 2191 935 2234 δ’
971 2190 1028 2234 ὧν

368 2248 470 2287 conf.
508 2248 642 2288 Matth.
673 2250 740 2287 Gr.
781 2252 847 2288 Gr.
879 2253 916 2297 ξ.
946 2254 1026 2292 625

366 2317 453 2357 pag.
487 2307 614 2352 1273,
644 2306 709 2358 qui
736 2305 839 2344 idem
867 2309 904 2352 ξ.
932 2310 1026 2353 203,

369 2359 395 2399 4
426 2373 511 2410 pag.
545 2360 624 2401 375
656 2362 742 2399 coll.
775 2364 811 2407 ξ.
836 2363 916 2404 546
938 2376 1026 2414 pag.

373 2419 481 2456 1072
502 2424 538 2453 et
556 2416 749 2455 Schaefer.
770 2420 951 2470 Apparat.
978 2419 1025 2456 ad

370 2472 566 2512 Demosth.
597 2475 646 2513 Τ.
668 2475 718 2511 IV
746 2488 833 2526 pag.
865 2475 944 2517 468
977 2475 1026 2514 ad

371 2527 582 2577 μαχέσθων
600 2531 827 2569 conferatur.
868 2533 916 2568 Et
937 2532 1026 2570 facit

370 2594 454 2618 me(
460 2597 523 2620 um
551 2588 712 2625 Wessel.
752 2590 850 2625 Diss.
881 2587 1024 2627 Herod.

371 2639 427 2675 lx
451 2652 536 2689 pag.
560 2645 659 2690 136,
680 2644 744 2680 ubi
764 2645 933 2682 futurum
949 2660 1024 2695 μα-

371 2691 566 2745 χεσόμεθα
619 2712 738 2736 unum
777 2708 873 2738 stare
917 2714 1024 2752 posse

373 2755 693 2792 commonstravit.
728 2758 784 2792 De
807 2771 875 2794 usu
905 2770 1023 2796 vocu-

1082 1356 1141 1392 lae
1182 1347 1240 1394 αἷν
1272 1353 1421 1390 monuit
1454 1365 1607 1404 quoque
1639 1353 1740 1389 Har-

1081 1418 1189 1461 mog,
1227 1409 1352 1446 Lehre
1393 1423 1429 1447 v.
1475 1408 1511 1446 d.
1546 1407 1741 1446 Partikeln

1083 1467 1151 1504 der
1172 1469 1238 1504 Gr.
1259 1467 1348 1518 Spr.
1367 1467 1402 1502 11
1422 1478 1508 1517 pag.
1530 1467 1596 1506 22.

1141 1523 1176 1563 εἰ
1204 1521 1247 1562 δὲ
1274 1522 1342 1562 καὶ
1373 1519 1425 1574 μὴ
1461 1520 1611 1570 δοκέοι]
1653 1520 1741 1558 Noli

1081 1593 1126 1617 eo
1158 1579 1322 1626 offendi,
1366 1577 1469 1630 quod
1503 1579 1616 1628 paulo
1651 1584 1740 1613 aute

1079 1635 1271 1685 praecedit
1291 1632 1344 1684 ἢν
1372 1632 1443 1684 μὲν
1465 1633 1604 1685 δοκέῃ,
1636 1633 1738 1670 conf.

1078 1689 1212 1727 Matth.
1268 1691 1335 1726 Gr.
1375 1691 1440 1726 Gr.
1476 1690 1512 1734 §.
1551 1689 1661 1735 524,
1713 1691 1739 1728 6

1079 1759 1168 1799 pag.
1212 1748 1317 1786 1019
1364 1746 1531 1796 itemque
1569 1745 1738 1782 Werfer.

1079 1805 1120 1839 in
1140 1804 1242 1840 Actt.
1276 1800 1383 1851 phili.
1405 1803 1578 1841 Mouacc,
1612 1802 1629 1836 Ι
1650 1813 1739 1850 pag.

1086 1861 1179 1898 101.
1237 1857 1349 1894 Unde
1381 1858 1467 1894 satis
1494 1864 1616 1907 patet,
1645 1857 1738 1894 falso

1083 1927 1104 1950 a
1125 1912 1354 1961 Schaefero,
1389 1914 1490 1950 libris
1521 1914 1663 1963 scriptis
1683 1913 1741 1949 in.

1078 1972 1177 2020 vitis,
1199 1968 1371 2007 exhiberi
1391 1966 1443 2022 ἢν
1467 1966 1509 2009 δὲ
1530 1989 1585 1998 —
1605 1967 1740 2026 δοκέῃ.

1277 2060 1370 2111 Cap.
1401 2060 1541 2097 XLIX.

1140 2134 1309 2190 ἐπισχών
1333 2134 1497 2189 χρόνον]
1533 2138 1556 2175 i.
1578 2151 1612 2174 e.
1647 2151 1739 2175 non-

1083 2195 1195 2242 nihil,
1240 2194 1461 2244 aliquamdiu
1497 2198 1738 2233 commoratus.

1082 2249 1130 2290 τοῖ
1150 2247 1417 2301 καταλαβόντα
1447 2249 1536 2288 dicit
1556 2265 1617 2299 ea,
1649 2265 1738 2302 quae

1082 2307 1308 2356 acciderant,
1348 2314 1390 2344 ut
1419 2308 1496 2355 IX,
1544 2309 1611 2348 93.
1658 2306 1736 2348 104

1083 2364 1169 2402 coll.
1202 2365 1274 2412 ΙΙΙ,
1306 2363 1359 2403 42
1387 2364 1514 2416 ibique
1544 2364 1736 2400 allati.—

1089 2417 1254 2471 Ψυχρήν
1283 2420 1402 2469 νίκην
1426 2422 1463 2456 in
1493 2433 1597 2472 seqq.
1618 2421 1735 2456 iuter-

1082 2484 1276 2527 pretantur
1302 2476 1487 2526 frigidam
1529 2477 1568 2523 (i.
1596 2488 1627 2511 e.
1665 2487 1733 2511 va-

1082 2533 1181 2582 nam)
1212 2535 1416 2580 victori3am
1455 2533 1502 2570 cs.
1530 2533 1604 2578 vl,
1655 2533 1732 2571 108

1080 2590 1207 2641 ibique
1223 2597 1316 2630 nott.
1329 2611 1384 2619 —
1405 2588 1466 2625 Ad
1486 2588 1597 2625 verba
1613 2585 1732 2637 ἐπηκε

1081 2642 1154 2698 τήν
1178 2645 1303 2685 ι’ππον
1319 2645 1417 2683 cons.
1442 2644 1492 2692 V,
1515 2646 1582 2684 63·

1139 2701 1353 2750 ἐσινέοντο]
1392 2703 1446 2737 Ita
1487 2713 1506 2735 e
1547 2700 1735 2736 Sancrofti

1080 2758 1174 2796 libro
1208 2760 1355 2809 reposui
1395 2769 1483 2794 cum
1515 2755 1731 2808 Schweigh.
