1996 3238
373 1333 442 1380 66

494 222 551 262 88
895 220 1356 257 HERODOTI

495 331 612 383 ,πῶν
659 343 704 371 τε
745 327 769 371 ὁ
811 325 1078 384 βουλόμενος
1117 328 1191 372 καὶ
1226 330 1313 370 τῶν
1354 327 1498 371 ἄλλων
1533 328 1752 385 Ἑλλήνων

493 401 690 452 ,μυεῖται
703 409 711 418 ·

465 467 576 519 6,,τῇ
613 462 722 520 ὁρτῇ
765 462 1058 519 ἰακχάζουσι.“

774 396 848 438 καὶ
877 395 958 451 τὴν
987 395 1168 452 φωνήν,
1198 398 1274 450 τῆς
1303 394 1501 446 ἀκούεις,
1541 396 1587 439 έν
1616 397 1752 454 ταύτῃ

1121 462 1243 516 Πρὸς
1274 466 1409 505 ταῦτα
1439 465 1572 507 εἰπεῖν
1609 464 1810 521 Δημοῖ-45

493 544 649 587 ρητον·
680 532 822 586 ,,Σίγα
850 547 917 583 τε,
948 531 1018 574 καὶ
1050 530 1203 586 μηδενὶ
1243 527 1359 585 ἄλλῳ
1390 530 1465 573 τὸν
1494 531 1628 586 λόγον
1657 536 1756 576 τοῦ·

495 613 601 649 ,,τον
640 599 772 655 ε’ίπῃς.
833 598 889 654 ἢν
928 598 1011 653 γάρ
1055 614 1123 640 τοι
1161 598 1203 649 ἐς
1233 597 1409 653 βασιλέα
1440 596 1671 656 ἀνενειχθῇ
1701 600 1754 643 τοὶ

495 665 627 718 „k'aezsoc
648 669 798 715 ταῦτα,
831 665 1084 721 ἀποβαλέεις
1111 664 1192 721 τήν
1220 664 1440 720 κεφαλήν·
1475 667 1549 709 καί
1579 678 1625 709 σε
1657 667 1758 711 οὔτε

495 732 606 788 „gres
647 732 890 789 δυνήσομαι
931 732 1173 787 ῥύσασθαι,
1214 729 1304 776 οὔτ’
1342 732 1468 784 ἄλλος
1505 733 1757 787 ἀνθρώπων

495 800 629 852 ,,ου’δὲ
650 798 721 851 εἷς.
780 800 870 843 ἀλλ’
907 799 959 856 ἔχ’
991 800 1169 856 ἥσυχος·
1209 800 1306 854 περὶ
1338 800 1385 842 δὲ
1419 805 1621 856 στρατιῆς
1659 805 1814 856 τῆσ-ὅο

470 869 577 921 7,,δε
618 873 761 911 θεοῖσι
789 866 1011 923 μελη’σει.“
1073 866 1161 910 Τὸν
1201 866 1280 921 μὲν
1310 867 1362 923 δή
1380 872 1518 910 ταῦτα
1547 868 1758 921 παραινέ-

496 951 574 978 ειν.
635 935 682 978 έκ
713 935 759 977 δὲ
794 939 876 978 τοῦ
910 939 1144 990 κονιορτοῦ
1173 935 1244 978 καὶ
1275 939 1348 990 τῆς
1377 940 1525 991 φωνῆς
1555 936 1760 990 γενέσθαι

497 1002 655 1057 νέφος,
707 1002 780 1046 καὶ
819 1004 1118 1058 μεταρσιωθὲν
1150 1003 1365 1059 φέρεσθαι
1401 1002 1471 1045 ἐπὶ
1510 1006 1761 1058 Σαλαμῖνος

470 1069 572 1113 sinz
600 1069 648 1113 τό
682 1071 977 1124 στρατόπεδον
995 1072 1043 1115 τὸ
1073 1075 1161 1114 τῶν
1185 1070 1415 1127 Ἑλλήνων.
1462 1071 1577 1114 οὕτω
1609 1072 1653 1115 δὲ
1685 1069 1762 1114 αὐ-

497 1137 604 1188 τοὺς
632 1143 802 1193 μαθεῖν,
837 1139 904 1184 ὅτι
932 1140 980 1184 τὸ
1011 1138 1218 1183 ναυτικὸν
1246 1138 1294 1182 τὸ
1315 1138 1480 1191 Ξέρξεω
1500 1137 1763 1182 ἀπολέεσθαι

498 1206 662 1262 μέλλοι.

725 1210 873 1250 Ταῦτα
924 1208 1002 1262 μὲν
1041 1212 1226 1258 Δικαῖος
1268 1205 1291 1250 ὁ
1344 1207 1586 1257 Θεοκύδεος
1635 1206 1817 1261 ἕλεγε,55

500 1272 769 1330 Δημαρήτου
798 1290 841 1318 τε
873 1275 946 1318 καὶ
975 1274 1120 1318 ἄλλων
1145 1272 1382 1330 μαρτύρων
1424 1273 1762 1330 καταπτόμενος.

441 1519 557 1562 eiiam
588 1526 752 1577 pertinet
788 1526 949 1563 verbum
989 1528 1100 1577 μυεῖ-

443 1586 563 1630 σθαι,
601 1595 678 1634 quo
711 1584 845 1619 Noster
876 1583 990 1633 paulo
1018 1590 1101 1633 post

442 1651 530 1675 usus
548 1646 602 1676 est
629 1646 666 1675 et
682 1640 740 1686 11,
779 1639 855 1686 51,
882 1641 912 1676 si
943 1639 1101 1690 quidem

442 1694 537 1731 illud
557 1696 831 1732 inuniversum
851 1693 897 1731 de
911 1697 1101 1746 quibusvis

441 1752 555 1789 sacris
585 1753 730 1788 arcanis
764 1753 964 1789 seoreiisve
991 1751 1102 1788 adhi-

442 1807 567 1845 betur.
624 1809 740 1844 Plura
782 1807 886 1845 idem
927 1809 1102 1846 Creuzer.

443 1864 620 1916 Symbol,
638 1865 689 1901 IV
711 1878 748 1914 p.
770 1865 866 1906 500.
889 1886 944 1891 —
966 1866 1104 1901 Proxi—

443 1933 554 1958 mum
572 1916 806 1971 ἀποβαλέεις
829 1917 904 1970 τὴν
923 1918 1104 1971 κεφαλήν

443 1976 722 2028 Wyttenbnch.
743 1976 791 2013 ad
812 1977 1004 2017 Plutarch.
1017 1979 1105 2014 Mo·-

446 2034 530 2071 rau.
552 2035 569 2069 1
590 2046 676 2084 pag.
702 2035 780 2072 132
802 2045 822 2068 a
844 2032 910 2072 Cr.
933 2034 1105 2071 laudatus

447 2097 644 2140 comparat
665 2102 752 2125 cum
774 2089 967 2128 Plutarchi
996 2093 1048 2140 (11
1070 2104 1105 2141 p.

451 2148 499 2186 11
524 2148 589 2195 B.)
612 2145 711 2182 dicto
731 2146 865 2182 simili:
888 2144 961 2198 τήν
982 2162 1108 2196 κεφα-

447 2198 525 2253 λὴν
546 2198 617 2253 οὐχ
643 2201 739 2249 ἕξεις
767 2203 839 2238 etl
868 2216 907 2253 p.
933 2205 1038 2245 1015
1059 2205 1106 2240 E.

451 2259 507 2304 (in
527 2260 601 2296 vit.
623 2259 823 2295 Artaxerx.
846 2272 904 2310 cp.
927 2259 983 2311 9.)
1005 2255 1108 2300 ἄπο-

448 2312 644 2365 λεῖς-τήν
665 2311 860 2365 κεφαλήν.

506 2370 566 2422 ἔχε
596 2368 760 2421 ἥσυχος]
791 2369 1034 2407 Adiectivum
1069 2370 1107 2406 in

448 2425 508 2464 his
539 2426 708 2464 adhiberi
739 2428 909 2464 observat
929 2425 1108 2463 Lai-cher.

449 2485 568 2520 citans
580 2482 749 2534 Euripid.
763 2482 864 2524 Med.
883 2483 976 2523 553.
988 2484 1107 2520 Orest.

453 2540 575 2579 1275.
597 2562 647 2568 —
679 2541 798 2576 Paulo
830 2546 915 2576 ante.
948 2538 1108 2589 βασιλέα

450 2593 539 2632 dedi
561 2610 628 2647 pro
653 2597 835 2646 βασιλῆα.
856 2617 911 2623 —
941 2596 1109 2632 Verbum

451 2649 559 2703 μέλει
593 2666 681 2688 cum
712 2652 987 2703 praepositione
1017 2651 1110 2702 περὶ

451 2709 699 2745 coniunctum
711 2710 922 2746 invenimus
932 2710 993 2755 vl,
1018 2711 1108 2748 101.

448 2765 570 2802 Plura
586 2764 687 2801 dabit
708 2766 872 2815 Sti-ange
892 2767 930 2801 in
943 2763 1108 2802 Seebod,

456 2826 494 2859 et
515 2819 625 2860 Ialm.
651 2821 806 2860 Annali,
837 2823 973 2873 Suppl.
999 2824 1054 2870 11,
1082 2823 1107 2861 3

610 1342 662 1383 Οἱ
691 1341 737 1384 δὲ
765 1341 808 1392 ἐς
835 1342 912 1385 τὸν
940 1342 1109 1399 Ξέρξεω
1139 1341 1347 1387 ναυτικὸν
1377 1341 1565 1398 στρατὸν
1583 1341 1760 1398 ταχθέν·

1157 1539 1193 1577 p.
1226 1524 1327 1573 400,
1359 1524 1426 1576 qui
1453 1523 1568 1561 etiam
1598 1522 1675 1562 huc
1704 1524 1819 1562 refert

1156 1583 1320 1619 similem
1337 1582 1443 1618 verbi
1465 1581 1690 1633 φροντίζειν
1721 1588 1821 1619 stru-

1157 1646 1306 1676 cturam
1325 1638 1432 1685 V111,
1464 1640 1515 1678 36
1536 1644 1573 1674 et
1602 1639 1689 1682 vll,
1724 1640 1820 1678 236.

1213 1693 1257 1734 ἐκ
1288 1691 1331 1733 δὲ
1350 1696 1421 1732 τοῦ
1450 1696 1684 1746 κονιορτοῦ]
1726 1692 1768 1733 δὲ
1799 1707 1820 1730 e

1158 1752 1323 1790 Florem.
1356 1763 1377 1786 a
1412 1757 1568 1789 recenti.
1600 1752 1682 1787 iure
1712 1764 1822 1788 rece-

1162 1814 1271 1858 ptum
1293 1819 1360 1858 pro
1381 1808 1484 1857 vulg.
1509 1805 1574 1858 δή.
1591 1809 1665 1844 Pro
1679 1821 1822 1859 μεταρ-

1160 1861 1311 1903 σιωθὲν
1332 1865 1370 1899 ἰιι
1386 1862 1520 1900 Schol.
1542 1866 1725 1914 Hei-mog.
1744 1864 1771 1901 Ι.
1794 1864 1821 1901 Ι.

1161 1927 1282 1958 exstat
1329 1918 1541 1971 μετάρσιον
1588 1920 1822 1972 γενόμενον,

1159 1978 1327 2028 itemque
1347 1972 1569 2015 α’πολέσθαι
1579 1990 1646 2028 pro
1660 1973 1824 2016 ἀπολέε-

1162 2038 1271 2073 σθαι.
1337 2034 1422 2070 Vox
1452 2029 1684 2084 μετάρσιος,
1723 2047 1822 2086 quae

1162 2089 1265 2127 idem
1286 2090 1385 2127 valet
1405 2096 1518 2140 atque
1540 2089 1732 2143 μετέωρος
1757 2103 1823 2128 su-

1163 2160 1230 2198 pra
1252 2153 1371 2183 exstat
1391 2147 1457 2183 vll
1471 2176 1480 2194 ‚
1503 2149 1595 2187 188.

1220 2198 1462 2254 Δημαρήτου
1505 2215 1545 2240 τε
1589 2199 1657 2240 καὶ
1694 2199 1823 2241 ἄλλων

1165 2256 1376 2310 μαρτύρων
1395 2254 1710 2308 καταπτόμενος]
1740 2259 1766 2296 i.
1787 2272 1823 2296 e.

1164 2316 1352 2353 Demarati
1362 2314 1578 2362 aliorumque
1590 2317 1754 2352 invocans
1769 2318 1823 2352 te-

1165 2373 1373 2408 stimoninm.
1440 2371 1551 2407 Conl'.
1590 2372 1660 2418 vl,
1698 2374 1750 2412 68
1787 2378 1824 2409 et

1164 2426 1336 2464 Eustath.
1370 2426 1417 2464 nd
1447 2427 1490 2463 ll.
1518 2441 1554 2477 p.
1580 2427 1680 2474 155,
1713 2430 1764 2469 28
1792 2441 1823 2466 s.

1169 2487 1272 2529 117,
1314 2484 1385 2530 34,
1433 2484 1498 2519 ubi
1529 2480 1824 2534 καταπτόμενος

1166 2541 1228 2577 ine
1240 2541 1504 2591 interpretatur
1514 2536 1715 2592 μάρτυρας
1728 2555 1823 2594 προ·

1168 2596 1318 2649 φέρων.

1364 2675 1455 2726 cap.
1491 2675 1628 2712 val.

1224 2764 1277 2804 Οἱ
1295 2762 1335 2804 δὲ
1363 2763 1401 2811 ἐς
1421 2761 1485 2804 τὸν
1507 2762 1657 2814 Ξέρξεω
1688 2779 1824 2805 ’ναυτι-

1165 2818 1238 2863 κᾶν
1271 2818 1435 2874 στρατόν
1473 2818 1712 2873 ταχθέντες]
1762 2821 1822 2860 Ad
