1996 3238
524 186 870 224 URANIA.
929 186 1062 224 V111.

1318 185 1402 226 193

117 297 320 341 3τούτων
338 298 427 341 τῶν
455 293 630 347 ἀνδρῶν
659 291 739 337 ἀπ’
763 292 942 350 ’Ἄργεος
971 292 1184 350 ἀπόγονοι
1212 296 1403 350 Σωτῆρι.

151 360 304 416 οὗτος,
336 363 426 407 ἐπεί
453 378 498 405 τε
527 362 732 418 διέβησαν
760 363 803 404 οἱ
837 364 1092 417 Τημενίδαι,
1125 362 1255 418 μέγας
1285 361 1400 405 οὕτω

146 431 279 488 έρῤύη
310 429 415 474 ὥστε
444 428 547 480 τούς
576 429 730 479 ἱππέας
762 428 818 485 μὴ
849 430 974 480 οἴους
1000 446 1044 472 τε
1072 430 1276 484 γενέσθαι
1307 431 1456 473 δια-25

115 503 138 542 4
149 504 290 556 βῆναι.

350 498 405 540 Οἱ
433 496 500 547 δὲ,
531 494 786 551 α’πικόμενοι
816 496 858 548 ἐς
886 495 1019 552 ἄλλην
1047 500 1131 550 γῆν
1158 501 1232 552 τῆς
1254 502 1400 542 Μακε-

144 567 315 621 δονίης,
354 566 537 619 οἴκησαν
565 563 694 614 πέλας
721 567 810 606 τῶν
852 561 1002 617 κήπων
1037 567 1124 606 τῶν
1153 565 1400 619 λεγομένων

141 631 254 678 εἶναι
281 633 436 676 Μίδεω
472 635 553 675 τοῦ
589 633 804 685 Γορδίεω·
849 631 896 674 ἐν
933 636 1047 675 τοῖσι
1077 629 1232 687 φύεται
1269 631 1399 676 αὐτό-

142 717 258 758 ματα
288 698 420 758 ῥόδα,
449 700 500 743 ἓν
531 699 713 744 ἕκαστον
742 699 839 756 ἕχον
865 698 1072 756 ἑξήκοντα
1100 697 1258 756 φύλλα,
1289 698 1402 758 ὀδμῇ

83 909 108 934 a
126 896 233 934 nobis
243 902 413 935 avertant
429 896 668 936 imminentia
679 904 744 936 aut

85 966 107 990 a
127 955 301 1004 periculis
322 967 392 991 nos
420 962 610 1005 praestent
628 962 741 996 tutos.

84 1010 522 1061 ConferaturSpauhem.
534 1013 591 1048 De
603 1018 740 1063 praest.

82 1079 191 1104 num.
211 1068 308 1104 Diss.
329 1068 398 1104 Vn
421 1081 458 1118 p.
480 1067 560 1108 416
581 1081 602 1104 a
624 1070 742 1106 VVes-

83 1124 219 1174 seling.
249 1122 422 1160 laudatus
449 1124 645 1162 Plutarch.
667 1126 743 1162 Ca-

81 1180 179 1217 min.
214 1182 263 1221 10
296 1180 362 1219 fin.
391 1180 545 1218 Aristid.
577 1185 640 1222 11.
661 1183 740 1218 De-

81 1243 191 1274 metr.
226 1238 291 1277 10.
320 1238 407 1275 Dio.
439 1236 493 1278 46
521 1239 602 1277 init.
632 1239 740 1276 Atat.

83 1292 136 1333 14
165 1292 233 1332 fin.
254 1292 322 1334 42.

135 1371 257 1420 πέλας
283 1374 364 1412 τῶν
395 1367 540 1423 κήπων
564 1375 645 1413 τῶν
676 1375 741 1413 λε-

78 1428 259 1481 γομένων
282 1426 383 1468 εἶναι
402 1430 542 1468 Μίδεω
555 1433 625 1470 τοῦ
641 1432 739 1482 Γορ-

80 1482 194 1536 δίεω]
240 1485 392 1533 „Midae
412 1484 536 1535 huius,
557 1488 654 1524 inter
672 1500 739 1524 su-

78 1543 306 1593 perstitionis
345 1550 516 1580 auctores
546 1556 635 1580 cum
666 1545 740 1581 Or-

80 1597 182 1650 pheo
202 1605 238 1635 et
246 1599 437 1650 Eumolpo
447 1601 638 1651 principis,
650 1601 738 1649 sata,

79 1668 206 1692 mores
235 1662 408 1708 artesque
447 1658 486 1692 in
518 1657 638 1694 Vossii
670 1658 737 1694 lib.

81 1713 99 1748 1
119 1714 176 1749 De
195 1711 330 1749 Idoloi.
354 1725 388 1750 c.
412 1712 465 1753 24
488 1719 524 1749 et
543 1712 738 1750 Bouhierii

79 1769 176 1808 Diss.
197 1768 367 1806 Herodd.
389 1782 421 1805 c.
433 1770 471 1809 8.
503 1771 654 1807 Fixerat
677 1784 739 1807 se-

82 1823 147 1862 des
186 1832 273 1862 ante
299 1827 461 1876 Brigum
489 1828 679 1864 coloniam
699 1829 740 1864 iu

82 1882 212 1918 Asiam
233 1881 451 1930 deductam,
481 1883 529 1920 ad
550 1883 739 1920 Thraciae

82 1937 404 1990 Macedoniaeque
436 1947 608 1977 montem
643 1942 741 1977 Ber-

82 1994 218 2041 mium,
247 1995 405 2032 Conone
432 2003 571 2036 narrat.
599 1998 617 2033 1
645 2010 735 2034 con·

83 2051 281 2088 sentiente.
329 2052 490 2101 Propter
516 2065 606 2088 eum
625 2066 741 2090 mon-

81 2112 161 2144 tem
180 2105 302 2152 horti,
327 2108 510 2145 notabiles
530 2122 741 2158 sexagenum

77 2162 251 2214 foliorum
271 2165 371 2212 rosis,
390 2176 489 2216 quae
501 2166 740 2202 Tertulliano

80 2221 139 2257 De
161 2220 300 2259 Coron.
324 2220 375 2261 14
404 2224 623 2259 centenariae
642 2235 742 2260 rosae

81 2276 123 2314 de
146 2276 244 2314 horto
259 2275 390 2314 BIiclae
408 2276 536 2324 ἱρείας
557 2277 624 2316 sed
645 2292 741 2316 con-

81 2332 275 2382 fundenti,
296 2335 327 2370 si
345 2340 474 2370 tamen
487 2338 651 2386 primam
670 2348 754 2372 vo*

82 2403 168 2427 cem
187 2391 296 2427 Beat.
317 2389 524 2430 Rhenanus
545 2399 582 2430 et
609 2393 742 2442 Rigal-

81 2447 155 2483 tius
174 2453 275 2483 recte
294 2446 505 2496 formarint,
531 2449 741 2500 centifohas,

84 2499 183 2552 ῥ’όδα
209 2500 533 2553 ἑκατοντάφυλλα
558 2507 740 2556 Pangaei,

82 2557 272 2597 Thraciae
280 2561 475 2609 montis,in
485 2559 742 2613 Theophrast.

83 2615 179 2653 Hist.
201 2617 328 2654 Plant.
350 2616 415 2666 VI,
441 2620 481 2659 6.
518 2619 595 2655 Illis
610 2626 741 2656 autem

84 2670 124 2707 in
145 2670 259 2711 hortis
288 2669 373 2724 ἥλω
396 2678 521 2724 captus
552 2676 644 2724 (non
675 2688 742 2713 ex-

85 2730 223 2777 ceptus,
260 2731 315 2767 uti
350 2730 480 2782 Valla)
521 2732 672 2769 Silenus
703 2738 741 2769 et

87 2791 236 2824 coactus
267 2785 315 2823 ad
335 2799 379 2823 ea
400 2787 472 2825 fuit
500 2786 738 2840 explicanda,

141 2841 361 2881 Hffliono'r.
388 2844 454 2882 IV.

798 910 897 950 quae
924 894 1170 948 Theopompi
1200 894 1296 945 fide,
1327 896 1397 934 ista
1415 897 1458 935 in

796 953 1138 1001 fabula‚indioibus
1167 955 1351 1005 Dionysio
1375 956 1456 992 Ha-

796 1012 858 1049 lic.
870 1012 1016 1062 T.11p.
1031 1012 1110 1050 132
1126 1017 1161 1047 et
1182 1009 1345 1047 Theone
1358 1012 1456 1050 Pro-

797 1081 932 1120 gymu.
962 1081 993 1105 c.
1022 1069 1061 1114 2,
1102 1068 1198 1103 mire
1229 1068 1456 1107 luxuriantis

797 1126 987 1175 Virgilius,
1003 1122 1176 1168 Ovidius,
1188 1124 1367 1161 Aelianus
1389 1126 1454 1173 [V.

795 1184 845 1222 Η.
866 1183 933 1229 111,
958 1183 1031 1229 18,
1071 1180 1137 1216 ubi
1157 1180 1231 1217 vid.
1255 1181 1454 1233 Perizon.]

795 1239 905 1276 nobis
967 1235 1213 1288 prodidere.‘⁸
1280 1237 1456 1276 Wesse-

797 1295 810 1333 l
822 1297 868 1332 in
879 1307 918 1344 g.
945 1292 1239 1331 Valckenaerius
1259 1302 1455 1344 praeterea

797 1351 961 1388 conferri
989 1350 1071 1387 vult
1100 1349 1147 1386 de
1178 1351 1308 1387 Sileno
1336 1352 1376 1387 in
1396 1350 1456 1389 his

795 1407 923 1445 Midae
953 1405 1070 1444 hortis
1110 1414 1220 1457 capto
1255 1408 1383 1445 navis.
1414 1409 1456 1445 in

794 1467 900 1502 Max.
922 1465 1019 1515 Tyr.
1052 1464 1121 1507 XI,
1145 1467 1164 1503 1
1205 1470 1243 1500 et
1273 1463 1457 1503 Bouhier.

795 1523 890 1559 Diss.
912 1534 976 1557 sur
1001 1518 1182 1556 l'histoire
1216 1519 1398 1558 d'Herod.
1420 1534 1456 1560 c.

796 1580 835 1619 8.
875 1579 941 1615 Tu
956 1576 1043 1614 vide
1064 1589 1162 1628 quae
1183 1575 1231 1614 de
1250 1575 1322 1614 hac
1343 1578 1457 1614 fabu-

795 1636 832 1672 la
872 1635 1028 1685 eiusque
1067 1646 1181 1670 sensu
1212 1633 1456 1671 reconditiori

795 1690 968 1728 disseruit
988 1690 1163 1729 Creuzer.
1193 1690 1257 1727 in:
1291 1690 1456 1728 Studien

793 1750 829 1785 11
856 1762 894 1800 p.
915 1744 997 1789 234
1024 1759 1127 1798 seqq.
1162 1747 1247 1786 coll.
1278 1747 1456 1799 Symbol.

794 1806 849 1841 ΙΙΙ
881 1818 919 1855 p.
948 1802 1044 1844 215.
1103 1804 1175 1848 Qui
1207 1803 1311 1840 idem
1335 1815 1455 1842 ‘nuno

797 1863 913 1899 etiam
959 1859 1130 1896 adhiberi
1175 1861 1256 1897 vult
1294 1862 1455 1913 Dionys,

794 1919 917 1955 Halic.
937 1917 1058 1967 Epist.
1081 1916 1129 1953 ad
1149 1918 1337 1968 Pompeii.
1364 1930 1454 1968 pag.

796 1978 877 2016 787
908 1972 1038 2011 Reisk.
1067 1985 1156 2024 pag.
1198 1974 1252 2015 57
1291 1976 1453 2025 Kriiger.

795 2030 984 2080 huiusque
1013 2037 1110 2066 nott.
1167 2029 1270 2069 Add.
1305 2029 1456 2068 Hoeck.

798 2087 897 2123 Cret.
918 2098 1007 2136 pag.
1032 2087 1130 2132 129,
1162 2087 1227 2136 qui
1248 2084 1454 2124 Thracicas

797 2149 929 2193 gentes
949 2140 1022 2178 hoc
1049 2141 1118 2177 sub
1141 2140 1247 2178 Mida
1266 2144 1305 2178 in
1327 2141 1455 2194 Phry-

797 2200 901 2250 giam
918 2210 1103 2248 regressos
1113 2211 1191 2235 esse
1206 2199 1346 2236 statuit.
1378 2201 1455 2236 Fa-

796 2257 928 2293 bulam
958 2254 1057 2291 hanc
1086 2253 1134 2291 de
1154 2255 1286 2292 Sileno
1307 2269 1329 2293 a
1348 2254 1454 2293 Mida

797 2325 888 2363 rege
908 2318 1042 2362 capto,
1080 2311 1233 2349 uberius
1261 2320 1454 2350 narratam

797 2369 1099 2419 Philippicorum
1119 2369 1326 2407 inseruerat
1346 2377 1455 2407 octa-

797 2440 846 2463 vo
879 2426 976 2463 libro
1009 2423 1298 2476 Theophrastus
1336 2427 1452 2477 ipsius

797 2480 981 2520 Herodoti
999 2479 1095 2518 haec
1111 2481 1152 2521 ἐν
1168 2479 1334 2536 παρόδῳ
1346 2484 1453 2535 quasi

798 2539 1005 2577 enarrantis
1043 2539 1265 2575 auctoritate
1296 2552 1452 2590 permo-

796 2604 870 2642 tus,
890 2595 944 2632 uti
963 2593 1128 2636 videtur.
1183 2594 1269 2634 Vid.
1300 2597 1450 2636 Aelian.

794 2653 821 2690 1.
844 2654 867 2692 l.
890 2652 1039 2688 Monuit
1057 2653 1263 2691 Frommel.
1277 2653 1318 2689 in
1334 2653 1456 2690 creu-

796 2710 874 2747 zeri
892 2708 1037 2744 Melett.
1057 2709 1111 2745 111
1128 2722 1168 2760 p.
1192 2708 1283 2749 140.

879 2783 1002 2840 ῥόδα,
1058 2786 1106 2827 ἓν
1150 2785 1316 2829 ἕκαστον
1361 2786 1451 2840 ἕχον

1134 2846 1186 2885 13
