1879 3222
336 241 403 278 DE
432 238 557 277 VITA
585 238 661 275 ΕΤ
690 237 925 277 SCRIPTIS
955 239 1235 280 HERODOTI.
1440 241 1524 282 417

47 365 123 406 qua
144 360 180 391 et
199 355 406 391 Hecataeus
434 350 629 401 scripserat
650 348 830 385 Milesius.
886 348 948 386 Ad
980 349 1090 389 huius
1115 353 1352 403 potIssimum
1379 362 1417 394 et
1436 368 1522 395 ora-

46 411 158 448 tionis
186 417 222 448 et
250 411 400 460 linguae
429 408 615 444 rationem
635 419 714 443 sese
736 404 1027 445 conformaverit
1047 422 1199 446 necesse
1229 418 1303 460 est3
1348 425 1522 467 quaeque

46 474 194 504 exstant
213 465 388 503 Hecataei
407 464 645 515 fragmenta,
684 474 865 513 magnam
895 464 1098 502 ostendunt
1127 467 1321 519 utriusque
1339 472 1523 509 sermonis

46 522 369 560 similitudinem.“
427 521 635 558 Subiiciam
656 518 712 556 his
743 519 917 555 Creuzeri
946 522 1061 557 verba
1079 522 1118 557 in
1139 523 1317 573 fragmm.
1338 524 1524 567 historico.

46 593 87 630 p,
128 581 199 620 18:
255 579 433 628 „Etenim
466 576 684 614 Eustathius
713 574 760 613 ad
792 577 948 613 Homer.
977 578 1022 614 Il.
1050 579 1067 613 1
1095 591 1133 627 p.
1166 581 1192 618 7
1235 580 1347 619 Basil.
1377 590 1413 620 et
1452 586 1524 622 alia

47 635 210 687 disputat
230 641 266 671 et
285 633 379 671 illud
402 633 526 671 addit:
558 633 772 671 Herodotum
793 631 1001 683 Pherecydis
1023 640 1059 670 et
1078 633 1254 672 Hecataei
1278 638 1318 673 in
1346 641 1524 679 orationis

46 704 184 743 genere
211 692 373 728 similem
403 704 494 728 esse.
553 689 662 736 Quod
683 690 737 726 uti
765 701 843 726 non
863 690 1029 740 praecise
1057 693 1291 740 negaverim,
1327 695 1379 731 ita
1399 698 1525 736 nullus

47 748 205 792 dubito,
233 749 264 785 si
282 748 459 785 Hecataei
478 747 634 800 quidam
661 747 756 783 liber
785 746 932 797 integer
954 752 1097 794 exstet,
1139 747 1303 798 plurima
1332 760 1525 802 repertum

44 805 110 852 iri,
142 802 245 840 unde
275 804 428 855 patefiat
448 806 655 855 elegantior
676 801 830 855 quidam
864 803 1007 850 cultus,
1045 816 1160 855 quem
1189 806 1358 855 prosaica
1386 810 1526 849 Ionum

45 860 163 897 oratio
183 860 355 898 Herodoti
373 861 528 898 artificio
551 860 726 901 debeat.“
786 860 890 906 Quae
908 866 950 897 ut
973 860 1165 897 verissima
1186 861 1371 913 disputata
1391 865 1527 904 viden-

43 922 126 964 tur,
158 917 210 953 ita
237 919 382 966 laegeri
409 919 514 954 illam
545 917 792 965 senteutiam,
814 916 888 968 quit
912 916 1039 954 Carica
1071 917 1310 957 Herodotum
1331 923 1528 962 contendit

42 986 157 1015 usum
187 986 265 1011 esse
297 974 482 1023 dialecto,
512 987 591 1011 non
617 973 762 1021 habeo,
793 974 929 1024 quibus
959 975 1166 1012 accuratius
1197 977 1370 1026 probem.
1425 979 1529 1018 Nihil

45 1028 225 1078 dubium,
267 1032 357 1082 quin
375 1060 385 1078 ,
431 1030 506 1082 quit
527 1037 647 1068 aetate
667 1037 772 1080 pater
791 1029 967 1066 historiae
987 1031 1151 1080 scripsit,
1182 1034 1319 1070 Ionum
1347 1034 1529 1075 dialectus

42 1087 212 1122 maxime
239 1089 339 1124 culta
366 1095 402 1124 et
429 1094 636 1138 propagata
665 1086 800 1133 fuerit,
831 1085 933 1122 uude
952 1084 1108 1134 factum,
1140 1094 1181 1125 ut
1204 1096 1240 1126 et
1258 1091 1472 1131 Herodotus
1492 1101 1530 1132 et

45 1143 127 1190 alii,
161 1156 254 1195 quos
282 1157 394 1195 supra
408 1145 616 1192 nominavi,
636 1144 700 1179 illa
719 1149 913 1180 uterentur
938 1156 1089 1180 necesse
1107 1151 1213 1182 esset.
1235 1142 1277 1194 ᾔ)
1334 1149 1433 1186 Hinc
1467 1152 1530 1189 vel

43 1200 274 1248 Hellanicus,
296 1202 362 1253 qui
381 1200 565 1238 Herodoti
583 1213 721 1250 suppar
736 1206 923 1248 censetur,
954 1200 1123 1236 Ionicam
1144 1200 1347 1240 dialectum
1366 1205 1406 1242 in
1425 1207 1529 1245 libris

43 1257 118 1292 suis
138 1258 356 1306 praetulisse
378 1257 547 1306 videturr,
580 1258 720 1308 quippe
744 1257 850 1294 cuius
874 1257 913 1292 in
932 1256 1154 1306 fragmentis
1185 1258 1310 1297 adhuc
1341 1262 1531 1314 quaedam

43 1324 235 1362 superesse
256 1313 386 1351 dicunt
406 1315 524 1351 ionici
551 1315 733 1351 sermonis
753 1314 930 1363 vestigia3
952 1309 1022 1358 ἢ)
1055 1313 1146 1365 quid
1174 1316 1280 1367 quod
1299 1317 1532 1371 Pherecydis

43 1366 216 1404 historias
246 1370 384 1407 eodem
409 1373 548 1408 Ionum
579 1382 757 1407 sermone
788 1370 1016 1420 conscriptas
1043 1383 1122 1407 esse
1143 1371 1254 1409 valde
1278 1373 1320 1410 fit
1349 1377 1533 1425 probabi-

43 1425 80 1461 le
96 1421 115 1461 Ξ)
136 1421 238 1472 Ψὲᾕ)
267 1427 325 1461 De
344 1429 533 1464 Hecataeo
553 1428 698 1463 Milesio
714 1427 800 1464 satis
815 1433 1000 1464 testantur
1019 1428 1220 1480 reliquiae3
1252 1436 1287 1466 et
1308 1429 1444 1470 diserte
1454 1440 1532 1469 tra-

46 1479 101 1517 dit
120 1482 380 1531 Hermogenes
402 1481 448 1519 de
469 1484 564 1519 ideis
579 1485 615 1519 II
632 1497 669 1532 p.
693 1483 773 1523 513
802 1482 862 1534 †)‚
893 1485 1129 1520 Hecataeum
1149 1499 1261 1522 usum
1282 1499 1359 1522 esse
1378 1501 1424 1541 τῃ
1444 1489 1532 1528 δια-

44 1535 166 1590 λέκτῳ
187 1533 342 1590 ἀκράτῳ
364 1534 468 1577 Ἰάδι
484 1570 494 1587 ,
534 1537 775 1575 Herodotum
793 1549 884 1574 vero
901 1538 1060 1591 ποικίλῃ
1089 1540 1115 1576 i.
1137 1553 1171 1580 e.
1192 1541 1312 1578 multis
1338 1546 1533 1585 orationum

35 1595 175 1645 figuris
193 1598 227 1631 et
248 1597 400 1632 numeris
419 1598 622 1643 variegata,
658 1601 700 1631 ut
720 1595 883 1644 explicat
905 1595 1136 1645 VVesseling.
1156 1597 1251 1633 Diss.
1270 1599 1414 1639 Herod.
1434 1603 1473 1638 X
1493 1616 1532 1653 p.

49 1648 140 1698 146,
168 1651 230 1687 vel
249 1652 392 1702 potius,
423 1654 538 1688 mixta
557 1652 582 1690 i.
605 1663 641 1692 e.
666 1662 746 1687 nou
766 1663 861 1700 pura
880 1651 1028 1698 Ionica,
1057 1650 1125 1688 sed
1145 1654 1308 1702 variata,
1336 1656 1415 1693 aliis
1436 1659 1534 1708 epici

45 1712 83 1743 et
101 1707 264 1757 vulgaris
289 1709 473 1745 sermonis
492 1708 623 1744 formis
645 1706 836 1744 admixtis.
893 1706 1009 1757 Apud
1040 1706 1154 1746 Phot.
1183 1709 1278 1747 cod.
1298 1712 1370 1748 LX
1398 1727 1435 1764 p.
1465 1715 1533 1756 59.

43 1757 228 1814 Ἰωνικῆς
252 1763 454 1804 διαλέκτου
486 1761 621 1804 κανῶν
655 1770 813 1801 vocatur
841 1763 1079 1813 Herodotus,
1110 1772 1147 1802 et
1171 1779 1193 1802 a
1220 1768 1378 1820 Dionys.
1409 1772 1534 1810 Halic-

44 1819 163 1870 Epist.
193 1819 241 1856 ad
271 1822 340 1860 Cn.
371 1822 511 1873 Pomp.
545 1822 597 1858 VI
627 1834 666 1871 p.
690 1820 771 1860 775
804 1819 932 1859 Reisk.
951 1816 1083 1868 Ἰάδος
1102 1818 1262 1872 ἄριστος
1283 1822 1430 1865 κανών.
1488 1829 1534 1864 Iu

46 1876 208 1924 sepulcri
230 1877 472 1928 inscriptione
501 1884 630 1915 autem
657 1875 874 1916 Herodotus
901 1884 1059 1916 vocatur
1075 1874 1211 1927 Ἰάδος
1235 1875 1400 1933 α’ρχαίης
1427 1882 1535 1923 ἱστο-

48 1928 137 1982 ρίης
155 1929 360 1982 πρύτανις.

161 2019 266 2064 Quae
287 2033 407 2072 quum
435 2022 487 2058 ita
507 2022 600 2069 siut,
636 2035 774 2072 operae
803 2034 893 2059 sane
912 2023 1100 2073 pretium,
1134 2025 1343 2063 accuratius
1371 2026 1412 2063 in
1433 2040 1532 2078 eam,

48 2087 146 2127 quae
166 2076 374 2114 Herodotei
393 2078 576 2114 sermonis
596 2078 722 2126 fuerit,
756 2078 922 2114 formam
941 2080 1146 2131 inquirere.
1204 2082 1328 2127 Quem
1349 2085 1451 2121 enim
1468 2087 1535 2123 Io-

49 2133 136 2169 nica
150 2131 310 2171 dialecto
330 2135 516 2185 scripsisse
533 2133 711 2184 diximus,
731 2135 761 2172 is
772 2133 1072 2188 haudquaquam
1091 2137 1132 2174 in
1152 2139 1328 2177 omnibus
1343 2140 1396 2178 ita
1414 2149 1534 2181 certas

142 2320 176 2364 ’)
202 2319 281 2354 vid.
306 2320 444 2366 Dionys.
469 2322 578 2358 Halic.
603 2323 651 2357 VI
677 2335 709 2368 p.
736 2325 813 2359 854.
838 2325 889 2370 (p.
917 2325 992 2359 146.
1020 2324 1122 2370 147)=
1148 2325 1184 2360 οὶ
1202 2325 1242 2361 δὲ
1266 2325 1338 2371 πρὸ
1362 2329 1430 2362 τὀῦ
1463 2329 1536 2364 Πε-

51 2364 343 2410 λοποννησιακοῦ
371 2366 559 2410 γενόμενοι
586 2368 749 2412 πολέμου
778 2370 839 2404 καὶ
867 2370 970 2414 μέχρι
998 2372 1066 2405 τοῦ
1088 2372 1320 2407 Θουκυδίδου
1341 2377 1536 2416 παρεκτεί-

51 2423 178 2450 ναντες
197 2408 350 2455 ἡλικίας,
367 2410 498 2454 ὁμοίοις
517 2410 620 2456 ἔσχον
639 2411 799 2454 ἅπαντες
817 2413 867 2455 ὥς
885 2415 944 2450 ἐπὶ
965 2414 1008 2450 τὸ
1041 2416 1135 2449 πολὺ
1157 2416 1406 2462 προαιρέσεις·
1437 2420 1480 2454 οῖ’
1495 2433 1536 2456 τε

49 2455 120 2501 τὴν
133 2455 239 2491 Ἰάδα
257 2456 494 2500 προελόμενοι
514 2457 722 2502 διάλεκτον,
754 2459 836 2504 τήν
871 2472 917 2495 τε
943 2473 962 2494 τ
975 2472 993 2495 ο
1008 2463 1051 2500 ἴς
1084 2475 1104 2495 τ
1116 2460 1166 2496 ότ
1178 2474 1194 2496 ε
1224 2475 1272 2507 χρ
1285 2463 1364 2498 όνο
1376 2478 1389 2499 ι
1401 2479 1418 2506 ς
1452 2478 1478 2509 μ
1490 2465 1536 2501 οὶ-

52 2505 183 2537 λιστα
218 2500 473 2537 οἷνθοῦσοιν
503 2503 564 2537 καὶ
592 2504 627 2538 οἱ
644 2503 712 2549 τὴν
738 2503 896 2550 οἷρχαίαν
922 2504 1080 2542 Ἀτθίδα
1100 2506 1231 2552 μικράς
1258 2522 1361 2551 τινας
1382 2510 1536 2556 ἔχουσαν

53 2547 237 2594 διαφορὰς
255 2548 356 2594 παρὰ
376 2547 444 2593 τήν
459 2544 567 2583 Ἰάδα
586 2563 617 2583 κ.
637 2563 668 2584 τ.
691 2553 720 2586 λ.

144 2617 202 2662 **)
227 2618 304 2654 Vid.
331 2619 446 2652 Sturz.
471 2619 513 2652 ad
538 2619 706 2652 Hellaniei
729 2620 880 2664 sragmm.
906 2632 940 2665 p.
967 2620 1012 2656 25
1036 2621 1109 2655 coll.
1132 2633 1167 2667 p.
1191 2620 1248 2658 44.
1276 2623 1354 2660 143.

130 2686 212 2728 .·”)
236 2686 313 2722 vid.
336 2687 452 2721 Sturz.
479 2687 522 2720 ad
545 2687 735 2731 Pherecyd.
757 2699 791 2732 p.
814 2688 861 2723 74
883 2699 957 2733 seq.

146 2750 190 2793 ·Ι·)
212 2752 304 2787 locus
327 2755 401 2798 ipse
424 2753 472 2788 sic
495 2766 533 2789 se
555 2755 677 2788 habet:
707 2755 937 2799 (Hecataeus)
963 2757 1008 2802 τῇ
1025 2755 1200 2804 διαλέκτῳ
1218 2756 1259 2794 δὲ
1276 2756 1426 2808 οἷκράτῳ
1441 2758 1536 2796 Ἰάδι

56 2793 119 2830 καὶ
139 2793 193 2851 ⁰²³..
205 2799 396 2854 usstcyns'vyss
426 2798 769 2854 xc‘qcoinevog'ov’dk
799 2800 894 2837 κατὰ
925 2799 994 2838 τὸν
1018 2799 1227 2849 εΗρόδοτον
1252 2808 1398 2852 ποικίλῃ
1421 2803 1534 2851 ἧττόν

57 2839 152 2876 ἐστιν
173 2853 275 2875 evena
296 2854 335 2886 γε
355 2845 482 2886 λεξεως
499 2857 703 2890 ποιητικος.
734 2877 746 2891 ,,

116 2893 340 2930 Hnnono'r.
357 2892 426 2932 IV.
1177 2899 1233 2940 27
