1879 3222
482 175 549 211 DE
578 172 703 211 VITA
733 173 806 211 ET
835 170 1070 211 SCRIPTIS
1101 173 1382 214 HERODOTI.
1589 175 1672 216 391

299 285 555 324 Exordiamur
575 298 597 322 a
623 285 746 336 patria
767 283 953 322 Herodoti
972 292 1070 323 terra
1093 286 1230 335 Caria,
1261 300 1380 339 quam
1397 299 1519 339 aeque
1543 298 1588 323 ao
1611 286 1670 325 Io-

185 345 284 381 niam
304 351 417 396 atque
437 342 612 379 Aeolidem
633 355 654 378 a
673 343 855 392 scriptore
880 350 1121 391 peragratam
1146 345 1260 381 fuisse
1281 352 1322 381 ut
1341 345 1421 396 ipsa
1439 342 1574 381 suadet
1596 357 1669 393 res,

184 400 236 437 ita
258 403 366 438 certis
385 399 563 450 probatur
584 400 751 436 testibus.
785 399 851 435 Tu
866 398 966 435 conf.
986 399 1102 437 modo
1125 399 1172 437 de
1195 400 1305 438 Caria
1324 408 1361 438 et
1381 400 1429 438 de
1447 400 1669 440 Doriemium

178 458 366 508 pentapoli
378 458 408 502 Ι,
434 454 522 502 141,
547 455 638 495 144.
662 456 742 496 174
763 456 849 494 coll.
876 458 950 495 171
979 462 1014 492 et
1039 459 1137 505 1723
1169 456 1216 494 de
1241 457 1368 495 Rhodi
1383 459 1528 507 insula3
1549 470 1667 510 quam

182 512 273 551 adiit
291 515 338 562 11,
362 513 438 552 182
455 512 539 549 coll.
558 511 713 562 111,47.
768 514 828 549 De
855 510 964 549 Ιοηίἂ
986 513 1143 563 insignis
1159 514 1263 551 locus
1285 521 1405 552 exstat
1423 517 1453 564 I,
1479 515 1558 556 142
1577 515 1666 554 coll.

180 570 243 618 VI,
269 570 337 618 143
367 567 415 604 de
438 566 568 606 ,Mileto
588 571 618 606 I.
636 572 685 610 21
709 569 838 621 ibique
853 575 947 608 nott.
969 569 1055 609 coll.
1080 572 1181 619 1373
1211 569 1259 607 de
1282 570 1431 621 Illycale
1459 578 1496 609 et
1526 571 1665 610 Panio-

178 627 239 664 nio
257 627 286 672 Ι,
311 625 388 664 148
411 625 496 662 coll.
516 627 584 673 IX,
607 628 681 675 973
714 625 760 663 de
781 625 920 676 Epheso
939 624 1183 678 Ephesioque
1212 639 1303 677 agro
1333 629 1363 675 Ι,
1391 629 1457 668 26,
1488 630 1542 669 92
1565 635 1662 670 nott.

172 681 222 728 Π,
240 680 315 720 148
337 681 423 719 coll.
446 683 492 730 ΙΙ,
518 686 578 723 10.
604 685 702 731 1063
733 682 780 720 de
811 682 971 721 Phocaea
990 684 1021 731 Ι,
1046 684 1142 730 163;
1174 682 1222 720 de
1252 683 1362 722 Samo
1393 682 1472 720 dixi
1497 685 1539 721 in
1563 692 1662 723 nott.

173 736 222 774 ad
241 738 306 784 III,
328 739 478 779 600011.
502 740 564 786 VI,
580 739 643 779 14.
702 740 786 786 Quo
802 738 938 777 eodem
958 741 1161 791 pertinent,
1187 741 1285 777 bene
1304 746 1463 777 notante
1474 742 1600 792 Heyse
1612 738 1659 792 ᾖ)

170 793 212 830 hi
234 806 388 845 quoque
408 796 507 832 loci:
538 798 585 845 11,
611 795 701 837 148.
726 799 816 838 182.
837 798 900 844 ΠΙ,
914 795 981 836 47.
998 795 1064 839 54.
1087 799 1151 837 60.
1176 796 1372 845 123,142.
1391 797 1457 846 IV,
1474 798 1542 837 88.
1565 800 1657 840 152.

170 851 233 898 w,
259 851 309 890 14
332 851 417 891 coll.
439 854 469 901 Ι,
499 856 564 893 70.
621 854 679 888 De
698 854 821 891 Aeolia
841 853 940 892 conf.
963 854 992 898 Ι,
1019 852 1108 901 149,
1125 849 1200 904 ΞΗ’)
1229 852 1277 891 de
1296 852 1437 890 Lesbiis
1455 854 1485 902 Ι,
1506 856 1575 894 23.
1601 852 1657 894 24

169 907 255 946 coll.
275 908 338 957 IV,
355 910 420 948 61.
476 910 521 945 Iu
546 908 719 947 Troadem
740 911 947 947 excurrisse
966 909 1206 947 Herodotum
1227 922 1464 962 quamquam
1485 911 1551 947 vix
1580 908 1656 946 du-

167 965 296 1012 bium,
328 971 430 1002 certa
460 973 591 1002 tamen
622 965 758 1004 desunt
789 968 1028 1015 testimonia,
1058 968 1131 1005 nisi
1151 966 1255 1020 quod
1275 967 1474 1019 aliquoties
1494 967 1655 1004 Troiani

166 1023 250 1071 agri
277 1021 318 1057 fit
346 1023 502 1060 mentio.
561 1023 619 1059 Ac
648 1022 795 1072 Sigeum
820 1024 1151 1075 promontorium,
1191 1023 1296 1076 quod
1323 1024 1499 1075 proxime
1525 1024 1654 1061 Troa-

166 1076 256 1114 dem
303 1091 382 1115 esse
411 1092 526 1116 nemo
559 1081 701 1128 nescit,
756 1082 887 1131 Ipsum
914 1081 1144 1132 inspexisse,
1184 1094 1206 1117 e
1236 1081 1321 1118 loco
1341 1081 1404 1130 IV,
1426 1083 1479 1122 38
1499 1081 1586 1118 coll.
1607 1081 1652 1126 V,

165 1134 218 1174 65
244 1134 530 1186 quodammodo
551 1137 732 1187 colligas3
780 1151 906 1190 neque
933 1138 1171 1187 incognitam
1199 1137 1270 1187 ipsi
1298 1137 1498 1187 regionem
1522 1137 1650 1186 fuisse,

163 1190 332 1228 indicare
362 1192 511 1230 videtur
538 1194 633 1230 alter
654 1194 760 1231 locus
787 1196 834 1242 ΙΙ,
867 1197 933 1235 10.
989 1194 1148 1245 Lydiam
1176 1195 1358 1231 Nostrum
1383 1194 1512 1231 visisse
1539 1195 1650 1244 plura

162 1249 344 1285 evincunt
372 1251 587 1287 testimonia
613 1251 644 1298 I,
676 1252 727 1290 93
759 1251 888 1303 ibique
920 1258 1017 1289 nott.
1046 1252 1075 1298 I,
1113 1250 1180 1291 94.
1199 1251 1264 1299 IV,
1284 1249 1360 1298 453
1391 1249 1438 1286 de
1473 1249 1649 1289 Sardium

161 1305 256 1340 urbe
281 1305 450 1357 loquitur
477 1308 507 1352 I,
535 1308 601 1347 80.
625 1306 693 1348 84.
715 1308 781 1356 ΠΙ,
815 1308 864 1356 5;
905 1306 954 1345 de
973 1307 1174 1346 Illaeandro
1201 1306 1475 1358 Maeandrique
1504 1308 1648 1358 campis

158 1361 328 1412 pluribus
346 1363 458 1408 locis,
503 1376 597 1416 quos
624 1364 822 1402 citavimus
843 1363 892 1401 ad
922 1366 952 1413 Ι,
975 1367 1039 1412 18,
1063 1365 1130 1401 ubi
1149 1363 1226 1401 w‘d.
1250 1364 1490 1415 potissimum
1508 1365 1555 1412 H,
1579 1367 1648 1405 10.

158 1419 214 1458 29
235 1417 321 1458 add.
341 1420 426 1467 VII,
448 1423 517 1461 26.
573 1421 652 1457 Nec
682 1420 829 1471 ssIysiae
856 1422 1074 1472 cognitione
1103 1420 1345 1458 Herodotum
1377 1420 1559 1469 caruisse,
1596 1432 1647 1457 ex

158 1482 334 1512 accurata
363 1475 615 1527 descriptione
640 1477 782 1514 itineris
814 1490 836 1514 a
859 1480 990 1515 Xerxe
1019 1477 1202 1517 SardIbus
1229 1476 1415 1530 Abydum
1435 1477 1525 1514 facti
1541 1476 1645 1528 (VII,

158 1530 212 1570 42
238 1533 360 1584 seqq.)
384 1535 521 1571 merito
550 1533 742 1572 concludit
770 1536 896 1586 Heyse
915 1537 939 1574 l.
959 1535 985 1574 l.
1014 1549 1053 1586 p.
1074 1537 1127 1576 90
1158 1534 1319 1572 afferens
1344 1547 1500 1586 quoque
1529 1532 1645 1571 hosce

154 1587 259 1625 locos
274 1591 321 1637 II,
346 1592 397 1630 10
418 1589 492 1639 (de
511 1590 582 1628 Ilio
607 1598 644 1628 et
668 1590 920 1642 Teuthrania),
940 1593 1005 1639 IV,
1030 1591 1095 1632 14.
1118 1591 1169 1631 15
1199 1590 1247 1627 de
1277 1591 1410 1641 Cyzico
1435 1597 1471 1642 ‘³‚t
1489 1589 1645 1628 Procon-

153 1656 252 1692 neso,
281 1646 388 1683 cuius
408 1647 556 1683 incolae
574 1647 778 1684 laudantur
797 1655 908 1686 testes
940 1661 1096 1697 eorum,
1145 1660 1244 1699 quae
1283 1646 1331 1684 de
1361 1646 1510 1683 Aristeu
1536 1653 1644 1684 retu-

151 1700 214 1745 lit,
234 1702 264 1749 I,
287 1704 341 1743 57
361 1701 409 1740 de
430 1703 560 1741 Placia
585 1711 622 1741 et
644 1704 806 1755 Scylace.
870 1705 1023 1742 Thraces
1043 1702 1219 1755 Bithynos
1238 1705 1376 1741 Noster
1404 1704 1500 1751 visit,
1521 1710 1564 1740 ut
1593 1716 1643 1741 ex

151 1758 233 1806 Vll,
248 1759 301 1801 75
322 1767 478 1811 apparet
497 1761 666 1813 itemque
687 1773 844 1799 omnem
865 1761 1157 1799 meridionalem
1177 1761 1290 1798 Ponti
1314 1761 1459 1797 Euxini
1477 1767 1642 1797 tractum

152 1827 273 1866 usque
303 1815 352 1853 ad
379 1817 674 1866 Thermodontem,
704 1818 751 1856 de
771 1832 848 1870 quo
868 1820 915 1866 Π,
935 1817 1013 1859 104
1032 1819 1118 1857 coll.
1134 1818 1198 1866 IV,
1220 1819 1285 1866 86,
1306 1818 1373 1854 ubi
1394 1816 1641 1867 Themiscyrae

151 1873 296 1908 mentIO
319 1879 355 1909 et
373 1875 422 1921 Π,
443 1873 510 1923 34,
539 1875 605 1911 ubi
627 1874 757 1926 Sinope
785 1875 951 1912 affertur.
1010 1877 1089 1911 Nec
1104 1876 1240 1911 iniuria
1260 1875 1470 1925 suspiceris,
1492 1872 1541 1910 ad
1552 1873 1639 1912 Ha-

153 1926 216 1977 lyn
244 1941 365 1980 usque
395 1928 461 1980 (de
487 1944 564 1983 quo
594 1931 709 1969 fluvio
738 1932 837 1969 conf.
858 1933 888 1978 I,
917 1935 942 1972 7
945 1934 984 1971 2.
1005 1932 1086 1979 VII,
1121 1934 1189 1973 26.
1220 1931 1265 1979 V,
1288 1929 1368 1979 52)
1398 1929 1638 1967 Herodotum

151 1986 386 2034 pervenisse,
416 1987 447 2023 si
476 1986 632 2038 quidem
660 2000 817 2024 omnem
851 1987 990 2025 dixeris
1023 1989 1156 2025 Asiam
1182 1988 1374 2024 minorem
1395 1986 1439 2023 es*-
1458 1987 1531 2034 via,
1561 1986 1639 2040 qua

150 2048 380 2080 mercatores
401 2045 594 2081 coniuncti
614 2046 846 2095 peregrinari
866 2045 988 2082 solent
1009 2044 1191 2081 Sardibus
1216 2044 1314 2081 Susa
1344 2042 1555 2092 tendentes,
1582 2044 1638 2080 11-

149 2097 232 2133 lum
258 2112 494 2148 permeasse,
536 2101 584 2138 ob
616 2108 832 2138 accuratam
862 2099 974 2138 huius
1012 2101 1156 2137 itineris
1185 2099 1478 2150 descriptionem
1503 2101 1549 2148 V,
1582 2100 1637 2141 52

149 2155 237 2191 coll.
263 2156 344 2203 VII,
367 2158 432 2196 26.
468 2159 537 2198 30.
593 2158 700 2194 Tum
722 2171 875 2210 quoque
897 2157 1040 2208 Lycios,
1072 2156 1119 2194 de
1144 2158 1279 2209 quibus
1301 2156 1382 2195 vid.
1398 2158 1427 2205 Ι,
1454 2159 1547 2201 176,
1566 2155 1638 2193 ad·-

147 2211 232 2248 iisse
280 2211 451 2262 videtur,
488 2214 660 2266 itemque
692 2215 831 2252 Cretam
859 2215 1042 2263 insulam,
1074 2213 1121 2251 de
1142 2227 1218 2266 qua
1248 2214 1351 2251 conf.
1376 2215 1408 2261 Ι,
1431 2216 1522 2254 171.
1552 2213 1636 2261 VH,

152 2270 244 2308 171.
278 2270 345 2318 ΠΙ,
377 2270 430 2311 59
460 2277 498 2308 et
527 2271 698 2323 Cyprum,
731 2271 778 2310 de
808 2272 885 2326 quiz
911 2273 1035 2309 insula
1068 2270 1145 2310 vid.
1178 2272 1209 2320 Ι,
1233 2270 1326 2312 105.
1350 2272 1442 2311 199.
1473 2269 1518 2319 V,
1543 2267 1637 2310 114.

146 2324 229 2374 VII,
252 2327 318 2366 90.

258 2383 292 2418 Ε
325 2382 450 2434 Cypro
477 2385 539 2422 vel
569 2398 619 2421 ex
636 2386 813 2437 Aegypto
833 2386 978 2423 traiecit
998 2384 1046 2422 ad
1073 2383 1282 2431 Phoenices,
1317 2396 1411 2436 quos
1440 2382 1636 2434 aliquoties

147 2437 237 2475 citat
257 2445 367 2476 testes
397 2447 434 2477 et
463 2448 656 2491 auctorest,
696 2444 744 2491 Π,
767 2442 859 2484 104.
879 2444 960 2490 VH,
985 2445 1053 2484 89.
1073 2444 1103 2490 Ι,
1124 2445 1164 2482 2.
1184 2442 1223 2482 5.
1253 2442 1318 2489 ΙΙΙ,
1342 2443 1394 2481 37
1415 2440 1498 2476 coll.
1519 2441 1566 2488 Π,
1581 2441 1635 2479 79

148 2501 185 2532 et
205 2496 376 2547 inprimis
396 2498 443 2544 Π,
463 2497 532 2549 44,
559 2499 627 2536 ubi
646 2500 800 2553 Tyrum
828 2513 868 2538 se
886 2501 976 2540 navi
1007 2501 1154 2539 venisse
1175 2497 1355 2548 declarat,
1374 2497 1464 2535 coll.
1481 2497 1530 2546 11,
1555 2498 1634 2537 106

238 2684 279 2730 *)
301 2686 368 2720 1.1.
392 2698 427 2732 p.
452 2688 510 2722 88.

239 2752 296 2797 **)
320 2754 430 2794 Quem
453 2756 519 2789 huc
542 2767 678 2800 quoque
698 2755 836 2790 trahere
857 2756 930 2790 vuit
952 2755 1068 2799 Heyse
1089 2757 1116 2791 1.
1138 2757 1162 2791 l.
1185 2767 1220 2801 p.
1243 2757 1288 2791 89
1309 2756 1418 2792 locum
1442 2754 1508 2798 ΠΙ,
1522 2754 1565 2789 55
1589 2753 1633 2788 de

150 2796 296 2840 Pitana,
322 2807 397 2835 euin
423 2802 491 2837 alio
515 2807 693 2848 spectate,
717 2802 751 2836 in
775 2807 861 2837 nott.
887 2802 930 2837 ad
955 2803 988 2837 h.
1013 2801 1037 2838 Ι.
1064 2803 1132 2838 iam
1154 2802 1277 2838 monui.
