1996 3238
188 803 294 838 turpis.

393 704 459 749 38

188 769 367 803 illorumque
391 769 465 804 suga

518 248 574 289 fio
915 243 1377 282 HERODOTI

519 357 643 411 νηΐης
669 352 918 408 Ἀθηναίης,
959 352 1006 396 ἐν
1025 351 1166 410 τούτῳ
1197 352 1242 395 ἐκ
1272 352 1350 405 μὲν
1382 353 1463 395 τοῦ
1493 349 1688 403 οὐρανοῦ
1717 357 1835 393 ute-90

521 422 678 476 ραυνοὶ
715 418 888 463 αὐτοῖσι
918 419 1167 471 ἐνέπιπτον,
1209 417 1292 462 ἀπὸ
1323 421 1368 462 ὁὲ
1397 422 1478 462 τοῦ
1509 421 1779 473 Παρνησσοῦ

519 489 838 544 ἀπορραγεῖσαι
868 486 947 532 δύο
978 487 1174 543 κορυφαὶ
1194 485 1403 541 ἐφέροντο
1433 490 1579 543 πολλῷ
1601 485 1777 542 πατάγῳ

517 556 560 609 ἐς
590 556 763 608 αὐτοὺς,
792 555 864 599 καὶ
893 559 1132 611 κατέλαβον
1154 554 1341 609 συχνούς
1366 565 1524 609 σφεων,
1555 553 1602 597 ἐκ
1633 553 1677 596 δὲ
1695 556 1778 596 τοῦ

518 626 622 679 ἱροῦ
651 628 726 680 τῆς
758 627 982 679 Προνηΐης
1021 623 1103 678 βοή
1133 638 1176 665 τε
1211 622 1283 664 καὶ
1318 620 1565 677 ἀλαλαγμὸς
1601 622 1778 677 ἐγίνετο.

518 692 835 749 Συμμιγέντων
864 692 909 734 δὲ
939 690 1109 734 τούτων
1138 687 1325 743 πάντων,
1358 688 1499 744 φόβος
1527 694 1642 732 τοῖσι
1675 692 1778 744 βαρ·
1790 694 1834 730 95

520 761 697 819 βάροισι
725 757 1019 803 ἐνεπεπτώκεε.
1078 757 1292 812 μαθόντες
1328 757 1373 800 δὲ
1404 758 1447 800 οἱ
1474 757 1642 813 Δελφοὶ
1673 756 1779 812 φεύ-

518 828 678 885 γοντάς
707 839 863 883 σφεας,
895 825 1240 881 ἐπικαταβάντες,
1276 822 1531 868 ἀπέκτειναν
1549 823 1717 881 πλῆθός
1737 840 1779 866 τι

489 895 691 940 Ξαύτῶν·
724 898 768 938 οἱ
790 895 835 939 δὲ
854 894 1097 949 περιεόντες
1118 892 1192 936 ἰθὺ
1214 896 1422 937 Βοιωτῶν
1442 893 1641 949 ἔφευγον.
1661 891 1780 934 Ἔλε-

520 981 603 1021 γον
633 964 679 1008 δὲ
723 964 767 1006 οἱ
813 961 1187 1019 ἀπονοστήσαντες
1226 956 1350 1004 οὗτοι
1391 964 1480 1003 τῶν
1519 957 1779 1016 βαρβάρων,

519 1031 579 1083 ὥς
600 1030 682 1087 ἐγώ
713 1029 1006 1086 πυνθάνομαι,
1039 1027 1098 1081 ὥς
1123 1028 1235 1084 πρὸς
1263 1028 1455 1073 τούτοισι
1483 1027 1558 1071 καὶ
1587 1026 1696 1070 ἄλλα
1725 1024 1781 1070 c3-
1814 1026 1819 1029 ⁴

519 1114 611 1153 ρων
639 1102 767 1141 θεῖα·
796 1098 878 1143 δύο
913 1098 998 1156 γάρ
1019 1097 1193 1149 ὁπλίτας
1212 1096 1389 1154 μέζονας
1418 1096 1447 1153 ἢ
1475 1094 1585 1140 navo}
1606 1092 1778 1150 ἀνθρώ·
1833 1120 1914 1160 637

519 1314 562 1356 ἐκ
585 1312 656 1367 μὲν
673 1317 748 1356 τοῦ
778 1310 955 1366 οὐρανοῦ
978 1329 1119 1368 κεραυ-

462 1370 527 1413 νοὶ
548 1368 702 1412 αὕτοῐσι
727 1370 936 1412 ἐνέπιπτον
955 1387 994 1410 κ.
1017 1388 1048 1411 τ.
1062 1371 1118 1423 L]

460 1427 571 1466 Idem
600 1428 819 1479 prodigium
847 1435 994 1465 enarrat
1026 1430 1122 1465 Dio-

453 1484 549 1523 dor.
571 1487 639 1534 XI,
663 1487 714 1525 14
738 1484 820 1537 (ubi
841 1486 941 1524 conf.
962 1486 1123 1522 VVesse-

461 1539 579 1595 ling.)
594 1550 630 1579 et
640 1543 771 1578 lustin.
786 1544 833 1588 II,
849 1544 911 1582 12.
946 1543 996 1579 Et
1017 1541 1121 1594 quod

463 1599 606 1635 mirum
641 1597 794 1646 auditu,
827 1597 982 1646 eadem,
1023 1612 1121 1650 quae

462 1655 611 1704 Persas,
633 1655 784 1691 Galatas
806 1667 959 1706 quoque
979 1656 1122 1691 irrum-

462 1718 598 1762 pentes
631 1711 800 1761 abegisse
829 1723 850 1746 a
870 1712 1012 1763 templo
1032 1725 1124 1762 spo-

461 1767 591 1805 liando
620 1775 746 1804 narrat
773 1768 1001 1814 Pausanias,
1035 1769 1123 1819 ipsis

464 1824 586 1861 ferme
617 1824 802 1861 Herodoti
830 1825 951 1861 verbis
982 1823 1052 1861 hac
1079 1826 1120 1860 in

464 1894 506 1917 re
536 1880 746 1917 enarranda
775 1894 862 1917 usus
882 1882 911 1925 I,
932 1881 958 1921 4
981 1882 1014 1926 §.
1038 1879 1063 1919 4
1086 1888 1122 1918 et

463 1938 516 1984 X,
533 1940 586 1977 23
604 1939 640 1982 ξ.
663 1941 700 1985 3,
731 1938 798 1973 ubi
817 1938 915 1973 inter
935 1938 1005 1973 alia
1026 1935 1120 1974 haec

464 1994 582 2031 verba
609 1995 729 2030 teneri
757 1995 952 2031 volumus:
984 1992 1122 2045 πέτραι

465 2064 506 2088 τε
537 2045 883 2089 ἀπολισθάνουσαι
913 2051 985 2088 τοῦ
1013 2052 1120 2100 Παρ-

464 2108 620 2145 νασσοῦ
653 2102 816 2158 μεγάῖαι
850 2105 916 2145 καὶ
950 2106 1120 2156 κρημνοὶ

464 2163 741 2214 καταῤῥηγνυμ
757 2170 831 2213 ζμοι
859 2159 1007 2202 σκοπόν
1029 2160 1123 2210 τούς

464 2215 696 2270 βαρβάρους
730 2232 857 2268 ειχον;
907 2220 1042 2271 qulbus
1070 2221 1122 2256 Si-

464 2276 625 2312 millima
657 2276 835 2324 leguntur
870 2275 972 2326 apud
1007 2277 1122 2312 Iusti-

465 2344 561 2368 num
592 2332 733 2378 XXIV,
765 2334 789 2372 8
826 2331 941 2369 haec:
973 2339 1120 2379 „terrae

465 2395 575 2424 motu
614 2389 738 2438 portio
778 2390 917 2425 montis
962 2389 1119 2438 abrupta

465 2445 666 2481 Gallorum
702 2446 831 2481 stravit
867 2446 1119 2483 exereitum.“

465 2501 522 2537 Ac
543 2508 685 2551 negant
704 2500 890 2538 Diodorus
922 2508 957 2537 et
977 2503 1122 2537 Pansa—

465 2558 545 2593 nias
578 2559 699 2607 ipsam
727 2558 912 2608 Apollinis
937 2557 1070 2594 aedem
1100 2570 1122 2594 a

466 2613 589 2649 Persis
611 2612 795 2663 direptam
825 2628 903 2651 esse
923 2613 1123 2650 incendio-

468 2682 543 2720 que
563 2677 757 2717 vastatam,
777 2670 1015 2708 dissentiente
1028 2672 1123 2707 Plu-

466 2724 598 2762 tarcho
618 2727 692 2763 Vit.
712 2729 827 2764 Num.
845 2730 868 2767 9
889 2741 976 2778 pag.
998 2730 1048 2767 (56
1067 2729 1120 2776 C.,

468 2783 534 2833 qui
555 2779 624 2821 τόν
652 2780 760 2834 ἱερὸν
783 2780 928 2834 λύχνον
955 2786 1032 2821 sive
1053 2797 1120 2820 ae-

465 2845 617 2876 ternum
636 2840 896 2890 illumigneiu,
919 2855 1008 2879 cum
1020 2848 1120 2878 tem-

1175 1316 1285 1367 plum
1314 1327 1337 1351 a
1364 1312 1485 1350 Medis
1517 1313 1834 1359 inflammaretur,

1178 1374 1406 1408 exstinctum
1427 1384 1505 1407 esse
1536 1370 1660 1408 tradit.
1718 1368 1835 1420 Apud

1176 1427 1416 1465 Herodotum
1445 1428 1499 1464 nil
1529 1426 1739 1479 quidquam
1776 1427 1835 1462 le-

1177 1486 1279 1535 gitur
1298 1485 1372 1522 tale
1392 1485 1439 1531 II,
1463 1485 1555 1523 180.
1576 1485 1620 1531 V,
1643 1486 1710 1523 62.
1745 1483 1836 1519 Cte-

1177 1544 1272 1578 siam
1298 1543 1329 1578 si
1368 1540 1566 1577 audiamus
1595 1542 1716 1591 Perss.
1757 1541 1836 1576 Ex-

1180 1605 1312 1648 cerptt.
1361 1598 1398 1642 ξ.
1428 1596 1503 1644 25,
1551 1596 1771 1633 Mardonius
1812 1608 1835 1632 a

1177 1656 1308 1690 Xerxe
1339 1655 1472 1689 missus
1493 1652 1541 1689 ad
1561 1654 1746 1704 Apollinis
1768 1665 1835 1688 ae-

1179 1710 1267 1748 dem
1297 1709 1534 1761 spoliandam
1566 1711 1617 1746 ibi
1657 1710 1836 1746 occubuit

1178 1765 1344 1818 χαλάζης
1375 1762 1642 1815 ἐπιπεσούσης
1670 1767 1836 1816 παχείας

1178 1826 1203 1863 i.
1241 1838 1274 1861 e.
1304 1823 1489 1873 grandine
1510 1824 1710 1873 ingruente
1731 1835 1835 1860 cras—

1176 1894 1228 1918 sa.
1287 1882 1345 1917 Ac
1378 1893 1468 1917 saue
1495 1881 1545 1916 ita
1575 1881 1707 1916 Persas
1727 1886 1834 1916 retu-

1175 1938 1273 1985 lisse,
1295 1950 1393 1989 quae
1425 1950 1445 1972 a
1466 1937 1617 1973 Graecis
1648 1935 1735 1972 dein
1756 1937 1834 1972 mi-

1174 2007 1260 2030 rum
1281 1995 1319 2029 in
1340 1993 1499 2030 modum
1515 1994 1695 2043 ampliata
1715 2000 1752 2031 et
1763 2006 1833 2030 ex-

1175 2060 1307 2087 ornata
1326 2052 1412 2099 sint,
1436 2049 1565 2086 credas
1584 2051 1684 2087 licet.

1340 2140 1432 2191 cap.
1453 2141 1672 2177 XXXVIII.

1234 2216 1520 2269 ἐνεπεπτώκεε]
1553 2220 1598 2255 In
1639 2219 1832 2256 Saucrofti

1175 2275 1271 2312 libro
1306 2271 1538 2322 ἐπεπτώκεε,
1577 2277 1616 2311 in
1640 2277 1712 2312 alio
1732 2277 1830 2313 libro

1174 2328 1455 2370 ἐπεπεπτώκεε.
1514 2333 1578 2368 Tu
1595 2333 1642 2370 ci.
1659 2333 1721 2377 IV,
1734 2336 1831 2374 203.

1175 2388 1256 2434 Vll,
1300 2387 1352 2428 43
1386 2395 1423 2425 et
1460 2387 1506 2424 de
1536 2389 1831 2441 plusquamper-

1176 2444 1263 2480 seoti
1284 2443 1498 2482 usuMatth.
1517 2446 1581 2484 Gr.
1599 2447 1664 2484 Gr.
1682 2447 1719 2491 ς.
1733 2444 1828 2486 505.

1175 2501 1226 2537 lv
1260 2514 1344 2551 pag.
1378 2504 1472 2542 960.
1529 2501 1589 2539 Ad
1610 2515 1721 2540 voces
1754 2498 1829 2540 ι’θῦ

1175 2559 1362 2596 Βοιωτῶν
1404 2558 1504 2595 conf.
1542 2560 1585 2605 V,
1616 2558 1668 2598 (54
1699 2560 1829 2610 ibique

1176 2615 1252 2650 citt.
1282 2616 1414 2651 Plures
1446 2613 1556 2652 codd.
1579 2614 1640 2652 hic
1661 2615 1828 2653 ofl'rueut

1177 2666 1296 2709 εὐθύ.

1233 2726 1395 2777 μέζονας
1417 2723 1445 2778 ἢ
1473 2724 1570 2766 κατά
1593 2723 1827 2779 ἀνθρώπων

1175 2781 1299 2833 φύσιν
1319 2782 1502 2835 ἔχοντας]
1535 2785 1633 2821 Cum
1661 2786 1826 2823 crebrius

1175 2848 1346 2878 occurrat
1373 2842 1513 2879 locutio
1533 2842 1673 2893 μείζων
1691 2838 1720 2894 ἢ
1743 2837 1825 2882 κατ’
