1879 3222
513 195 602 230 ET
654 193 1150 231 CORRIGENDA.
1495 191 1578 230 663

94 312 174 347 pag.
199 303 265 337 279
290 314 320 337 a.
345 303 403 336 lin.
427 303 448 336 3
473 314 534 346 pro
559 302 618 338 Vl.
641 304 694 336 40
718 302 819 337 scrib.
844 303 901 342 w,
926 303 991 336 43.

95 360 175 393 pag.
199 350 266 383 283
291 361 322 382 a.
346 349 400 381 lin.
424 350 447 381 2
471 360 531 392 pro
562 349 638 390 ΓΙ,
667 351 681 381 1
712 349 811 381 scrib.
841 350 880 387 1‘,
909 351 937 382 1.

93 405 174 438 pag.
200 396 264 428 288
290 396 320 430 b.
343 394 395 426 lin.
422 394 441 426 5
475 405 536 436 pro
565 393 629 435 Vl,
661 395 708 426 10
732 394 832 426 scrib.
860 395 925 433 Vl,
949 395 981 429 9.
1008 397 1043 426 et
1065 404 1142 437 pag.
1169 393 1233 426 289
1259 394 1290 425 b.
1315 393 1370 426 lin.
1395 394 1416 427 2
1447 393 1488 426 ab
1514 393 1576 426 inf.

311 450 371 484 pro
400 439 439 479 1⁷,
466 441 516 472 10
539 439 641 472 scrib.
667 439 734 479 11⁵,
761 441 823 479 10,
850 445 885 472 et
910 440 964 474 lin.
989 439 1048 474 ult.
1086 451 1149 483 pro
1179 439 1219 482 V,
1244 440 1295 472 40
1319 439 1420 473 scrib.
1450 440 1488 481 V,
1513 441 1578 473 50.

91 495 171 528 pag.
196 485 261 518 295
285 486 318 518 b.
343 484 399 518 lin.
425 485 444 518 5
470 496 530 528 pro
556 485 599 525 V,
624 486 675 519 87
701 483 802 517 scrib.
833 486 870 527 V,
897 487 963 519 88.

91 540 171 574 pag.
194 532 262 564 312
285 541 314 563 a.
338 530 392 562 lin.
419 533 460 564 10
486 542 545 575 pro
569 530 597 569 Ι,
625 529 704 564 147
728 541 793 563 scr.
820 531 848 570 Ι,
875 532 971 565 146.

91 586 171 619 pag.
196 577 263 610 313
287 587 317 609 a.
343 576 397 608 lin.
430 578 471 610 12
496 588 556 621 pro
582 576 718 614 δῶκος
742 587 807 609 scr.
832 576 900 609 θῶ
912 588 986 615 uos.

91 631 169 666 pag.
195 622 259 655 341
285 634 315 655 a.
345 621 403 654 lin.
431 624 447 655 1
474 634 535 665 pro
560 620 796 665 λάμψαντες
820 622 922 655 scrib.
948 619 1201 664 λάμψαντος.
1225 640 1266 647 -
1289 620 1377 655 Ibid.
1403 621 1437 654 b.
1461 621 1519 654 lin.
1544 622 1577 656 3.

308 679 367 711 pro
394 668 452 705 VI,
478 670 498 702 8
522 679 588 701 scr.
616 669 673 708 xl,
699 669 761 701 18.

89 722 167 756 pag.
192 710 258 746 345
282 713 314 746 b.
340 713 394 746 lin.
421 715 454 748 6.
509 714 577 748 Pro
606 715 645 755 V,
671 715 754 747 106
777 725 848 757 rep.
880 712 952 753 VI,
975 713 1037 747 37.
1062 731 1106 736 —
1130 724 1206 757 pag.
1233 712 1300 746 349
1324 718 1391 746 not.
1417 712 1472 745 lin.
1498 714 1519 747 7
1544 714 1577 747 b.

307 759 392 793 Add.
419 760 551 792 Platon.
576 760 674 793 Polit.
700 760 733 792 ΙΙ
758 771 790 803 p.
817 759 885 794 363
911 759 951 792 D.

87 813 166 847 pag.
192 804 259 839 353
283 805 316 839 b.
340 805 399 838 lin.
424 807 457 840 7.
506 806 572 838 Pro
595 806 780 850 propressi
814 807 879 849 leg.
903 803 1101 849 progressi.
1149 803 1235 837 Ibid.
1258 804 1317 837 lin.
1343 805 1374 836 8.
1399 804 1420 836 9
1448 805 1490 837 ab
1515 804 1576 838 inf.

306 852 406 884 scrib.
432 852 488 892 VI,
512 853 563 885 90
588 857 667 895 (pro
693 852 774 894 53.)

87 904 165 938 pag.
189 895 256 930 357
279 896 333 929 lin.
362 899 391 930 1.
450 898 518 930 Pro
553 895 716 931 ἐκτῖσαι
738 908 804 933 scr.
831 894 1006 929 ἐκτῖσαι.
1030 913 1075 919 -
1099 893 1182 937 Pag.
1207 894 1273 928 356
1298 894 1356 930 lin.
1379 896 1411 930 3.
1438 892 1579 936 αὐτούς

306 943 409 975 deleri
432 944 503 975 vult
526 943 724 984 Bernhardy
750 943 783 977 in
808 944 950 985 syntax.
977 942 1038 974 Gr.
1064 951 1141 984 pag.
1167 941 1243 975 286.

86 995 166 1029 pag.
191 986 259 1020 363
284 999 314 1021 a.
340 989 396 1021 lin.
424 991 475 1023 18.
505 990 556 1022 19.
605 989 671 1022 Pro
696 989 754 1029 ΙΙΙ,
780 989 834 1022 33
868 989 931 1031 leg.
957 987 1020 1024 111,
1044 987 1106 1019 24.

86 1041 164 1074 pag.
193 1032 259 1066 376
284 1035 316 1068 b.
341 1035 397 1068 lin.
425 1036 466 1069 12
491 1036 533 1068 ab
558 1035 618 1068 inf.
665 1035 730 1068 Pro
760 1035 889 1075 1111,
915 1034 979 1067 215
1006 1033 1070 1074 leg.
1100 1032 1199 1074 VII,
1225 1033 1302 1067 215.

84 1087 163 1120 pag.
190 1078 257 1111 380
280 1092 312 1114 a.
337 1080 394 1113 lin.
421 1081 442 1114 3
467 1082 508 1114 ab
533 1081 591 1114 inf.
633 1080 698 1114 Pro
729 1082 768 1122 Γ,
794 1081 837 1114 57
861 1080 924 1123 leg.
955 1079 1012 1118 ῙῚ,
1041 1078 1095 1112 57·

83 1132 164 1166 pag.
190 1123 257 1157 386
281 1127 314 1158 b.
338 1126 396 1158 lin.
422 1127 443 1160 8
469 1138 529 1170 pro
554 1127 611 1164 lv,
641 1128 722 1160 124
747 1127 811 1169 leg.
836 1126 895 1163 IV,
924 1125 1015 1158 154.

84 1179 164 1214 pag.
189 1169 256 1202 390
283 1172 315 1207 b.
340 1171 396 1204 lin.
425 1174 466 1206 16
491 1184 552 1216 pro
582 1172 659 1214 ΓΙ,
687 1173 752 1206 103
775 1173 839 1215 leg.
868 1172 936 1212 ΙΓ,
965 1170 1040 1204 103.

83 1225 164 1259 pag.
189 1216 255 1249 395
280 1218 311 1250 b.
337 1217 394 1251 lin.
423 1219 465 1252 12
489 1219 531 1251 ab
556 1218 615 1252 inf.
641 1229 702 1262 pro
727 1217 792 1259 ΙΙΙ,
816 1219 838 1251 2
861 1216 924 1262 leg.
952 1216 1013 1257 Ill,
1037 1216 1069 1249 3.

83 1270 162 1307 pag.
189 1262 257 1296 407
279 1263 338 1296 lin.
367 1266 397 1298 1.
447 1264 603 1297 Voculam
633 1275 672 1307 γε
707 1263 785 1297 eiici
819 1263 894 1296 vult
928 1260 1127 1304 Bernhardy
1153 1263 1216 1296 Gr.
1252 1262 1350 1305 Synt.
1387 1275 1463 1307 pag.
1499 1265 1578 1306 327,

303 1309 362 1353 qui
386 1309 472 1342 idem
496 1322 575 1354 pag.
604 1311 681 1344 245.
706 1309 740 1343 in
763 1309 931 1343 Herodoti
950 1309 1021 1341 loco
1049 1308 1108 1349 Vl,
1136 1308 1197 1341 131
1227 1308 1301 1342 init.
1328 1320 1402 1353 pag.
1429 1311 1493 1343 411
1523 1311 1578 1345 lin.

304 1357 345 1389 11
381 1360 468 1389 nost.
501 1356 584 1390 edit.
615 1360 763 1390 veterem
797 1355 973 1389 lectionem
1012 1350 1107 1397 ἀμφὶ
1137 1351 1202 1395 μὲν
1237 1355 1332 1398 κρίσι
1370 1356 1579 1390 retinendam

303 1407 430 1435 censet.

85 1454 163 1489 pag.
187 1445 255 1480 414
279 1458 310 1480 a.
336 1447 392 1480 lin.
422 1450 464 1481 10
487 1459 548 1493 pro
573 1447 640 1489 VI,
669 1448 750 1482 136
773 1458 890 1492 repon.
916 1446 989 1487 VI,
1016 1446 1108 1481 135.
1134 1466 1178 1471 -
1202 1446 1290 1483 Ibi-d.
1317 1448 1348 1484 b.
1374 1448 1431 1483 lin.
1460 1449 1482 1483 3
1516 1459 1579 1493 pro

302 1491 561 1536 θεσμοφόρον
586 1494 686 1528 scrib.
712 1491 979 1536 θεσμοφόρου.

81 1545 161 1581 pag.
186 1536 254 1573 418
279 1550 310 1573 a.
336 1539 392 1572 lin.
417 1541 439 1572 9
463 1551 524 1584 pro
548 1540 601 1581 ΙΙ,
629 1540 708 1574 134
730 1540 830 1573 scrib.
858 1539 925 1580 VI,
953 1538 1044 1573 143.
1066 1559 1111 1565 —
1138 1538 1191 1571 De
1214 1539 1309 1573 sonte
1332 1541 1579 1575 Enneacrunos

303 1584 370 1618 vid.
402 1585 500 1619 etiam
537 1586 653 1619 Leake
684 1586 717 1618 in
741 1586 894 1630 Topogr.
921 1586 1041 1618 Athen.
1075 1597 1109 1630 p.
1137 1585 1202 1619 135
1227 1597 1300 1631 seq.
1328 1598 1414 1621 vers.
1442 1599 1579 1622 vernae.

302 1630 417 1676 ibique
442 1631 483 1667 C.
511 1632 555 1667 O.
581 1632 716 1666 muller.
740 1643 818 1676 pag.
841 1631 920 1666 456.

79 1694 160 1729 pag.
183 1686 250 1720 435
275 1698 306 1721 a.
330 1687 388 1721 lin.
417 1690 433 1722 1
460 1700 521 1733 pro
546 1689 604 1730 VI,
628 1690 683 1723 62
708 1699 822 1732 repon.
850 1687 908 1729 Π,
932 1687 993 1721 72.

17 1742 20 1745 ·
80 1741 160 1775 pag.
183 1732 247 1766 441
275 1744 306 1766 a.
331 1733 388 1766 lin.
413 1735 435 1768 7
459 1735 500 1767 ab
529 1735 588 1767 inf.
613 1746 674 1778 pro
703 1734 761 1773 Vl,
787 1735 837 1766 86
863 1733 963 1764 scrib.
992 1732 1049 1771 VI,
1075 1732 1137 1765 88.

79 1787 158 1820 pag.
183 1778 251 1812 502
275 1789 308 1812 a.
331 1779 387 1812 lin.
413 1779 434 1812 6
459 1781 501 1812 ab
525 1779 586 1813 inf.
613 1790 674 1823 pro
700 1779 760 1819 IV,
787 1779 870 1812 179
897 1777 996 1810 scrib.
1022 1776 1081 1816 IV,
1107 1779 1172 1811 71.

79 1832 160 1866 pag.
183 1824 248 1858 511
274 1823 334 1868 (ad
360 1825 446 1866 VH,
470 1827 546 1868 41.)
569 1832 639 1858 not.
671 1825 726 1857 lin.
755 1825 788 1857 6.
813 1824 844 1857 7.
891 1823 979 1855 Add.
1014 1823 1184 1856 Hammer.
1218 1823 1252 1856 in
1287 1824 1416 1857 Annali.
1455 1824 1576 1862 Vienn.

298 1869 414 1902 LXIII
438 1881 517 1915 pag.
542 1872 575 1911 6,
608 1870 666 1903 ubi
691 1873 808 1908 notat,
843 1868 876 1901 in
901 1869 1120 1901 monumentis
1142 1869 1406 1914 Persepolitanis
1435 1882 1579 1915 reprae-

298 1915 428 1948 sentari
444 1916 534 1949 viros
557 1916 664 1948 hastis
686 1920 846 1955 ar1natoS‚
871 1925 959 1957 quae
982 1914 1016 1946 in
1037 1914 1170 1957 globum
1195 1916 1283 1959 pomi
1309 1916 1457 1960 speciem
1475 1929 1579 1961 prae·

297 1960 432 1994 bentem
457 1961 625 2004 desinant,
645 1961 794 2006 indeque
816 1961 1086 2005 mclophororum
1110 1972 1229 1994 nomen
1258 1962 1370 2007 repeti
1392 1974 1494 2007 posse
1521 1975 1578 1998 ar-

297 2007 460 2040 bitratur.

79 2059 160 2095 pag.
184 2051 253 2086 512
286 2053 320 2086 b.
356 2053 412 2085 lin.
437 2054 470 2087 8.
532 2053 642 2095 Eam,
674 2063 774 2097 quam
809 2051 907 2094 dedi,
938 2051 1003 2085 loci
1036 2051 1223 2086 Herodotei
1258 2052 1576 2098 interpretationem

296 2097 403 2143 ipsius
427 2099 573 2143 regionis
598 2104 758 2132 accurata
782 2097 973 2141 cognitione
995 2097 1120 2142 optime
1144 2099 1336 2132 confirmari
1359 2100 1508 2134 intellexi
1534 2112 1576 2135 ex

298 2144 352 2185 iis,
377 2156 465 2188 quae
490 2147 597 2179 refert
620 2145 745 2178 Clarke
769 2143 804 2177 in
828 2143 972 2178 Travels
994 2144 1043 2185 ΙΙ,
1073 2146 1091 2178 1
1110 2156 1189 2190 pag.
1216 2145 1280 2180 137
1301 2145 1377 2181 coll.
1405 2148 1481 2189 170,
1505 2147 1576 2182 He-

297 2190 408 2223 rodoti
429 2191 487 2224 ille
510 2191 644 2236 quidem
668 2192 754 2224 bene
778 2201 911 2224 memor.

80 2254 160 2290 pag.
185 2245 251 2280 515
276 2246 309 2280 b.
333 2247 388 2280 lin.
416 2248 458 2281 16
482 2247 524 2281 ab
553 2247 613 2280 inf.
639 2258 699 2291 pro
730 2247 770 2289 V,
795 2248 838 2281 88
863 2246 964 2280 scrib.
987 2246 1058 2287 IV,
1081 2246 1136 2280 88.

80 2301 159 2335 pag.
184 2292 251 2326 537
275 2292 332 2328 lin.
356 2294 378 2327 6
404 2293 554 2326 voculam
580 2291 615 2332 ἐς
639 2293 747 2327 omitti
772 2293 845 2326 vult
868 2292 1066 2336 Bernhardy
1092 2292 1116 2326 l.
1139 2291 1161 2325 l.
1186 2303 1264 2338 pag.
1287 2295 1368 2331 218.

80 2347 159 2381 pag.
184 2337 251 2371 578
276 2349 308 2372 a.
332 2338 392 2372 lin.
418 2340 439 2373 6
464 2351 524 2384 pro
543 2340 626 2373 180
649 2340 716 2382 leg.
746 2340 838 2373 181.

78 2392 159 2426 pag.
187 2384 312 2418 614b.
335 2384 393 2419 lin.
423 2386 466 2419 13
490 2386 533 2418 ab
555 2385 616 2418 inf.
663 2385 730 2418 Pro
756 2386 870 2419 aucta
894 2395 961 2418 scr.
986 2389 1066 2418 auct
1077 2396 1111 2418 α.

79 2437 159 2472 pag.
184 2430 252 2463 620
275 2429 334 2464 lin.
361 2431 414 2464 12.
441 2431 493 2465 13.
549 2430 678 2464 Eadem
709 2432 782 2464 fere
814 2431 1054 2475 Theopompus
1085 2431 1272 2472 retulerat,
1305 2431 1348 2466 de
1381 2444 1447 2478 quo
1485 2434 1574 2468 conf.

298 2476 478 2511 Frommel.
503 2477 538 2510 in
564 2476 730 2510 Creuzeri
754 2476 887 2510 Melett.
914 2477 963 2509 111
988 2487 1066 2521 pag.
1093 2477 1157 2510 139
1182 2488 1278 2522 seqq.

79 2529 160 2562 pag.
185 2520 252 2553 626
275 2521 309 2553 b.
336 2521 392 2554 lin.
419 2523 442 2556 3
467 2523 510 2556 ab
534 2522 597 2556 inf.
643 2523 710 2556 Pro
734 2523 806 2563 IV,
829 2523 874 2556 56
897 2523 998 2555 scrib.
1029 2522 1102 2563 VI,
1127 2524 1182 2557 56.

79 2575 159 2609 pag.
183 2566 248 2599 627
272 2577 303 2600 a.
326 2567 384 2601 lin.
408 2568 430 2601 6
446 2569 488 2601 ab
503 2568 563 2602 inf.
587 2568 654 2601 Pro
677 2569 839 2603 Kissovo
863 2568 965 2602 scrib.
981 2568 1304 2605 Kissa·vo.—1bid.
1328 2569 1359 2604 b.
1382 2569 1442 2606 lin.
1469 2572 1487 2606 l
1512 2581 1573 2616 pro

301 2619 464 2646 commate
489 2617 567 2658 post
588 2615 754 2657 praebent
780 2625 867 2658 pone
892 2618 1063 2659 punctum.

81 2666 160 2699 pag.
185 2654 253 2690 643
276 2668 307 2690 a.
330 2658 388 2693 lin.
414 2659 457 2693 13
481 2671 540 2703 pro
567 2659 608 2702 V,
632 2660 687 2694 58
710 2671 826 2702 repon.
854 2659 892 2697 V,
919 2661 931 2693 1
951 2660 1013 2693 18.

80 2711 160 2745 pag.
184 2702 250 2736 664
274 2704 308 2736 b.
332 2702 388 2735 lin.
412 2705 434 2738 7
459 2706 500 2737 ab
525 2704 586 2739 inf.
631 2705 699 2738 Pro
732 2706 807 2746 1⁷1,
834 2704 899 2739 140
922 2704 1024 2738 scrib.
1054 2704 1152 2746 1⁷11,
1178 2705 1251 2740 140.

82 2757 162 2791 pag.
183 2747 250 2782 696
273 2760 306 2782 a.
331 2748 387 2782 lin.
417 2749 459 2782 14
481 2760 558 2793 pon.
588 2750 802 2794 parenthesin
835 2754 913 2795 post
935 2762 1049 2796 scqq.
1084 2756 1120 2785 et
1142 2751 1217 2785 dele
1248 2751 1463 2798 parenthesin
1493 2754 1571 2797 post

301 2794 581 2840 denegatum
605 2795 659 2830 lin.
686 2795 739 2830 19.
