1996 3238
484 199 540 238 24
879 196 1336 233 HERODOTI

362 307 422 352 18

156 369 217 396 tam
237 368 345 396 Gracci
364 369 401 398 de

155 402 282 430 „natione
311 404 347 429 ad
375 407 429 430 Ar-

155 437 302 463 temisium
322 435 410 463 rotlin-

155 469 273 502 quenda
283 471 362 497 acrio
379 478 427 498 co-

155 503 296 536 gitantes,

587 304 662 354 Ὡς
700 304 745 346 δὲ
783 302 1034 359 διέστησαν,
1076 302 1255 358 ἅσμενοι
1293 302 1487 357 ἑκάτεροι
1527 302 1570 354 ἐς
1601 301 1739 358 ὅρμον

483 370 726 428 ἠπείγοντο.
784 372 827 413 οἱ
857 372 901 414 δὲ
928 372 1145 426 “EM-qves,
1190 369 1247 422 ὠς
1274 372 1566 425 διακριθέντες
1592 370 1637 413 ἐκ
1666 374 1741 425 τῆς

485 439 726 493 ναυμαχίης
757 437 1107 494 ἀπηλλάχθησαν,
1139 442 1225 480 τῶν
1254 439 1330 493 μὲν
1359 443 1527 491 νεκρῶν
1557 439 1629 481 καὶ
1653 442 1742 480 τῶν

483 507 704 562 ναυηγίων
726 505 1006 558 ἐπεκράτεον·
1036 505 1221 560 τρηχέως
1252 506 1296 548 δὲ
1319 508 1642 561 περιεφθέντες,
1673 505 1799 548 καὶ30

487 571 571 618 οὐκ
599 572 752 628 ἥκιστα
771 572 1008 629 Ἀθηναῖοι,
1038 578 1124 616 τῶν
1155 575 1199 615 αἱ
1228 572 1398 628 ἡμίσεαι
1427 579 1515 616 τῶν
1543 577 1655 615 νεών
1683 589 1742 614 τε-

486 641 701 695 τρωμέναι
736 637 871 696 ἦσαν,
904 641 1098 696 δρησμὸν
1139 642 1191 696 δή
1222 640 1455 695 ἐβούλευον
1485 641 1564 684 ἔσω
1596 642 1637 690 ἐς
1666 642 1745 696 τὴν

480 708 676 752 Ἑλλάδα.
737 709 846 765 Νόῳ
891 710 936 751 δὲ
975 707 1123 762 λαβών
1161 706 1184 750 ὁ
1229 708 1556 763 Θεμιστοκλέης,
1599 708 1669 760 ὠς,
1711 709 1746 750 εἰ

491 775 761 831 ἀπορραγείη
793 775 876 819 ἀπὸ
907 779 988 818 τοῦ
1017 775 1248 832 βαρβάρου
1287 775 1336 818 τό
1368 793 1410 818 τε
1437 774 1631 818 Ἰωνικὸν
1662 779 1747 830 φῦ-

486 848 566 889 λον
594 843 666 887 καὶ
693 843 739 887 τό
773 845 981 898 Καρικόν,
1012 840 1161 886 οἷοίτε
1192 845 1342 900 εἴησαν
1371 847 1458 886 τῶν
1487 848 1651 886 λοιπῶν
1671 860 1748 887 κα-

364 712 429 757 19

159 775 283 810 primum
316 776 433 804 Euboe-

158 811 270 836 rnsiuin
290 817 408 845 greges,

158 848 261 869 contra
284 844 396 869 oraculi

158 877 299 905 munitum
323 878 352 904 in
372 877 432 905 Eu-

0 1149 8 1222 n..—
0 900 6 1132 ffl--q—e‘
0 863 2 886 Α-
0 848 1 852 Α

0 1224 8 1301 Ξ

1 1302 18 1398 1,

434 1043 557 1079 litasse
569 1039 706 1077 dicitur
719 1039 810 1084 sive,
825 1045 867 1075 ut
883 1038 982 1090 apud
995 1040 1090 1076 Plu-

435 1096 555 1136 tarch.
583 1097 706 1134 Alcib.
738 1099 757 1135 1
793 1096 1092 1145 legimus,136t0-

436 1151 557 1207 στόλῳ
589 1149 762 1204 τριήρεις
811 1152 914 1203 quod
954 1152 1092 1190 eodem

432 1224 522 1248 sane
543 1209 651 1246 redit.
710 1206 787 1245 Nec
807 1209 880 1245 alio
899 1222 1011 1246 sensu
1031 1209 1094 1249 οἰ-

433 1267 547 1307 κείαν
564 1268 668 1305 ναῦν
686 1264 782 1302 dixit
812 1266 1018 1303 Pausanias
1040 1267 1092 1313 X,

436 1325 462 1363 9
484 1325 520 1368 ξ.
543 1325 580 1370 1,
602 1335 719 1374 quam
739 1317 961 1361 ἰδιόστολον
983 1329 1093 1360 vocat

434 1377 630 1418 Plutarch.
662 1376 849 1414 Alexand.
879 1376 933 1418 34
953 1392 991 1428 p.
1013 1377 1094 1418 685

435 1437 485 1474 D.
532 1436 670 1481 ‚Quum
697 1434 801 1470 enim
828 1432 988 1471 Athenis
1009 1437 1097 1471 'res-

437 1492 590 1543 publica
626 1492 707 1541 ipsa
744 1491 941 1541 praeberet
980 1504 1094 1528 naves

435 1549 589 1585 bellicas
625 1560 646 1583 a
674 1547 832 1597 singulis
862 1547 1005 1583 civibus
1037 1546 1097 1583 di·-

438 1605 593 1641 tioribus
629 1610 730 1640 certo
766 1601 934 1654 quodam
965 1602 1097 1640 ordine

438 1659 677 1698 instruendas
694 1661 805 1696 armis
819 1672 861 1695 ac
874 1661 1019 1712 reliquo
1029 1673 1099 1710 ap-

440 1724 586 1769 paratu,
612 1717 804 1766 sigillatim
825 1723 1098 1764 memorantur,

442 1775 508 1826 qui
528 1774 754 1824 gravissimis
775 1774 1008 1823 temporibus
1037 1786 1101 1809 re-

442 1843 606 1881 rumque
655 1828 931 1867 discriminibus
984 1842 1101 1866 naves

442 1888 541 1937 ipsas
561 1886 636 1923 suis
666 1886 846 1936 impensis
867 1893 1100 1923 constructas

445 1950 482 1980 et
502 1950 650 1980 ornatas
672 1949 855 1995 apparatu
889 1943 1099 1979 necessario

445 1998 513 2048 (id
544 2005 598 2035 est
630 1996 877 2044 ἰδιοστόλους
907 1995 1099 2049 τριήρεις)

442 2055 751 2105 suppeditarunt3
784 2067 859 2105 quo
888 2056 968 2105 ipso
991 2068 1102 2104 egre-

443 2113 551 2162 gium
579 2111 637 2147 sui
665 2111 706 2146 in
725 2112 886 2160 patriam
915 2110 1029 2148 studii
1049 2118 1104 2148 te-

442 2169 664 2205 stimonium
705 2165 884 2202 exhibere
914 2168 1104 2217 putaban-

445 2232 518 2261 tur.
577 2222 686 2260 Conf.
707 2223 830 2259 Wolf.
855 2224 1033 2274 Prolegg.
1056 2223 1105 2260 ad

445 2278 695 2317 Demostlien.
715 2280 866 2329 Leptin.
888 2293 925 2329 p.
948 2281 977 2316 C
998 2293 1104 2331 seqq.

447 2338 598 2373 CXVII.
621 2336 759 2373 CXIX.
789 2335 962 2373 Boeckb.
983 2336 1107 2373 Oeco-

447 2406 552 2430 nom.
572 2391 810 2429 Athenieuss.
840 2405 878 2442 p.
900 2395 964 2433 90.

658 2482 750 2533 Cap.
762 2481 901 2519 XVIII.

505 2559 572 2605 Ὡς
601 2558 643 2598 δὲ
667 2559 893 2610 διέστησαν]
926 2559 984 2597 Cf.
1005 2561 1104 2607 VIII,

455 2620 504 2657 16
538 2623 574 2651 et
604 2615 651 2652 ad
678 2629 813 2653 vocem
842 2614 1007 2666 ἅσμενοι
1027 2619 1105 2653 citt.

451 2672 499 2708 ad
520 2673 618 2717 vin,
652 2671 714 2711 14.
771 2672 832 2709 Ad
862 2686 996 2709 vocem
1024 2673 1106 2711 δια-

451 2727 655 2780 κριθέντες
666 2729 714 2766 cf.
734 2735 827 2765 nott.
842 2728 1106 2778 a‹lx='11,219.j

506 2786 584 2825 τῶν
620 2781 692 2836 μὲν
730 2787 880 2836 νεκρῶν
920 2784 988 2824 καὶ
1025 2788 1106 2826 τῶν

1146 1039 1375 1091 ναυηγίων]
1436 1039 1541 1084 Quae
1581 1037 1716 1075 eadem
1753 1037 1806 1074 sic

1146 1098 1273 1134 iuncta
1296 1097 1504 1146 reperimus
1525 1096 1622 1141 vm,
1646 1097 1708 1141 12,
1739 1095 1807 1130 ubi

1147 1153 1222 1190 vid.
1272 1153 1415 1190 Sedulo
1447 1159 1574 1188 autem
1594 1150 1808 1188 Herodotus

1146 1209 1302 1256 indicat,
1324 1209 1568 1246 cadaveribus
1589 1216 1626 1244 et
1652 1209 1808 1244 navium

1148 1267 1369 1316 fragmentis
1394 1279 1457 1302 eos
1478 1279 1555 1302 esse
1576 1267 1738 1315 potitos:
1778 1264 1810 1301 si

1150 1322 1307 1374 quidem
1337 1321 1375 1359 id
1403 1323 1600 1358 victoriam
1620 1320 1812 1357 indicabat

1149 1380 1339 1430 simulque
1385 1380 1567 1429 pietatem
1597 1376 1812 1414 declarabat

1152 1448 1242 1485 erga
1252 1441 1434 1481 mortuos,
1457 1435 1523 1486 qui
1543 1435 1640 1471 iusta
1660 1434 1814 1472 obtine-

1151 1499 1236 1529 rent
1256 1492 1449 1542 exsequia.

1209 1548 1380 1598 τρηχέως
1422 1544 1465 1586 δὲ
1500 1543 1811 1598 περιεφθέντες]

1155 1604 1266 1641 Conf.
1297 1611 1394 1644 nott.
1424 1602 1472 1639 ad
1501 1604 1546 1650 V,
1572 1608 1608 1643 1.
1665 1604 1723 1639 De
1743 1615 1815 1639 usu

1154 1662 1261 1697 verbi
1280 1656 1509 1709 τιτρώσκειν
1529 1659 1576 1696 de
1595 1660 1746 1696 navibus
1764 1659 1815 1696 cf.

1157 1718 1236 1756 citt.
1268 1716 1317 1753 ad
1343 1717 1425 1763 Vll,
1455 1718 1549 1756 233.
1605 1717 1662 1752 De
1698 1717 1815 1752 verbo

1156 1769 1371 1825 ἐβούλευον
1401 1774 1547 1823 egimus
1576 1771 1626 1809 ad
1655 1772 1756 1821 VIII,
1775 1771 1816 1814 4.

1383 1861 1475 1913 cap.
1497 1863 1609 1900 xlx.

1220 1937 1318 1994 Νόῳ
1333 1938 1375 1980 δὲ
1395 1937 1504 1991 λοιβαὶ
1511 1942 1549 1989 ν]
1562 1940 1816 1979 Locutionem

1158 1998 1263 2048 attigi
1294 1996 1340 2034 ad
1378 1998 1443 2043 111,
1474 1996 1541 2036 41.
1599 1999 1693 2034 Mox
1727 2010 1818 2034 cum

1159 2052 1378 2104 Schweigli.
1402 2061 1439 2089 et
1461 2053 1577 2090 Gaisf.
1611 2052 1699 2090 dedi
1719 2054 1818 2105 βαρ-

1159 2107 1300 2162 βάρου,
1323 2109 1425 2161 quod
1442 2110 1526 2145 libri
1545 2111 1672 2160 scripti
1692 2123 1818 2162 quau-

1161 2174 1243 2203 tum
1267 2168 1343 2203 scio
1364 2179 1495 2202 omnes
1515 2168 1708 2215 praebent.
1755 2168 1818 2203 Ex

1159 2222 1301 2266 Aldina
1335 2222 1445 2257 fluxit
1473 2221 1584 2258 lectio
1627 2223 1819 2274 βαρβαρι-

1161 2281 1256 2325 κοῦ,
1290 2290 1405 2329 quam
1443 2284 1573 2314 teuent
1606 2278 1742 2316 Mattll.
1781 2285 1819 2316 et

1161 2333 1328 2371 Bekker.
1387 2334 1450 2369 Tu
1481 2334 1581 2371 conf.
1610 2336 1640 2382 1,
1661 2335 1725 2376 58.
1748 2338 1819 2376 60.

1160 2392 1225 2437 111,
1269 2390 1346 2430 115
1375 2390 1504 2441 ibique
1530 2397 1623 2428 nott.
1643 2413 1699 2420 —-
1728 2392 1819 2429 Post

1163 2447 1299 2497 εἴησαν
1321 2447 1487 2484 Werser.
1508 2449 1547 2483 in
1558 2446 1819 2498 Actt.pliiloll.

1161 2506 1334 2542 Monacc.
1356 2504 1372 2538 I
1393 2517 1431 2553 p.
1447 2503 1528 2544 245
1542 2502 1629 2540 addi
1651 2506 1731 2541 vult
1747 2501 1818 2553 ἅνς

1164 2573 1239 2611 quo
1271 2558 1365 2595 mihi
1397 2559 1551 2610 quidem
1582 2559 1685 2596 haud
1723 2573 1818 2610 opus

1164 2630 1242 2653 esse
1262 2617 1423 2654 videtur.
1453 2617 1663 2653 Assentitur
1681 2618 1818 2666 Reisig.

1162 2672 1211 2709 ad
1228 2670 1409 2722 Sopliocl.
1425 2671 1559 2722 oedip.
1578 2674 1658 2711 Col.
1672 2687 1709 2723 p.
1722 2675 1816 2719 320,

1164 2731 1227 2780 qui
1249 2730 1431 2765 rationem
1443 2730 1646 2778 particulae
1659 2730 1817 2769 omissae

1162 2785 1320 2823 reddere
1335 2784 1487 2822 studuit.
