1996 3238
563 244 914 282 URANIA.
982 244 1115 280 VIII.
1384 242 1466 281 169

206 355 286 411 τήν
315 354 382 406 δὲρ
414 353 483 397 ἐπὶ
512 351 729 396 Σούνιον·
761 352 841 408 τὴν
872 352 938 400 δὲ,
968 354 1030 403 τῷ
1061 353 1230 402 Αἴαντι,
1262 350 1402 396 αὐτοῦ
1422 350 1466 402 ἐς

178 426 453 477 3Σαλαμῖνα.
487 420 613 476 ’μετὰ
654 422 700 465 δὲ
738 425 868 465 τοῦτο
909 417 1165 464 διεδάσαντο
1206 419 1286 476 τήν
1327 422 1466 476 ληίην,

205 491 276 535 καὶ
320 489 372 532 τοὶ
413 488 649 542 ἀκροθίνια
678 487 934 544 ἀπέπεμψαν
964 487 1006 539 ἐς
1035 488 1261 543 Δελφούς·
1301 488 1348 531 ἐκ
1379 491 1468 530 τῶν

204 556 370 612 ἐγένετο
401 556 596 612 ἀνδριὰς,
629 557 737 613 ἔχων
775 558 820 601 ἐν
849 561 900 613 τῇ
925 557 1015 612 χερὶ
1042 554 1318 611 ἀκρωτήριον
1348 554 1465 609 νηὸς,

203 624 288 668 ἐών
316 625 507 681 μέγαθος
542 628 814 669 δυωκαίδεκα
849 624 1038 681 πηχέων·
1071 623 1240 680 ἑστήκεε
1263 623 1310 666 δὲ
1341 617 1525 673 οὗτος55

42 687 138 732 122
200 697 254 750 τῇ
292 710 372 749 περ
415 692 438 738 ὁ
482 694 703 738 Μακεδών
734 692 1009 746 Ἀλέξανδρος
1039 691 1061 735 ὁ
1092 691 1286 747 χρύσεος.
1347 689 1463 744 Πέμ-
1522 688 1801 763 ‘JungAf’ffffcffss‘g

200 769 360 814 ψαντες
399 763 445 806 δὲ
483 761 717 817 ἀκροθίνια
746 764 788 805 οῖ
805 762 1011 818 Ἕλληνες
1040 760 1082 810 ἐς
1102 760 1329 815 Δελφούς,
1361 757 1467 800 ἐπει·
1524 755 1801 785 ¹0⁰¹¹d⁰¹¹²ves¹¹¹‘·

203 827 367 883 ρώτεον
408 829 487 873 τὸν
534 830 642 874 θεόν
678 834 825 888 κοινῆ,
878 831 915 874 εἰ
950 829 1158 885 λελάβηκε
1198 825 1363 883 πλήρεα
1394 824 1467 868 καὶ

202 895 363 953 ἀρεστὰ
393 899 445 942 τοὶ
477 896 727 954 ἀκροθίνια.
756 897 779 942 ὁ
812 899 880 951 δὲ,
912 897 1011 952 παρ’
1037 895 1255 952 Ελλήνων
1283 895 1362 950 μὲν
1377 896 1466 936 τῶν
1524 887 1603 927 677

203 966 361 1018 α’λλων,
394 968 550 1043 ἔφησε,
581 967 715 1022 ε’χειν·
747 965 845 1019 παρ’
870 967 1136 1022 Αἰγινητέων
1156 965 1214 1017 δὲ,
1248 962 1321 1007 οὔ·
1354 960 1465 1005 ἄλλα
1482 968 1525 1002 61

204 1029 380 1077 οἷπαίτεε
413 1035 576 1086 αυτους
602 1034 654 1078 τοὶ
684 1033 885 1091 ἀριστήια
915 1038 991 1090 τῆς
1022 1033 1069 1078 ἐν
1099 1036 1322 1088 Σαλαμῖνι
1360 1046 1471 1073 ναυ-

201 1102 368 1158 μαχίης.
427 1104 656 1158 Αἰγινῆται
684 1103 728 1145 δὲ
759 1102 1019 1158 πυθόμενοι,
1051 1101 1263 1167 ἆνέθεσαη
1289 1098 1526 1152 ἀστέρας

201 1171 426 1225 χρυσέους,
459 1174 502 1214 οι
533 1171 602 1214 ἐπὶ
633 1173 755 1214 ἱστοῦ
785 1170 970 1227 χαλκέου
1001 1171 1148 1214 εστᾶσι
1164 1172 1278 1224 τρεῖς
1309 1168 1377 1211 ἐπὶ
1346 1168 1472 1244 ἴτης

36 1230 135 1275 123
202 1240 374 1294 γωνίης,
405 1238 625 1295 ἄγχοτατω
655 1243 733 1282 τοῦ
765 1242 966 1293 Κροίσεω
988 1243 1243 1294 κρητῆρος
1259 1214 1399 1296 imno}
1424 1228 1806 1289 δὲ65ξξξυξιᾶεξῗξοξξᾞ

199 1305 280 1371 τὴν
311 1309 525 1362 διαίρεσιν
554 1311 628 1361 τῆς
657 1309 779 1362 ληίης
809 1306 978 1350 ε’πλωον
1010 1309 1052 1349 οἱ
1080 1295 1287 1386 Έλληνες
1318 1320 1360 1355 ες
1389 1301 1469 1346 τόν
1529 1298 1662 1330 measse,
1677 1294 1805 1322 ''⁶¹¹¹“

198 1369 390 1430 Ἰσθμὸν,
421 1376 623 1431 ἅριστήῖα
655 1375 867 1425 δώσοντες
901 1376 962 1430 τῷ
993 1373 1211 1431 ἀξιωτάτῳ
1249 1370 1470 1428 γενομένῳ

1530 1317 1676 1363 mistoeli’⁷
1692 1337 1757 1356 cum
1775 1330 1807 1356 in

1529 1364 1641 1391 Isthmo
1653 1350 1807 1396 ailN‘eptu-

175 1441 421 1499 ΞΕλληνων
462 1441 545 1488 avo}
574 1443 652 1488 τὸν
681 1442 874 1502 πόλεμον
904 1445 1080 1487 τοῦτον.
1139 1440 1198 1493 ὥς
1235 1438 1282 1486 δὲ
1314 1437 1470 1484 οέπικό-

1529 1398 1560 1425 ni
1589 1405 1672 1424 aram
1698 1397 1808 1424 suffra.-

1529 1432 1582 1466 gia
1600 1431 1636 1458 de
1654 1432 1709 1458 hac
1729 1439 1762 1458 re

1531 1467 1659 1499 ferrent,
1695 1465 1730 1491 ob
1758 1471 1807 1490 res

1531 1501 1608 1528 bene
1626 1502 1728 1533 gestas
1746 1498 1807 1533 pri-

1530 1542 1599 1563 mae
1616 1534 1772 1562 darentur.

204 1655 262 1706 τῷ
284 1652 429 1694 Αἴαντι
463 1649 589 1694 αὐτοῦ
619 1653 658 1702 ἒς
677 1656 811 1694 Σαλα-

150 1711 273 1760 μῖνα]
305 1707 432 1751 αὐτοῦ
448 1719 502 1749 est
532 1713 592 1761 ibi,
628 1713 694 1749 ubi
727 1713 808 1752 scil.

149 1764 341 1805 habebant
359 1770 562 1806 stationem
582 1770 741 1820 regressi
762 1770 808 1806 ab

150 1824 393 1874 expeditione
420 1827 459 1862 in
491 1825 665 1864 ''Andrios
694 1833 809 1879 atque

151 1879 340 1932 Carystios
393 1883 506 1924 facta.
592 1884 717 1921 Verba
768 1883 809 1930 ἐς

149 1939 362 2003 Σαλαμῖνα
421 1953 543 1991 aeque
599 1948 713 1993 atque
771 1939 810 1986 ἐς

149 1986 312 2043 Ἰσθμὸν
334 2002 370 2031 et
397 1994 461 2034 ἐπὶ
487 1993 664 2037 Σούνιον
685 1996 734 2033 ad
763 1992 811 2034 οἷ-

151 2054 341 2090 ναθεῖναι
410 2055 612 2102 peltinent.
689 2053 812 2089 Affe1t

152 2107 431 2157 Wesselingius
463 2109 512 2145 ad
544 2108 581 2146 11.
615 2111 641 2147 l.
676 2110 812 2145 similia

151 2164 331 2202 victoriae
390 2173 601 2215 reportatae
656 2165 813 2202 donaria

152 2234 173 2257 e
194 2220 418 2272 Thucydid.
453 2224 500 2269 11,
523 2221 589 2263 84.
647 2224 811 2273 Procop.

150 2279 250 2316 Bell.
272 2276 388 2317 Goth.
413 2280 476 2326 IV,
499 2281 567 2319 22.
598 2273 817 2328 ἀκροθίνια

151 2343 240 2373 sunt
260 2336 447 2386 primitiae
460 2335 623 2386 praedae
641 2336 711 2373 diis
722 2349 817 2373 con-

150 2391 356 2430 secrandae
391 2405 411 2428 a
440 2393 646 2430 victoribus
666 2400 819 2445 gratum

153 2451 328 2487 animum
370 2451 666 2498 testificantibus,
706 2458 749 2487 ut
784 2451 815 2498 l,

153 2510 222 2549 86.
246 2509 314 2548 90.
370 2506 463 2543 Mox
484 2507 620 2558 reliqui
641 2503 814 2558 ἑστήκεε,

154 2566 260 2601 cuius
270 2565 354 2600 loco
368 2563 535 2611 Schaef.,
550 2577 665 2615 quem
677 2562 815 2602 Matth.

156 2627 193 2658 et
217 2620 387 2661 Bekker.
408 2627 633 2673 sequuntur,
668 2620 816 2673 ἕστηκε.

351 2712 444 2763 cap.
468 2711 627 2752 CXXII.

212 2787 429 2841 λελάβηκε]
466 2790 551 2827 vid.
579 2787 717 2827 Matth.
749 2789 818 2827 Gr.

159 2847 226 2887 Gr.
251 2849 289 2894 ξ.
309 2846 403 2889 427.
452 2846 701 2887 Valckenaer.
731 2859 820 2885 ma-

866 1654 989 1692 luerat
1005 1647 1218 1704 λελαβήκεε
1237 1657 1280 1688 ut
1290 1649 1436 1697 111‚42.
1456 1649 1531 1685 At-

866 1712 951 1762 tigit
989 1709 1207 1747 Herodotea
1234 1706 1530 1751 Pseudo-Plut,

866 1770 902 1805 II
923 1783 960 1819 p.
985 1770 1063 1809 871
1085 1767 1128 1804 C.

924 1841 971 1864 τα
1008 1820 1193 1875 οἷριστήια
1222 1824 1294 1874 τῆς
1323 1820 1366 1860 ἒν
1398 1821 1532 1858 Σαλα-

868 1886 953 1934 μῖνι
987 1879 1235 1931 ναυμαχίης]
1288 1877 1417 1915 Cous.-
1429 1877 1529 1926 VIII,

868 1942 919 1979 93
959 1945 997 1975 et
1035 1933 1533 1978 Plutarcl1.Tl1emistocl.

872 1999 921 2036 17
942 2008 1030 2046 pag.
1056 1997 1134 2034 120
1157 1994 1199 2031 C.
1238 1990 1533 2042 Aeginetispal-

867 2065 974 2088 mam
997 2051 1254 2087 contributam
1276 2062 1355 2085 esse
1386 2054 1533 2084 testan-

868 2115 931 2144 tur
950 2119 1104 2159 quoque
1136 2107 1283 2141 Aeliau.
1309 2105 1353 2143 V.
1374 2105 1422 2143 H.
1444 2104 1534 2149 XII,

873 2168 937 2204 10.
978 2162 1135 2199 Diodor.
1177 2163 1245 2209 XI,
1276 2163 1341 2208 27,
1374 2165 1533 2196 notante

873 2220 1145 2269 VVesseliugio.
1176 2238 1231 2245 -—
1274 2218 1319 2253 In
1349 2230 1455 2268 seqq.
1485 2214 1535 2252 ad

872 2291 1010 2315 vocem
1031 2272 1195 2325 α’στέρας
1217 2274 1316 2312 conf.
1340 2276 1386 2322 11,
1403 2272 1448 2318 4,
1468 2273 1536 2309 ubi

873 2335 1029 2386 plmimi
1050 2332 1162 2370 codd.
1183 2330 1286 2368 haud
1303 2332 1380 2368 scio
1404 2343 1452 2366 an
1472 2343 1535 2366 re-

875 2399 934 2429 cte
956 2387 1129 2442 ἀστέρων
1149 2402 1218 2439 pro
1239 2389 1343 2438 vulg.
1366 2384 1535 2436 ἄστρων.

930 2450 1005 2488 τοῦ
1019 2447 1199 2497 Κροίσεω
1214 2442 1430 2495 κρητῆρος]
1448 2442 1535 2482 Vid.

871 2507 902 2553 Ι,
943 2504 992 2545 51
1037 2511 1073 2540 et
1114 2502 1161 2539 de
1191 2502 1316 2538 forma
1353 2500 1536 2552 Κροίσεω

871 2560 1009 2600 Matth.
1037 2561 1103 2599 Gr.
1140 2560 1204 2596 Gr.
1229 2560 1266 2605 ᾗ.
1288 2560 1354 2607 91,
1389 2559 1416 2598 2
1446 2569 1535 2609 pag.

1063 2706 1158 2758 cap.
1180 2705 1356 2743 CXXIII.

932 2782 1010 2826 οἷνοὶ
1062 2783 1133 2826 τὸν
1183 2781 1384 2835 πόλεμον]
1449 2779 1536 2820 Vid.

875 2842 1012 2882 Matth.
1045 2844 1111 2885 Gr.
1141 2843 1206 2881 Gr.
1228 2843 1266 2889 §.
1287 2841 1382 2890 579,
1406 2842 1425 2880 1
1449 2851 1539 2891 pag·
