1996 3238
101 307 165 353 71

596 189 947 225 URANlA.
1004 188 1134 225 VIII.

235 302 324 344 τῶν
353 296 623 354 ἀφύλακτον.

689 298 789 339 Τῶν
832 295 878 339 δὲ
919 296 1161 353 βαρβάρων
1202 297 1228 342 ὁ
1255 295 1382 350 πεζός
1411 294 1552 340 ὑπόὅο

1451 187 1509 228 95

234 367 314 424 τὴν
349 369 600 421 παρεοῦσαν
630 363 767 408 νύκτα
797 362 1026 418 ἐπορεύετο
1064 365 1132 408 ἐπὶ
1160 365 1240 422 τὴν
1274 361 1502 408 Πελοπόν-

234 445 392 491 νησον·
422 434 565 477 καίτοι
592 433 646 476 τοὶ
680 431 845 477 δυνατὰ
875 430 1018 474 πάντα
1047 432 1351 489 ἐμεμηχάνητο,
1381 432 1496 484 ὅκως

204 501 323 547 Ξκατ’
363 499 544 557 ἤπειρον
583 500 640 557 μὴ
683 501 911 556 ἐσβάλοιεν
951 501 994 543 οἷ
1020 499 1250 557 βάρβαροι.
1307 501 1383 552 Ὡς
1410 501 1494 557 γάρ

233 567 457 613 ἐπύθοντο
487 567 667 626 τάχιστα
698 567 1050 624 Πελοποννήσιοι
1086 567 1191 619 τοὺς
1232 568 1345 623 ἀμφὶ
1373 573 1496 613 Aem-

229 639 351 681 νίδεα
379 636 426 681 ἐν
460 637 768 695 Θερμοπύλῃσι
797 635 1151 694 τετελευτηκέναι,
1170 635 1496 690 συνδραμόντες
1508 645 1553 680 55

229 705 277 749 ἐκ
305 708 394 748 τῶν
421 708 599 760 πολίων,
632 706 675 758 ἐς
704 706 783 750 τόν
802 705 979 760 Ἰσθμόν
1000 707 1164 758 ἵζοντο·
1197 706 1272 748 καί
1288 715 1368 760 σφι
1389 704 1498 760 ἐπῆν

200 773 473 830 δστρατηγὸς
511 774 839 832 Κλεόμβροτος,
876 772 900 818 ὁ
927 773 1294 827 Ἀναξανδρίδεω,
1331 775 1499 816 Λεωνί-

229 844 314 885 δεω
356 843 402 886 δὲ
448 843 670 899 ἀδελφεός.
730 841 920 898 ἱζόμενοι
952 841 998 884 δὲ
1034 841 1082 885 ἐν
1125 843 1188 898 τῷ
1214 839 1395 900 Ἰσθμῷ,
1424 842 1497 885 καὶ

228 909 525 966 συγχώσαντες
564 910 645 968 τήν
672 911 926 966 Σκιρωνίδα
953 908 1074 962 ὁδὸν,
1110 908 1217 965 μετὰ
1245 913 1402 962 τοῦτο,
1433 909 1493 961 ὥς
1550 902 1631 945 652

170 1094 382 1147 optativum
427 1093 606 1147 μέλλοιεν
647 1097 829 1134 continuo

169 1153 329 1204 excipit,
360 1152 437 1190 vid.
457 1151 593 1190 Matth.
615 1155 679 1191 Gr.
703 1155 769 1191 Gr.
792 1155 829 1199 §.

170 1209 251 1250 529
286 1223 372 1260 pag.
399 1211 517 1250 1031.
567 1212 698 1261 Ipsum
724 1211 831 1247 futu-

168 1279 256 1302 rum
286 1267 392 1318 attigi
423 1265 472 1304 ad
500 1268 609 1316 VIII,
651 1267 726 1317 49,
765 1268 831 1304 ubi

171 1322 247 1362 vid.
268 1324 346 1361 citt.

366 1415 461 1465 Cap.
491 1415 633 1451 LXXI.

224 1489 448 1545 ἐσβάλοιεν]
484 1495 539 1530 Ita
571 1507 592 1529 e
611 1494 831 1531 Florentino

168 1548 257 1587 dedi
279 1565 369 1587 oum
390 1549 623 1600 Schweigh„
646 1551 762 1587 Gaisf.
795 1558 832 1587 et

166 1606 359 1645 Bekkero.
381 1603 708 1658 Α1ἰίἒσβάλλοιεν,
727 1607 831 1659 qnod

168 1678 254 1701 cum
267 1665 452 1716 prioribus
480 1671 610 1701 tenent
633 1663 828 1703 Schaefer.

167 1728 204 1758 et
222 1720 427 1771 Matthiae3
463 1723 526 1758 alii
546 1718 768 1773 ἐμβάλοιεν.

223 1778 263 1826 ἐς
282 1775 353 1818 τόν
364 1775 686 1829 Ἰσθμόνί’ζοντο]
709 1779 826 1827 „Ses-

166 1848 241 1872 sum
281 1836 380 1873 ibant
421 1838 457 1873 in
498 1834 710 1873 Isthmum.“
767 1838 824 1873 Ita

165 1891 350 1930 Valcken.
394 1894 492 1930 bene
522 1892 734 1930 adiiciens:
783 1894 821 1929 in

165 1947 354 1986 Isthmum
371 1963 459 1986 cum
492 1949 731 1987 advenissent
758 1951 824 1999 illi,

166 2018 260 2043 mox
279 2008 411 2043 usitata
442 2014 628 2044 structura
649 2007 723 2044 dici
751 2004 825 2054 ἷζὸ-

167 2076 278 2113 μενοι
301 2062 352 2102 ἐν
376 2065 432 2116 τῷ
456 2059 613 2118 Ἰσθμῷ.
647 2066 705 2100 De
717 2077 824 2114 prae·

165 2120 361 2169 positionis
383 2119 421 2165 ἐς
442 2133 533 2167 usu,
568 2133 666 2172 quae
687 2121 748 2156 ille
769 2122 825 2157 ci-

165 2177 256 2213 tavit
283 2178 323 2223 J,
357 2179 448 2217 199.
487 2178 556 2223 ΙΙΙ,
600 2176 697 2225 140,
738 2178 823 2225 alia,

163 2233 208 2270 iis
229 2232 339 2281 adde,
369 2246 468 2284 quae
499 2233 604 2269 attuli
626 2233 674 2270 ad
694 2235 747 2280 V,
772 2237 824 2274 12

166 2297 202 2326 et
235 2292 457 2327 Buttmann.
503 2291 541 2326 in
573 2289 824 2329 Demosthen.

163 2346 322 2384 Midian.
367 2360 405 2397 p.
453 2347 528 2388 175
571 2347 630 2384 ed.
666 2347 823 2385 secund.

163 2405 222 2441 De
251 2404 478 2451 Cleombroto,
518 2405 583 2456 qui
614 2417 697 2442 raro
723 2404 824 2456 apud

163 2468 310 2498 veteres
359 2468 702 2509 commemoratur,
755 2463 824 2500 etsi

164 2525 312 2569 patrem
332 2516 464 2554 habuit
491 2531 622 2569 regem
647 2519 824 2555 fratrem-

164 2589 239 2627 que
283 2576 560 2612 nobilissimum
597 2576 822 2625 Leonidam,

164 2633 266 2670 conf.
287 2631 430 2669 Herod.
451 2633 508 2668 IX
524 2662 533 2679 ,
557 2635 621 2672 10.

221 2684 489 2741 συγχώσαντες
508 2685 583 2740 τήν
593 2687 821 2738 Σκιρωνίδα

169 2743 275 2794 ὁδὸν]
304 2745 443 2795 „Haud
463 2746 709 2783 incommode
730 2746 820 2784 red-

166 2801 286 2841 ditur:
333 2804 579 2842 obstruxerunt
619 2805 733 2842 viam:
779 2811 818 2842 at

886 1108 965 1133 non
985 1096 1130 1148 utique,
1150 1102 1191 1133 ut
1203 1092 1414 1133 Larcherus
1432 1096 1549 1132 inter-

885 1160 1053 1204 pretatus
1075 1160 1148 1200 est,
1178 1152 1276 1190 terrei
1293 1152 1466 1202 adgesta,
1507 1153 1548 1189 in

885 1223 1066 1246 saxorum
1081 1212 1302 1261 praesertim
1321 1217 1466 1258 monte,
1482 1208 1550 1246 sed

885 1280 1092 1312 saxorum,
1123 1274 1236 1318 puta,
1275 1268 1423 1317 ingenti
1453 1279 1550 1303 con-

887 1324 1009 1374 gerie,
1038 1336 1135 1375 quae
1154 1325 1293 1360 muniti
1322 1325 1412 1361 valli
1432 1325 1549 1360 ratio-

888 1394 980 1417 nem
1009 1379 1184 1429 haberet,
1234 1394 1310 1433 quo
1344 1381 1550 1418 interclusa

887 1438 1002 1474 fuerit
1022 1439 1083 1475 via
1113 1444 1150 1474 et
1179 1437 1359 1489 prohibiti
1385 1437 1548 1474 adscen-

888 1493 1041 1543 dentes3
1089 1495 1162 1531 nisi
1199 1496 1323 1545 potius
1361 1495 1550 1546 intelligas

887 1552 1068 1589 subrutam
1106 1556 1138 1588 et
1173 1551 1329 1589 dirutam
1370 1565 1440 1589 esse
1469 1565 1549 1590 vtae

886 1611 1130 1654 munitionem,
1161 1609 1213 1645 ita
1240 1615 1282 1646 ut
1311 1615 1347 1645 et
1373 1609 1481 1646 fossis
1509 1615 1549 1646 et

885 1667 1004 1702 ruinis
1051 1667 1261 1717 intercepta
1308 1666 1370 1702 via
1410 1667 1546 1706 esset.“

886 1721 1268 1772 Schweighaeus.
1298 1724 1337 1759 in
1356 1724 1546 1761 Lex.He-

882 1779 965 1816 rod.
985 1793 1013 1816 s.
1034 1795 1070 1818 v.
1092 1783 1277 1831 συγχοῦν.
1310 1782 1442 1832 Lange
1457 1794 1547 1818 ver-

880 1837 1018 1873 nacule
1067 1836 1262 1875 reddidit:
1313 1838 1546 1877 verschiitten.

893 1893 957 1930 Via
980 1894 1152 1938 Scironis,
1175 1893 1221 1931 de
1243 1908 1316 1947 qna
1340 1894 1418 1935 vid.
1440 1896 1547 1931 Pau-

882 1964 962 1987 san.
992 1953 1030 2000 1,
1064 1950 1117 1991 44
1148 1952 1184 1997 §.
1223 1955 1274 1992 10
1303 1965 1383 2004 seq.
1414 1953 1546 2004 ibique

883 2009 1041 2045 Siebelis
1074 2021 1162 2059 pag.
1195 2008 1288 2049 157.
1330 2010 1456 2046 Strab.
1487 2010 1545 2045 IX

882 2077 969 2115 pag.
999 2067 1076 2105 391
1108 2078 1137 2103 S.
1166 2067 1248 2105 600
1276 2066 1325 2102 A.
1354 2073 1393 2103 et
1421 2068 1545 2103 Kruse

881 2123 979 2157 Heu.
1003 2123 1039 2167 I,
1072 2124 1097 2161 2
1118 2134 1204 2171 pag.
1228 2124 1303 2162 321
1328 2135 1405 2174 seq.
1455 2124 1541 2158 Me-

880 2179 979 2228 garis
1009 2176 1198 2214 Isthmum
1220 2180 1434 2228 petentibus
1464 2186 1544 2216 erat

880 2234 1113 2286 peu-meando
1137 2234 1336 2272 exordiens
1361 2249 1437 2288 quo
1458 2237 1542 2274 loco

879 2293 1070 2342 Megarica
1104 2291 1239 2329 desinit
1268 2293 1441 2343 planities
1475 2307 1543 2330 ru-

881 2362 1023 2401 pesque
1045 2356 1253 2400 exsurgnnt
1264 2350 1461 2398 Moluriae,
1475 2351 1542 2387 ubi

881 2413 989 2457 porta
1009 2407 1181 2443 Scironia
1204 2420 1302 2458 qnae
1334 2408 1543 2444 vocabatur

882 2463 973 2499 olim
998 2470 1187 2500 exstructa
1209 2470 1300 2502 erat.
1359 2463 1454 2500 Inde
1474 2477 1541 2501 su·-

880 2533 949 2571 per
967 2522 1140 2571 scopulos
1169 2534 1338 2573 saxaque
1374 2521 1541 2559 Scironia

881 2590 979 2628 quae
1003 2577 1182 2614 dicuntur
1212 2590 1232 2614 a
1254 2578 1436 2627 Scirone,
1472 2591 1538 2615 ce-

876 2634 1078 2671 leberrimo
1119 2635 1287 2683 latrone,
1333 2636 1398 2687 qui
1449 2634 1538 2672 inde

876 2699 1157 2742 praetereuntes
1209 2692 1376 2743 rapuisse
1424 2699 1538 2744 atque

874 2749 1104 2786 interfecisse
1124 2749 1265 2797 fertur,
1295 2751 1355 2787 via
1375 2748 1539 2787 ducebat

874 2818 940 2842 sex
973 2807 1141 2845 milliarr.
1173 2809 1363 2845 Romanu.
1393 2806 1442 2844 ad
1468 2808 1539 2843 Ki-

1555 295 1640 330 Quae
1658 295 1724 323 dum
1735 302 1831 332 agun-

1553 334 1614 363 tur,
1635 333 1666 356 et
1675 330 1833 358 terrestris

1558 363 1718 390 Persarum
1745 371 1833 390 exer-

1557 397 1635 423 citus
1652 397 1682 423 in
1690 396 1833 426 Isthmum

1552 434 1652 457 movet
1669 438 1688 456 a
1705 430 1792 457 Pelo·

1552 464 1704 499 ponnesiis
1723 463 1790 491 dili-

1553 503 1662 532 genter
1678 497 1809 525 custodi-

1554 535 1627 559 tum.
