1879 3222
84 429 147 473 61

536 179 996 216 CALLIOPE.
1056 179 1136 217 IX.
1382 178 1468 220 299

205 290 359 347 ,,χοέριν
387 287 532 333 θέσθε.
565 286 828 340 συνοίδαμεν
857 287 902 329 δὲ
931 286 1037 341 ὑμῖν
1055 288 1142 332 ὑπὸ
1170 288 1249 332 τόν
1275 286 1464 340 παρεόν·
1479 296 1524 330 60

206 376 285 411 ,,τα
314 357 436 401 τόνδε
473 354 664 410 πόλεμον
704 353 826 398 ἐοῦσι
867 355 1031 398 πολλὸν
1078 355 1468 413 προθυμοτάτοισι,

209 426 343 479 ,,ὡ’στε
377 423 450 467 καὶ
479 425 613 466 ταῦτα
650 420 917 466 ἐσακούειν.“
979 427 1123 468 Ταῦτα
1163 427 1206 468 οἱ
1241 423 1468 479 Ἀθηναῖοι
1523 431 1582 465 Qui
1609 430 1677 458 dum
1704 430 1735 456 ῑιι
1762 437 1799 456 00

1523 468 1614 498 sunt,
1640 468 1672 491 ut
1688 463 1749 490 inin
1770 471 1802 489 o-

206 494 263 545 ὠς
300 491 543 542 ἐπύθοντο,
591 489 788 545 ὦρμέατο
819 489 1043 546 βοηθέειν,
1088 491 1244 535 καὶτὰ
1283 492 1468 546 μάλιστα
1525 507 1589 534 pem
1605 498 1801 530 sermnem

1523 532 1642 560 auxiliis
1660 531 1801 559 barbaro-

203 560 448 616 ἐπαμύνειν.
519 559 594 601 καί
636 569 716 613 σφι
754 559 837 616 ἤδη
877 561 1091 615 στείχουσι
1131 560 1393 605 ἐπιτίθενται
1426 563 1470 606 οἱ
1524 565 1801 593 rumeeciflwss-

203 628 527 683 ἀντιταχθέντες
551 623 764 682 Ἑλλήνων
796 631 882 671 τῶν
920 628 1025 683 μετα
1067 626 1266 683 βασιλέος
1292 631 1468 685 γενομέ-
1524 632 1689 660 lffice‘laem
1694 639 1775 658 ¹¹¹¹¹¹

1525 599 1632 633 {ligere
1643 601 1800 637 coguqtur.

1524 675 1605 702 rum,
1634 665 1712 700 quod
1732 672 1804 691 nou-

202 713 305 748 νων,
336 696 443 739 ὥστε
469 695 616 751 μηκέτι
642 695 858 740 δύνασθαι
877 700 1118 753 βοηθῆσαι·
1146 695 1195 738 τὸ
1224 695 1308 750 γὰρ
1330 709 1464 749 προσ·
1479 699 1594 739 65ὼΙΠι
1622 700 1771 732 Ιίῑᾶθῦθῐη,

176 764 402 819 Ξκείμενόν
441 776 576 819 σφεας
612 763 774 807 ἐλύπεε.

837 764 961 807 Οὕτω
991 765 1043 820 δὴ
1064 764 1365 819 μουνωθέντες
1386 768 1473 808 Λα-
1524 733 1805 796 {ssfflffuffifssssgssi

203 831 476 887 κεδαιμόνιοι
506 833 580 876 καὶ
615 836 818 888 Τεγεῆται
847 832 1008 890 (ἐόντες
1038 832 1120 875 σὺν
1149 835 1312 883 ψιλοῖσι
1343 829 1474 886 ἀριθ-

204 899 290 956 μὸν
320 902 364 943 οἱ
392 900 470 954 μὲν
498 899 877 955 πεντακισμύριοι,
911 905 1113 956 Τεγεῆται
1142 900 1209 951 δὲ,
1239 902 1476 956 τρισχίλιοι·

207 965 332 1011 οὗτοι
360 967 443 1023 γὰρ
473 967 645 1023 οὐδαμά
665 966 945 1023 ἀπεσχίζοντο
974 967 1060 1012 οἷπὸ
1082 969 1470 1025 Λακεδαιμονίων)
1487 975 1533 1010 70

203 1034 540 1091 ἐσφαγιάζοντο,
587 1035 647 1087 ὦς
686 1036 1000 1092 συμβαλέοντες
1029 1038 1273 1094 Μαρδονίῳ
1311 1038 1386 1080 καὶ
1420 1041 1475 1095 τῇ

175 1107 388 1161 δστρατιῇ
418 1107 471 1162 τῇ
498 1103 733 1161 παρεούσῃ.
791 1105 863 1146 καὶ
904 1103 958 1147 ου’
998 1105 1080 1160 γάρ
1122 1116 1200 1158 σφι
1230 1104 1392 1161 ἐγίνετο
1422 1105 1475 1149 τοὶ

206 1172 370 1227 σφάγια
407 1172 571 1228 χρηστοὶ
581 1205 591 1224 ,
636 1171 815 1215 ἔπιπτόν

861 1188 905 1216 τε
949 1171 1097 1216 αὐτῶν
1147 1173 1193 1216 ἐν
1232 1173 1376 1231 τούτῳ
1416 1177 1478 1230 τῷ

204 1240 346 1299 χρόνῳ
385 1241 563 1292 πολλοὶ,
607 1240 679 1283 καὶ
709 1245 856 1296 πολλῷ
894 1245 1073 1292 πλεῦνες
1114 1241 1478 1296 ἐτρωματίζοντο·

176 1307 452 1363 4φροὶξαντες
487 1310 570 1365 γαρ
605 1308 659 1352 τὰ
697 1309 834 1365 γε’ῤῥα
870 1311 913 1352 οἱ
945 1310 1132 1365 Πέρσαι,
1172 1307 1355 1352 ἀπίεσαν
1383 1311 1473 1352 τῶν
1528 1323 1604 1361 721

150 1506 252 1543 conf.
273 1505 390 1544 modo
420 1507 498 1554 IX,
536 1507 625 1545 107.
701 1504 815 1542 Haud

150 1564 260 1600 aliter
327 1559 443 1615 χάριν
510 1560 814 1613 κατατίθεσθαι,

151 1618 200 1656 de
239 1633 316 1672 quo
356 1620 590 1668 Wesseling.
642 1617 690 1655 ad
719 1619 815 1657 Dio-

151 1675 234 1713 dor.
266 1677 345 1714 Sic.
375 1677 449 1725 IV,
482 1678 517 1715 1.
548 1676 642 1723 XV,
670 1678 738 1716 91.

209 1766 469 1818 συνοίδαμεν]
509 1766 619 1801 Hanc
648 1765 816 1802 formam

153 1821 262 1860 affert
295 1822 431 1862 Matth.
462 1823 530 1863 Gr,
564 1822 629 1858 Gr.
666 1823 703 1867 ς.
733 1824 812 1863 231

153 1892 243 1929 pag.
264 1878 346 1921 450
362 1910 371 1927 ‚
394 1880 459 1931 qui
478 1877 583 1915 idem
606 1879 644 1923 ξ.
676 1877 771 1925 548,
791 1880 817 1917 2

154 1948 244 1986 pag,
278 1938 383 1976 1076
411 1935 458 1972 de
490 1941 676 1971 structura
703 1933 817 1971 huius

155 1992 262 2028 verbi
275 2005 364 2029 cum
376 1992 570 2043 participio
587 1992 818 2029 consulatur.

157 2047 220 2085 Ad
268 2050 384 2086 verba
424 2044 506 2087 ’ὑπὸ
538 2044 608 2086 τὸν
644 2044 816 2098 πόλεμον

158 2102 202 2154 (i.
224 2118 256 2142 e.
277 2107 339 2142 sub
350 2107 463 2155 ipsum
484 2105 544 2141 hoc
560 2104 684 2142 bellum
703 2117 733 2141 s.
747 2104 817 2141 ltu-

156 2163 213 2199 ius
248 2163 359 2211 ipsius
396 2162 479 2198 belh·
507 2163 666 2212 tempore)
710 2161 813 2201 conf.

157 2217 276 2255 modo
297 2220 376 2265 IX,
401 2217 474 2266 58,
496 2219 562 2254 ubi
582 2215 663 2257 ὑπὸ
678 2215 817 2257 νύκτα.

156 2276 274 2312 Plura
294 2274 460 2313 Fischer.
493 2273 541 2311 ad
561 2275 722 2314 Weller.
751 2277 818 2323 ΙΙΙ,

157 2335 185 2373 2
204 2345 292 2382 pag.
314 2335 410 2374 278.
432 2353 481 2360 —
504 2333 547 2368 In
569 2332 645 2368 fine
666 2345 750 2383 cap.
771 2331 820 2369 ad

158 2385 366 2428 ἐσακούειν
387 2389 510 2439 suppl.
531 2386 641 2440 ἡμῖν.
689 2391 757 2426 Est
777 2403 821 2425 e·-

157 2446 241 2482 n‘un
278 2458 428 2482 sensus:
473 2449 510 2482 ut
547 2448 586 2483 in
619 2446 683 2483 hoc
713 2449 819 2485 etiam

158 2503 254 2540 nobis
273 2516 398 2540 morem
423 2506 564 2551 gerant.
618 2503 729 2541 Conf.
749 2504 819 2553 IX,

160 2561 199 2601 9.
229 2560 301 2609 IV,
327 2562 419 2600 133.
458 2560 531 2608 VI,
563 2561 629 2600 86.

378 2651 472 2702 cap.
500 2651 604 2687 Lxl.

221 2728 416 2782 ὥρμ-ἑατο]
458 2730 568 2767 Conf.
589 2729 725 2769 Matth.
757 2733 822 2769 Gr.

168 2786 234 2824 Gr.
255 2788 291 2833 §.
311 2788 406 2829 505.
429 2789 480 2826 IV
500 2800 587 2840 pag.
610 2787 689 2829 959
721 2795 758 2825 et
778 2787 826 2825 de

870 1506 952 1557 ipsa
990 1505 1097 1542 verbi
1123 1503 1398 1555 significatione
1435 1509 1530 1543 nott.

872 1562 921 1600 ad
941 1563 1022 1610 Vll,
1043 1561 1081 1602 4.
1101 1560 1211 1598 Idem
1221 1559 1355 1597 Matth.
1378 1561 1415 1605 §.
1438 1558 1533 1609 445,

871 1619 897 1659 5
918 1621 1100 1671 pag.832
1122 1619 1244 1668 attigit
1264 1617 1381 1654 verba
1400 1612 1444 1655 τὸ
1459 1613 1534 1668 γοῖρ

869 1675 1180 1727 προσκείμενον,
1216 1674 1282 1710 ubi
1313 1673 1414 1709 male
1444 1673 1538 1709 olim

872 1745 922 1768 ex
942 1731 1103 1768 Aldina:
1134 1730 1411 1782 προκείμενον.
1456 1728 1536 1766 Sed

873 1789 923 1827 cf.
944 1790 1014 1835 IX,
1029 1787 1093 1827 40.
1107 1788 1174 1829 57.
1193 1787 1297 1823 Infra
1310 1787 1378 1834 IX,
1390 1788 1442 1827 63
1456 1798 1467 1824 :
1489 1783 1534 1825 τό

872 1844 965 1898 περὶ
988 1844 1142 1884 ἐκεῖνον
1159 1841 1409 1895 τεταγμένον.

931 1930 1061 1981 ἐόντες
1078 1931 1153 1973 σὺν
1166 1936 1323 1980 ψιλοῖσι
1340 1927 1536 1984 α’ριθμόν]

873 1994 982 2029 Bene
1005 1991 1381 2040 Schwez'glaeaeuserus:
1411 1989 1538 2039 „Huic

872 2061 1036 2085 numero
1058 2049 1109 2084 ita
1138 2048 1232 2084 ratio
1253 2053 1422 2094 constat,
1450 2047 1537 2085 coll.

873 2119 907 2144 c.
929 2106 981 2144 29
1002 2117 1082 2155 seq.

902 2162 1083 2211 Spartani
1118 2186 1130 2198 .
1188 2187 1200 2198 .
1259 2184 1272 2197 ·
1329 2189 1340 2199 .
1399 2157 1509 2199 5000

900 2219 1062 2255 Helotae
1092 2243 1104 2254 .
1162 2245 1174 2255 .
1232 2245 1244 2255 .
1303 2241 1315 2253 ·
1374 2215 1511 2255 35000

900 2275 1053 2327 Reliqui
1070 2271 1367 2310 Lacedaemonii
1401 2273 1512 2313 5000

903 2333 1014 2370 Levis
1036 2337 1227 2368 armatura
1242 2328 1300 2368 his
1321 2329 1429 2365 attri-

990 2389 1083 2426 buta
1123 2413 1135 2425 .
1193 2415 1206 2427 .
1265 2413 1279 2424 ·
1335 2412 1347 2422 ·
1406 2384 1516 2426 5000

1323 2448 1541 2507 μ50000α

875 2527 921 2563 In
941 2538 1046 2577 seqq.
1059 2523 1108 2561 ad
1125 2535 1262 2561 vocem
1274 2521 1425 2576 σφάγια
1438 2522 1538 2561 conf.

877 2583 990 2620 allata
1011 2580 1060 2618 ad
1080 2582 1154 2628 IX,
1177 2578 1244 2619 41.

937 2667 1159 2722 φράξαντες
1190 2666 1265 2723 γοῖρ
1287 2665 1336 2708 τοὶ
1354 2667 1493 2721 γε’ῤῥα]
1512 2669 1537 2708 i.

881 2742 916 2765 e.
941 2730 1198 2779 constipantes,
1229 2728 1331 2764 dense
1355 2728 1539 2774 iungentes

879 2790 982 2824 scuta
1018 2798 1036 2822 e
1074 2786 1201 2824 vimine
1237 2782 1396 2835 confecta
1433 2780 1540 2836 quod
