1879 3222
482 205 565 246 372

455 315 478 353 4
489 317 628 369 „yeme
665 310 1032 367 θωυμαστότεροι.

875 201 1333 240 HERODOTI

1100 310 1217 361 οἰκὸς
1257 311 1303 354 δὲ
1333 309 1541 366 ἄρχοντας
1574 309 1786 364 ἄνδραςι5

481 383 686 432 ,,τοιαῦτα
715 378 892 422 ποιέειν·
920 378 1016 421 κότε
1048 377 1131 432 γὰρ
1161 378 1213 434 δὴ
1245 379 1315 421 καὶ
1344 378 1516 431 παρέξει
1539 376 1730 429 κάλλιον,

481 447 536 503 ,,ἢ
566 447 634 490 ὅτε
670 462 716 501 γε
747 445 994 502 ἀνθρώπων
1023 460 1067 487 τε
1097 449 1269 488 πολλῶν
1307 445 1494 501 ἄρχομεν
1521 442 1659 499 πάσης
1687 460 1732 488 τε

454 518 591 571 5,,τῆς
631 512 833 569 Ἀσίης,·“
891 517 1040 567 Κῦρος
1081 512 1126 554 δὲ
1165 515 1298 554 ταῦτα
1328 513 1537 564 ἀκούσας,
1577 512 1649 554 καὶ
1676 509 1731 554 οὐ

471 581 711 639 θωυμάσας
739 582 815 625 τὸν
847 581 1000 636 λόγον,
1043 579 1206 621 ἐκέλευε
1236 581 1397 623 ποιέειν
1422 584 1578 623 ταῦτα·
1617 578 1788 622 οὕτωὲο

484 649 530 693 δὲ
562 648 727 692 αὐτοῖσι
763 650 967 699 παραίνεε
1004 644 1190 690 κελεύων
1218 647 1633 700 παρασκευάζεσθαι,
1675 645 1732 698 ὦς

455 716 630 761 δούκέτι
654 716 884 770 ἄρξοντας,
925 712 1010 757 ἀλλ’
1050 710 1327 766 ἄρξομένους.
1385 715 1546 769 φιλέειν
1572 714 1656 770 γὰρ
1687 715 1732 757 ἐκ

479 788 566 828 τῶν
603 786 810 839 μαλακῶν
850 781 1003 837 χώρων
1050 780 1268 834 μαλακούς
1316 779 1475 834 ἄνδρας
1515 783 1732 836 γίνεσθαι·

483 850 537 895 οὐ
566 851 648 905 γάρ
678 866 746 892 τοι
773 853 849 905 τῆς
871 848 1002 904 αὐτῆς
1031 852 1109 903 γῆς
1140 845 1249 890 εἶναι
1276 846 1446 902 καρπόν
1475 864 1519 890 τε
1551 853 1731 903 θωυμα-

453 925 476 960 7
486 916 590 961 στὸν
619 915 750 972 φύειν
784 917 857 961 καὶ
887 915 1050 972 ἄνδρας
1080 913 1276 971 ἀγαθούς
1310 914 1362 958 τὰ
1392 913 1587 972 πολέμια.
1629 914 1788 960 ὤστεὲὅ

479 1097 572 1142 κότε
585 1098 657 1153 γοῖρ
669 1096 719 1151 δή
737 1097 802 1138 καὶ
818 1097 976 1150 παρέξει
987 1094 1077 1138 κάλ-

425 1160 545 1206 λιον]
577 1159 602 1194 i.
625 1171 656 1195 e.
689 1156 826 1207 quando
843 1159 930 1192 enim
946 1156 1006 1192 hoc
1017 1170 1079 1192 sa-

426 1228 467 1252 ne
488 1214 691 1252 commodius
716 1227 745 1250 s.
779 1212 901 1249 melius
912 1213 999 1262 fieri
1012 1226 1080 1262 po-

426 1273 521 1308 terit.
578 1271 643 1307 Tu
671 1269 773 1306 conf.
799 1270 864 1318 111,
898 1271 964 1308 73.
988 1268 1081 1314 142,

425 1340 475 1364 ne
499 1328 615 1378 plura.
667 1328 742 1363 Pro
777 1321 867 1365 κὸτε
891 1325 1080 1362 Sancrostl

400 1424 403 1428 ,
427 1383 549 1421 codex
578 1382 692 1419 habet
715 1379 871 1430 κότερα,
903 1381 950 1417 cf.
970 1382 1079 1427 1,91.

426 1439 488 1476 Ad
527 1441 641 1479 verba
678 1436 745 1477 καὶ
780 1433 828 1476 ου’
860 1432 1080 1487 θωυμάσας

426 1493 493 1536 τὸν
512 1492 633 1547 λόγον
651 1495 751 1535 conf.
774 1492 967 1534 Plutarch.
987 1495 1022 1530 11
1041 1507 1080 1544 p.

433 1555 509 1592 172
529 1553 574 1588 Ε.

485 1603 588 1645 οὕτω
610 1604 652 1644 δὲ
677 1602 830 1644 αὐτοῖσι
844 1619 879 1643 κ.
900 1620 930 1643 τ.
954 1603 1003 1654 λ.]
1021 1603 1082 1640 Ad

428 1664 560 1699 Persas
580 1662 714 1698 refero.
744 1663 1082 1697 Neomororaccu-

428 1719 563 1756 sativos
596 1719 864 1769 subsequentes
891 1713 1082 1766 ἄρξοντας

429 1782 466 1811 et
488 1770 750 1825 ἅρξομένουςς
781 1772 856 1810 vid.
879 1771 994 1807 modo
1011 1773 1079 1818 IX,

426 1832 493 1871 79.
550 1831 796 1880 participium
837 1825 1080 1879 ἀρξομένους

424 1886 572 1937 passivo
589 1899 701 1922 sensu
731 1883 1006 1935 accipiendum,
1038 1891 1080 1920 ut

425 1938 785 1996 πολιορκησόμενοι
826 1942 904 1988 ΙΧ,
933 1942 997 1979 97.
1034 1940 1078 1988 V,

485 2052 634 2104 φιλέειν
653 2049 725 2104 γάρ
743 2073 789 2080 -
806 2049 952 2101 ἄνδρας
974 2050 1080 2103 γίνε-

428 2109 549 2160 σθαι]
599 2110 703 2146 Facit
733 2107 808 2145 huc
843 2109 1081 2158 Hippocratis

426 2167 529 2203 locus
550 2168 606 2202 De
623 2179 698 2204 aer.
722 2178 783 2216 aq.
811 2166 951 2201 etlocc.
974 2165 1011 2209 ξ.
1028 2167 1080 2204 33

427 2223 556 2272 P·289
576 2235 603 2260 S.
627 2220 706 2261 347
722 2223 891 2272 itemque
912 2222 1081 2257 Senecae

425 2280 482 2314 De
513 2280 568 2314 ira
594 2280 640 2325 11,
672 2279 720 2316 16
752 2284 811 2324 et,
852 2277 915 2312 ubi
948 2274 1082 2311 eadem

426 2335 609 2371 sententia
646 2331 816 2383 proditur
851 2345 1082 2383 quamquain

428 2390 582 2427 diversis
605 2389 727 2428 verbis
756 2388 950 2426 Plutarch.
987 2390 1017 2422 ll
1042 2402 1078 2437 p,

431 2449 509 2486 172
531 2448 570 2482 F.
610 2447 724 2482 Plura
746 2446 833 2496 Cyri
856 2445 954 2481 dicto
975 2445 1080 2479 simi-

431 2503 478 2538 lia
503 2503 652 2553 collegit
682 2501 860 2538 Gatakvr.
889 2501 936 2537 ad
956 2502 1081 2536 Anto-

431 2560 508 2594 nin.
530 2560 592 2605 IV,
615 2561 667 2599 39
680 2559 764 2595 coll.
782 2559 938 2594 Dunneo
955 2558 990 2592 in
1004 2558 1081 2591 De-

431 2613 618 2649 mostlwn.
654 2628 691 2664 p.
722 2617 812 2654 131.
871 2615 932 2650 Ex
965 2615 1082 2649 llvro-

432 2668 520 2704 (loto
552 2677 676 2705 auu-m
708 2683 902 2720 expressus
936 2669 1083 2706 videtur

430 2722 700 2760 Ynlclxvnaerio
718 2728 809 2762 Livii
824 2728 924 2762 locus
936 2727 1080 2772 xxlx',

433 2782 485 2820 ‘25
497 2781 764 2828 „fertilissimus
781 2795 869 2831 ager
879 2795 999 2833 eoque
1012 2782 1080 2817 ab—

1133 1096 1282 1135 undans
1320 1097 1494 1134 omnium
1523 1098 1633 1148 copia
1661 1109 1790 1134 rerum

1135 1161 1190 1191 est
1228 1155 1353 1203 regio:
1395 1161 1432 1191 et
1469 1155 1638 1191 imbelles
1670 1153 1790 1205 (quod

1135 1212 1359 1261 plerumque
1378 1211 1418 1246 in
1444 1211 1559 1247 ubere
1588 1223 1677 1260 agro
1699 1223 1789 1247 eve-

1137 1268 1216 1312 nit)
1238 1267 1384 1303 barbari
1403 1268 1529 1304 sunt.“
1587 1266 1649 1303 Ad
1669 1267 1789 1316 ipsam

1135 1325 1383 1371 sententiam,
1417 1336 1532 1374 quam
1564 1324 1790 1374 plerumque

1136 1393 1288 1426 veram,
1327 1381 1365 1415 in
1406 1380 1623 1417 uuiversum
1661 1386 1789 1415 tamen

1137 1436 1311 1472 fallacem
1346 1449 1424 1472 esse
1462 1436 1513 1472 ait
1548 1436 1789 1485 &Vesseling.‚

1139 1493 1239 1529 conf.
1267 1493 1428 1531 Heeren.
1456 1491 1512 1529 Id.
1533 1493 1564 1540 Ι,
1592 1495 1609 1532 1
1633 1505 1672 1542 p.
1701 1491 1793 1531 194.

1140 1549 1231 1589 395.
1271 1549 1407 1585 Veram
1420 1549 1523 1584 illam
1540 1561 1618 1585 esse
1632 1554 1792 1585 couten-

1140 1603 1244 1639 derat
1260 1617 1411 1655 quoque
1421 1603 1641 1650 Larcherus‚
1657 1616 1792 1640 receu-

1137 1660 1238 1695 tioris
1268 1659 1443 1696 historiae
1483 1660 1665 1710 exemplis
1704 1660 1792 1711 qui-

1137 1714 1298 1751 busdam
1332 1715 1498 1754 adiectis.
1555 1717 1652 1761 Quin
1693 1716 1792 1752 cele-

1136 1771 1344 1807 berrimum
1379 1773 1642 1823 Montesquieu
1675 1772 1715 1808 in
1744 1772 1792 1808 li-

1136 1827 1204 1863 bro
1226 1827 1272 1864 de
1293 1828 1422 1877 legum
1444 1830 1562 1864 causis
1592 1828 1668 1875 (ita
1688 1828 1792 1864 enim

1136 1896 1224 1919 cum
1250 1885 1280 1920 Ι.
1301 1885 1348 1921 A.
1373 1885 1532 1921 Ernesto
1562 1883 1720 1921 reddere
1743 1884 1792 1920 li-

1136 1946 1195 1975 cet
1214 1941 1350 1975 Latine
1370 1941 1452 1976 libri
1483 1941 1635 1976 titulum
1666 1941 1794 1990 Esprit

1137 1995 1201 2032 des
1222 1997 1338 2045 Loix)
1358 1995 1461 2033 idem
1477 1998 1691 2034 observasse
1703 1997 1792 2046 plu-

1137 2052 1314 2103 ribusque
1387 2054 1601 2103 exposuisse
1673 2051 1791 2102 addit,

1140 2121 1386 2160 quamquain,
1427 2107 1551 2145 iudice
1588 2107 1792 2157 Lambere,

1138 2165 1263 2201 minus
1291 2166 1450 2214 respexit
1480 2164 1526 2201 ad
1557 2163 1790 2202 Christianae

1138 2221 1326 2270 religionis
1345 2222 1421 2256 vini
1445 2228 1557 2272 atque
1587 2222 1790 2258 auctorita-

1140 2284 1214 2311 tvnn
1241 2278 1414 2313 omnibns
1435 2277 1525 2314 locis
1545 2290 1587 2314 ac
1607 2279 1789 2328 tempori—

1139 2333 1206 2369 bus
1225 2334 1274 2368 ita
1296 2333 1623 2382 acconnnodatae‚
1655 2341 1697 2371 ut
1724 2334 1788 2370 vix

1138 2402 1202 2435 ea,
1245 2402 1342 2440 quae
1381 2391 1472 2426 olini
1509 2391 1642 2437 suerit,
1684 2402 1787 2425 nunc

1137 2457 1289 2497 quoqne
1323 2446 1536 2484 inveniatur
1561 2447 1654 2483 aeris
1673 2452 1786 2497 atque

1137 2503 1230 2538 coeli
1250 2503 1316 2540 vis.

1192 2554 1239 2596 ττέ
1275 2555 1467 2606 πολέμια]
1509 2555 1592 2594 vid.
1616 2562 1710 2593 nott.
1737 2555 1786 2594 ad

1138 2615 1199 2660 lv,
1249 2617 1286 2654 5.
1351 2614 1515 2650 verbnm
1554 2609 1786 2663 συγγνόντες

1136 2671 1256 2707 valet:
1289 2682 1391 2719 quum
1411 2668 1561 2717 (veram
1593 2670 1670 2705 scil.
1706 2670 1785 2720 Cy-

1137 2727 1166 2762 ri
1196 2727 1419 2762 sententiam
1452 2728 1545 2771 esse)
1588 2726 1783 2763 intellexis-

1135 2785 1222 2820 sent.
