1879 3222
244 188 328 229 500

290 296 421 330 frustra
444 303 523 326 eum
546 303 607 336 per
630 292 771 328 Cnidios
796 293 959 328 reducere

291 342 483 374 Tarentum
506 342 666 381 conatur,
688 340 750 383 ΙΙΙ,
775 339 853 374 138.

247 387 436 426 Gindanes,
462 396 544 428 pop.
568 385 731 423 istricaez
771 386 959 419 mulierum

292 431 420 465 fasciae
443 442 485 464 ex
520 430 678 473 pellibus,
711 431 772 472 IV,
799 431 866 465 176
890 438 958 465 not.

246 478 367 510 Glacie
398 476 600 510 constrictus
637 476 844 512 Cimmerius
875 478 958 512 Bos-

292 534 408 566 porus,
430 522 490 564 lv,
516 521 560 555 28
585 525 655 555 not.

247 570 413 608 Glaucen,
439 568 568 612 Leagri
591 573 705 610 pater,
728 568 788 610 lx,
810 568 867 602 75.

247 616 400 648 Glaucus
417 613 524 647 Chius
548 614 864 648 sei-ruminationem
875 614 957 647 ferri

290 660 431 701 invenit,
453 659 480 699 I,
505 659 551 693 25
575 667 645 696 not.
669 661 706 702 *)

245 706 409 746 Glaucus,
454 706 618 749 Epicydis
649 706 694 739 fil.
711 731 720 743 ,
767 705 957 748 depositum

288 751 431 794 suscipit
453 752 498 785 ab
522 751 658 795 hospite
681 752 830 789 Milesio,
867 751 956 793 quiod

289 801 408 840 postea
438 797 626 839 suscepisse
660 802 776 841 negat,
809 796 867 836 VI,
900 795 957 831 86.

287 843 453 886 Pythiam
486 843 633 876 consulit
659 853 704 875 au
736 842 957 875 iureiurando

287 889 467 932 pecuniam
492 888 705 928 intervertat,
729 888 784 924 Vl,
804 886 863 921 86.
882 887 956 920 eius

287 946 396 978 genus
418 934 570 966 funditus
595 934 720 974 interit,
745 934 829 966 ibid.

245 981 410 1021 Glaucus,
432 979 642 1021 Hippolochi
665 979 703 1012 fil
718 1004 727 1020 ,
751 978 859 1017 1,147
883 981 955 1011 not.

243 1026 433 1059 Glisantem
454 1028 488 1058 et
512 1024 716 1069 Tanagram
734 1025 958 1060 Thermodon

285 1070 463 1112 interfluit,
487 1070 546 1109 lx,
571 1071 617 1103 43
641 1075 712 1105 not.

240 1116 426 1150 Gnomom's
455 1116 649 1150 inventores
685 1116 885 1161 Babylonii,
907 1116 953 1158 ΙΙ,

284 1162 362 1195 109.
387 1162 431 1195 cf.
456 1166 528 1195 not.

239 1208 387 1247 Gnarus,
412 1207 500 1251 Lyci
522 1208 584 1249 fil„
617 1207 864 1241 Anacharsidis
888 1219 952 1251 pa-

283 1259 346 1295 ter,
371 1254 431 1295 IV,
455 1253 512 1287 76.

238 1301 403 1344 θοὸν-ρας,
436 1311 456 1333 e
493 1298 589 1343 magi
620 1298 844 1336 occisoribus,
888 1299 950 1340 ΙΙΙ,

280 1346 337 1379 70.
368 1344 425 1378 73.
473 1346 531 1388 vl,
573 1344 618 1378 43
659 1350 727 1378 not.
778 1346 949 1378 collucta-

278 1397 333 1425 tus
374 1402 452 1424 cum
488 1392 609 1435 Mago,
644 1403 673 1423 c.
699 1390 745 1424 78
769 1395 838 1424 not.
877 1391 949 1424 Go-

280 1438 391 1482 bryae
415 1438 547 1471 factum
579 1436 696 1470 multis
728 1437 949 1478 celebratum,

276 1483 346 1526 111,
365 1481 411 1516 78
434 1487 504 1517 not.
534 1482 706 1515 Mardonii
729 1483 948 1526 pater,‘VlI,

276 1528 333 1562 82.
359 1530 431 1562 eius
463 1529 645 1562 consilium
670 1530 711 1561 de
748 1529 904 1562 abeundo
928 1541 947 1561 e

277 1575 427 1618 Scythia
462 1575 571 1608 Dario
607 1575 737 1615 datum,
784 1575 841 1616 IV,
868 1574 943 1607 132.

276 1620 356 1654 134.
382 1620 455 1653 eius
478 1632 576 1660 uxor,
601 1620 702 1653 Darii
725 1631 833 1659 soror,
868 1620 944 1661 VII,

275 1665 310 1698 5.
340 1665 426 1705 filia,
449 1676 535 1698 uxor
559 1665 669 1704 Darii,
697 1676 726 1697 c.
752 1666 785 1698 2.
812 1665 871 1708 **)

231 1711 382 1752 Gonnus,
415 1711 499 1744 urbs
519 1710 735 1751 Thessaliae,
767 1710 844 1751 VII,
876 1709 944 1743 128

274 1761 346 1790 not.
369 1756 446 1789 173.
472 1774 516 1781 -
542 1757 580 1797 V,
605 1756 650 1789 63
674 1760 743 1789 not.

230 1803 392 1843 Gon-dias,
432 1801 550 1834 Midae
587 1806 697 1845 pater,
733 1801 761 1840 Ι,
795 1800 851 1835 14.
883 1800 941 1834 35.

273 1848 366 1888 VIII,
402 1846 481 1882 138.
519 1857 604 1880 avus
641 1846 792 1886 Adrasti,
826 1846 854 1887 I,
884 1846 941 1880 35.

272 1891 329 1927 55.
353 1893 429 1925 'nl
455 1904 485 1936 p.
512 1893 591 1925 ¹26.
627 1892 775 1926 Gordias
799 1892 941 1926 Perian-

273 1939 327 1972 dri
350 1938 454 1979 filius,
475 1938 535 1980 ΙΙΙ,
560 1938 606 1971 53
629 1942 699 1971 not.

228 1984 360 2029 Gorge,
398 1984 592 2018 Cleomenis
615 1984 700 2025 filia,
737 1983 778 2024 V,
799 1982 846 2016 48
869 1987 939 2017 not.

269 2035 408 2074 patrem
431 2030 515 2063 scite
538 2034 653 2063 monet
677 2032 716 2062 ut
739 2029 940 2063 sibicaveat

269 2077 316 2110 ab
340 2076 554 2120 Aristagora,
581 2076 677 2109 c.51.
704 2075 825 2108 eadem
850 2075 938 2108 Leo-

267 2122 370 2156 nidae
406 2133 516 2163 uxor,
578 2121 758 2155 Demarati
793 2122 939 2155 tabellas

269 2167 398 2211 aperiri
421 2170 548 2208 monet,
572 2169 602 2202 V
605 2168 649 2210 ΙΙ,
673 2166 742 2200 239
766 2171 837 2203 not.

224 2214 398 2257 Gorgonis
444 2217 549 2257 caput
581 2225 622 2246 ex
663 2212 785 2247 Africa
824 2212 938 2247 adfert

267 2261 425 2301 Perseus,
449 2260 493 2300 ΙΙ,
518 2260 573 2292 91.
599 2259 675 2302 ***)

223 2305 372 2350 Gorgus,
397 2305 587 2339 Salaminis
611 2304 762 2350 Cypriae
786 2314 845 2336 rex
860 2328 869 2344 ‚
894 2304 936 2343 V,

266 2351 345 2385 101.
374 2351 465 2395 VIII,
491 2351 525 2386 2.
559 2351 613 2385 11.
656 2352 743 2385 urbe
771 2349 938 2394 spoliatus

762 186 792 224 Ι.
823 185 982 222 INDEX
1009 186 1201 224 RERUM.

1015 305 1019 309 ·
1061 305 1083 328 a
1106 294 1226 336 fratre,
1251 294 1292 335 V,
1317 293 1394 328 104.
1424 294 1609 329 Persarum
1632 295 1730 330 auxi-

1062 340 1111 374 lio
1135 352 1211 374 eam
1237 341 1374 383 recipit,
1399 352 1428 373 c.
1456 339 1533 373 115.

1018 387 1170 430 Gorgos,
1195 387 1332 420 Chersis
1357 386 1418 427 fil„
1461 386 1530 419 dux
1561 385 1597 419 in
1621 386 1729 421 classe

1064 432 1197 472 merus,
1224 432 1300 472 Vll,
1322 432 1379 465 98.

1018 478 1232 521 Gossypium‚
1256 478 1317 518 Ill,
1345 478 1412 511 106
1436 479 1504 511 not.
1536 476 1617 510 coll.
1650 476 1727 520 VH,

1059 522 1115 555 65.

1017 568 1176 609 Graecia,
1201 568 1287 601 coeli
1298 568 1495 611 temperiem
1506 569 1611 611 longe
1632 578 1728 612 prae—

1060 613 1304 646 stantissimam
1323 615 1452 653 sortita,
1463 615 1525 654 111,
1540 616 1616 647 loo.
1643 625 1728 656 pau-

1059 659 1203 701 pertatis
1231 662 1382 700 alumna,
1415 661 1538 702 hospes
1577 660 1727 700 virtufis,

1059 704 1135 745 Vll,
1171 704 1247 736 102.
1272 707 1316 738 cl'.
1342 710 1410 739 not.
1452 718 1518 738 non
1543 705 1727 748 imperato-

1060 761 1138 783 rum
1173 750 1293 793 indIga
1328 751 1361 783 in
1399 752 1488 783 bello
1528 752 1620 785 Pers.
1668 752 1726 784 sed

1059 795 1239 837 exercitus,
1265 795 1341 837 vn,
1365 795 1443 830 161.
1467 796 1545 830 162.
1577 797 1611 830 ἰη
1647 808 1727 829 eam

1061 841 1163 883 primi
1189 852 1209 874 a
1233 841 1342 875 Dario
1367 843 1600 884 exploratores
1617 843 1725 883 missi,

1059 887 1123 927 ΙΙΙ,
1149 886 1340 921 135-138.
1366 888 1526 929 Graecia,
1561 892 1726 932 regnante

1057 932 1178 974 Dario,
1210 934 1324 965 Xerxe
1357 937 1391 967 et
1425 934 1623 974 Artaxerxe,
1666 945 1725 977 per

1057 983 1125 1013 tres
1148 979 1393 1023 generationes,
1418 980 1493 1022 plus
1512 979 1596 1012 mali
1615 989 1725 1020 passa,

1057 1036 1161 1067 quam
1196 1036 1257 1067 per
1288 1025 1413 1068 viginti
1447 1028 1559 1065 antea,
1585 1025 1645 1066 Vl,
1667 1024 1724 1059 98.

1057 1071 1223 1104 Graeciae
1245 1071 1339 1112 lines,
1365 1071 1454 1112 vlu,
1477 1069 1522 1104 47
1545 1075 1615 1104 not.

1012 1116 1148 1156 Graeci,
1198 1117 1325 1160 partim
1367 1117 1483 1158 Iones,
1524 1115 1726 1158 Pelasgicae

1054 1162 1206 1196 maxime
1251 1162 1389 1204 stirpis,
1430 1162 1559 1205 partim
1604 1163 1724 1202 Dares,

1053 1208 1256 1241 Hellenicae
1288 1209 1415 1250 stirpis,
1450 1208 1476 1249 I,
1513 1207 1557 1241 56
1581 1215 1649 1241 not.
1677 1227 1723 1231 —

1054 1253 1111 1289 59.
1135 1255 1179 1287 cf.
1205 1254 1249 1294 11,
1273 1253 1328 1287 51.
1352 1254 1421 1287 iam
1447 1265 1467 1287 a
1490 1253 1611 1295 priscis
1633 1258 1722 1287 tem-

1053 1300 1197 1343 poribus
1231 1311 1252 1333 a
1287 1300 1444 1333 barbaris
1467 1299 1630 1340 distincti,
1667 1305 1722 1332 ut-

1053 1350 1134 1386 pote
1165 1346 1385 1386 dexteriores,
1421 1346 1449 1386 Ι,
1482 1345 1537 1378 60.
1578 1346 1624 1379 cf.
1657 1345 1721 1385 lx,

1052 1390 1108 1425 59.
1141 1390 1196 1424 79.
1241 1392 1427 1425 Phoenices
1467 1391 1599 1424 Cadmo
1635 1391 1722 1423 duce

1053 1437 1119 1480 (cf.
1144 1436 1282 1480 113147
1306 1442 1340 1470 et
1362 1436 1496 1480 11,49.)
1521 1437 1563 1470 iis
1587 1440 1620 1470 et
1632 1436 1720 1470 alias

1051 1495 1106 1516 res
1141 1484 1184 1517 ad
1231 1484 1421 1517 doctrinam
1458 1488 1650 1525 spectantes
1686 1489 1720 1515 et

1048 1529 1168 1563 literas
1192 1530 1361 1569 adferunt,
1381 1530 1420 1569 V,
1429 1528 1474 1562 58
1491 1541 1582 1572 seqq.
1608 1530 1719 1562 Grae-

1046 1575 1078 1608 ci
1109 1586 1131 1608 a
1162 1575 1299 1609 sinistra
1333 1586 1438 1608 manu
1474 1575 1517 1608 ad
1563 1576 1718 1608 dextram

1047 1620 1214 1662 scribunt,
1237 1622 1281 1661 ΙΙ,
1305 1621 1360 1654 36.
1386 1632 1408 1654 a
1431 1620 1636 1664 Babyloniis
1659 1630 1716 1662 po-

1046 1666 1119 1698 lum
1137 1690 1147 1706 ,
1201 1677 1410 1709 gnomonem
1455 1671 1489 1699 et
1535 1665 1716 1699 duodecim

1045 1710 1113 1743 diei
1158 1716 1270 1752 partes
1302 1715 1515 1751 acceperunt,
1547 1711 1592 1751 ΙΙ,
1636 1711 1714 1745 109.

1044 1756 1239 1800 geometria
1267 1769 1345 1790 vero
1377 1757 1549 1790 Herodoto
1577 1768 1617 1789 ex
1646 1758 1716 1790 Ae-

1042 1803 1528 1880 ῗῖρῖῧι)”ῗι.ῗ.ῗὲἔ.’.’ἔ’ἐὶῗῖἰὶἶ6
1550 1803 1714 1880 aiffi‘ir’

1041 1892 1119 1926 180.
1144 1893 1197 1926 Ab
1221 1893 1405 1938 Aegyptiis
1428 1859 1609 1926 duodegcim
1628 1872 1714 1927 ’deul

1042 1950 1120 1971 rum
1145 1939 1297 1980 nomina,
1323 1939 1388 1982 (cf.
1414 1939 1456 1975 ΙΙ.
1489 1939 1523 1980 4,
1556 1940 1616 1973 ubi
1645 1940 1712 1972 Ae-

1040 1985 1160 2028 gyptii
1195 1985 1416 2027 sacerdotes)
1448 1985 1579 2019 Bacchi
1621 1990 1712 2018 certe

1041 2032 1166 2071 cultus,
1191 2031 1236 2064 ad
1261 2042 1319 2063 eos
1342 2035 1581 2074 pervenerunt,
1604 2031 1649 2068 II.
1664 2031 1710 2065 49

1039 2087 1110 2119 seq.
1136 2077 1180 2110 cf.
1206 2088 1234 2110 c.
1261 2076 1317 2110 43.
1347 2080 1381 2110 et
1411 2087 1557 2119 pompae
1579 2077 1710 2111 solem-

1041 2133 1101 2155 nes
1125 2126 1158 2156 et
1181 2123 1458 2166 supplicationes,
1483 2122 1528 2163 II,
1552 2121 1606 2156 58.
1646 2122 1709 2156 Ca-

1039 2168 1197 2201 birorum
1222 2179 1304 2201 vero
1327 2167 1493 2210 mysteria
1516 2168 1632 2211 (quae
1656 2173 1708 2201 et-

1038 2214 1109 2247 iam
1132 2214 1297 2258 Aegyptii
1329 2213 1511 2252 celebrant,
1540 2214 1602 2254 111,
1634 2212 1707 2257 37)

1037 2259 1178 2304 Pelasgi
1213 2272 1232 2292 e
1284 2259 1531 2293 Samothracia
1572 2259 1707 2294 adtule-

1038 2311 1128 2346 runt,
1153 2305 1199 2348 ΙΙ,
1223 2304 1280 2340 51.
1320 2306 1533 2340 Graecorum
1563 2305 1706 2339 deorum

1039 2355 1135 2385 aetas
1157 2363 1236 2387 cum
1269 2351 1528 2397 Aegyptiorum
1566 2351 1702 2392 collata,

311 2534 340 2573 ¹)
385 2533 486 2567 Haud
517 2533 600 2566 satis
619 2538 715 2565 recte
743 2530 867 2575 opinor
888 2544 908 2565 a
927 2532 1075 2565 Mullero
1092 2534 1135 2565 V.
1153 2533 1204 2568 CI.
1221 2533 1254 2565 iu
1274 2531 1698 2576 Archaeolog.Compend.

218 2589 252 2622 p.
272 2577 327 2611 39.
369 2580 528 2612 Glaucus
545 2579 602 2612 hic
626 2578 764 2622 ponitur
783 2580 817 2610 iu
839 2578 974 2622 olymp.
993 2579 1070 2620 XL,
1094 2579 1116 2612 4
1136 2599 1179 2604 —
1203 2580 1277 2621 LV,
1297 2582 1314 2614 1
1338 2580 1408 2612 sive
1426 2579 1492 2612 617
1508 2589 1538 2610 a.
1561 2577 1640 2611 Chr.
1663 2589 1697 2612 11.

305 2634 353 2676 **)
378 2634 428 2666 De
443 2635 608 2679 Gobryae
624 2635 760 2669 nomine
778 2635 916 2668 disserit
936 2636 1025 2668 Pott.
1060 2636 1257 2680 Etymolog.
1276 2636 1416 2669 Forsch.
1429 2646 1463 2676 p.
1482 2635 1626 2667 XXXV
1645 2635 1696 2667 si-

218 2679 314 2712 miles
337 2680 497 2722 quasdam
514 2682 661 2714 afferens
682 2693 805 2724 voces,
832 2681 868 2713 in
884 2681 1005 2725 quibus
1018 2683 1278 2726 pulcritudinis
1293 2682 1380 2714 inest
1405 2679 1623 2722 significatio.

305 2735 375 2778 ***)
417 2736 468 2769 De
502 2737 700 2782 Gorgonum
726 2737 850 2772 sabulis
879 2739 922 2775 cf.
946 2739 1108 2774 Vo'lcker.
1134 2738 1170 2771 in
1206 2737 1445 2781 Schulzeitung
1486 2736 1573 2771 1832
1612 2748 1693 2783 pag.

216 2781 301 2816 1051
320 2792 416 2826 seqq.
