<?xml version="1.0" encoding="UTF-8"?>
<!DOCTYPE html PUBLIC "-//W3C//DTD XHTML 1.0 Transitional//EN"
    "http://www.w3.org/TR/xhtml1/DTD/xhtml1-transitional.dtd">
<html xmlns="http://www.w3.org/1999/xhtml" xml:lang="en" lang="en">
 <head>
  <title>
</title>
<meta http-equiv="Content-Type" content="text/html;charset=utf-8" />
  <meta name='ocr-system' content='tesseract 3.04.00' />
  <meta name='ocr-capabilities' content='ocr_page ocr_carea ocr_par ocr_line ocrx_word'/>
</head>
<body>
  <div class='ocr_page' id='page_1' title='image "./musaeherodoto04hero_0328.png"; bbox 0 0 1879 3222; ppageno 0'>
   <div class='ocr_carea' id='block_1_1' title="bbox 261 677 329 722">
    <p class='ocr_par' dir='ltr' id='par_1_1' title="bbox 261 677 329 722">
     <span class='ocr_line' id='line_1_1' title="bbox 261 677 329 722; baseline 0 0"><span class='ocrx_word' id='word_1_1' title='bbox 261 677 329 722; x_wconf 73' lang='lat'><strong>76</strong></span> 
     </span>
    </p>
   </div>
   <div class='ocr_carea' id='block_1_2' title="bbox 53 746 332 819">
    <p class='ocr_par' dir='ltr' id='par_1_2' title="bbox 53 746 332 819">
     <span class='ocr_line' id='line_1_2' title="bbox 56 746 332 777; baseline 0.004 -3"><span class='ocrx_word' id='word_1_2' title='bbox 56 746 117 774; x_wconf 77' lang='lat' dir='ltr'><strong>Coa</strong></span> <span class='ocrx_word' id='word_1_3' title='bbox 133 746 251 777; x_wconf 72' lang='lat' dir='ltr'><strong>mulier,</strong></span> <span class='ocrx_word' id='word_1_4' title='bbox 268 747 332 775; x_wconf 80' lang='lat' dir='ltr'><strong>He-</strong></span> 
     </span>
     <span class='ocr_line' id='line_1_3' title="bbox 53 780 317 819; baseline 0 -9"><span class='ocrx_word' id='word_1_5' title='bbox 53 780 210 816; x_wconf 71' lang='lat' dir='ltr'><strong>genoridae</strong></span> <span class='ocrx_word' id='word_1_6' title='bbox 243 781 317 819; x_wconf 83' lang='lat' dir='ltr'><strong>filia,</strong></span> 
     </span>
    </p>
   </div>
   <div class='ocr_carea' id='block_1_3' title="bbox 386 170 468 210">
    <p class='ocr_par' dir='ltr' id='par_1_3' title="bbox 386 170 468 210">
     <span class='ocr_line' id='line_1_4' title="bbox 386 170 468 210; baseline 0 0"><span class='ocrx_word' id='word_1_7' title='bbox 386 170 468 210; x_wconf 79' lang='lat'><strong>316</strong></span> 
     </span>
    </p>
   </div>
   <div class='ocr_carea' id='block_1_4' title="bbox 787 169 1246 209">
    <p class='ocr_par' dir='ltr' id='par_1_4' title="bbox 787 169 1246 209">
     <span class='ocr_line' id='line_1_5' title="bbox 787 169 1246 209; baseline 0.011 -4"><span class='ocrx_word' id='word_1_8' title='bbox 787 169 1246 209; x_wconf 87' lang='lat' dir='ltr'><strong>HERODOTI</strong></span> 
     </span>
    </p>
   </div>
   <div class='ocr_carea' id='block_1_5' title="bbox 359 276 1701 611">
    <p class='ocr_par' dir='ltr' id='par_1_5' title="bbox 359 276 1701 611">
     <span class='ocr_line' id='line_1_6' title="bbox 359 276 1643 335; baseline 0.006 -15"><span class='ocrx_word' id='word_1_9' title='bbox 359 276 670 330; x_wconf 67' lang='grc' dir='ltr'><strong><em>Ξπεντάεθλον,</em></strong></span> <span class='ocrx_word' id='word_1_10' title='bbox 698 278 746 321; x_wconf 78' lang='grc' dir='ltr'><strong>ἐκ</strong></span> <span class='ocrx_word' id='word_1_11' title='bbox 774 277 1035 335; x_wconf 84' lang='grc' dir='ltr'><strong><em>προκλήσιος</em></strong></span> <span class='ocrx_word' id='word_1_12' title='bbox 1065 279 1286 335; x_wconf 78' lang='grc' dir='ltr'><strong>ἐφόνευσε.</strong></span> <span class='ocrx_word' id='word_1_13' title='bbox 1317 283 1452 326; x_wconf 81' lang='grc' dir='ltr'><strong><em>αὐτόν</em></strong></span> <span class='ocrx_word' id='word_1_14' title='bbox 1481 283 1527 328; x_wconf 79' lang='grc' dir='ltr'><strong>δὲ</strong></span> <span class='ocrx_word' id='word_1_15' title='bbox 1548 288 1643 328; x_wconf 83' lang='grc' dir='ltr'><strong>Σω-</strong></span> 
     </span>
     <span class='ocr_line' id='line_1_7' title="bbox 384 344 1701 408; baseline 0.007 -22"><span class='ocrx_word' id='word_1_16' title='bbox 384 344 525 401; x_wconf 79' lang='grc' dir='ltr'><strong><em>φάνεα</em></strong></span> <span class='ocrx_word' id='word_1_17' title='bbox 554 345 697 403; x_wconf 86' lang='grc' dir='ltr'><strong><em>χρόνῳ</em></strong></span> <span class='ocrx_word' id='word_1_18' title='bbox 727 346 911 400; x_wconf 82' lang='grc' dir='ltr'><strong><em>ὕστερον</em></strong></span> <span class='ocrx_word' id='word_1_19' title='bbox 940 346 1111 392; x_wconf 83' lang='grc' dir='ltr'><strong><em>τούτων</em></strong></span> <span class='ocrx_word' id='word_1_20' title='bbox 1139 349 1375 404; x_wconf 78' lang='grc' dir='ltr'><strong><em>κατέλαβε,</em></strong></span> <span class='ocrx_word' id='word_1_21' title='bbox 1406 351 1544 404; x_wconf 83' lang='grc' dir='ltr'><strong><em>ἄνδρα</em></strong></span> <span class='ocrx_word' id='word_1_22' title='bbox 1573 369 1643 408; x_wconf 79' lang='grc' dir='ltr'><strong>γε·</strong></span> <span class='ocrx_word' id='word_1_23' title='bbox 1656 361 1701 395; x_wconf 83' lang='grc'><strong>80</strong></span> 
     </span>
     <span class='ocr_line' id='line_1_8' title="bbox 382 411 1644 473; baseline 0.006 -18"><span class='ocrx_word' id='word_1_24' title='bbox 382 411 571 468; x_wconf 80' lang='grc' dir='ltr'><strong><em>νόμενον</em></strong></span> <span class='ocrx_word' id='word_1_25' title='bbox 618 411 804 470; x_wconf 77' lang='grc' dir='ltr'><strong><em>ἀγαθὸν,</em></strong></span> <span class='ocrx_word' id='word_1_26' title='bbox 831 413 1072 472; x_wconf 77' lang='grc' dir='ltr'><strong><em>Ἀθηναίων</em></strong></span> <span class='ocrx_word' id='word_1_27' title='bbox 1101 420 1415 473; x_wconf 76' lang='grc' dir='ltr'><strong><em>στρατηγέοντα</em></strong></span> <span class='ocrx_word' id='word_1_28' title='bbox 1445 418 1535 473; x_wconf 80' lang='grc' dir='ltr'><strong>ἅμα</strong></span> <span class='ocrx_word' id='word_1_29' title='bbox 1563 424 1644 463; x_wconf 84' lang='grc' dir='ltr'><strong>Λε-</strong></span> 
     </span>
     <span class='ocr_line' id='line_1_9' title="bbox 384 480 1646 540; baseline 0.006 -17"><span class='ocrx_word' id='word_1_30' title='bbox 384 480 504 540; x_wconf 78' lang='grc' dir='ltr'><strong><em>άγρῳ</em></strong></span> <span class='ocrx_word' id='word_1_31' title='bbox 557 483 618 536; x_wconf 77' lang='grc' dir='ltr'><strong>τῷ</strong></span> <span class='ocrx_word' id='word_1_32' title='bbox 665 482 950 536; x_wconf 83' lang='grc' dir='ltr'><strong><em>Γλαύκωνος,</em></strong></span> <span class='ocrx_word' id='word_1_33' title='bbox 1016 483 1258 528; x_wconf 76' lang='grc' dir='ltr'><strong><em>ἀποθανεῖν</em></strong></span> <span class='ocrx_word' id='word_1_34' title='bbox 1308 484 1394 530; x_wconf 80' lang='grc' dir='ltr'><strong>ὑπὸ</strong></span> <span class='ocrx_word' id='word_1_35' title='bbox 1443 486 1646 531; x_wconf 74' lang='grc' dir='ltr'><strong><em>Ἠδωνῶν</em></strong></span> 
     </span>
     <span class='ocr_line' id='line_1_10' title="bbox 384 547 1644 611; baseline 0.006 -20"><span class='ocrx_word' id='word_1_36' title='bbox 384 547 434 592; x_wconf 75' lang='grc' dir='ltr'><strong>ἐν</strong></span> <span class='ocrx_word' id='word_1_37' title='bbox 471 547 604 605; x_wconf 83' lang='grc' dir='ltr'><strong><em>Δάτῳ</em></strong></span> <span class='ocrx_word' id='word_1_38' title='bbox 642 549 742 605; x_wconf 85' lang='grc' dir='ltr'><strong><em>περὶ</em></strong></span> <span class='ocrx_word' id='word_1_39' title='bbox 784 554 871 595; x_wconf 79' lang='grc' dir='ltr'><strong>τῶν</strong></span> <span class='ocrx_word' id='word_1_40' title='bbox 908 549 1130 608; x_wconf 79' lang='grc' dir='ltr'><strong><em>μετάλλων</em></strong></span> <span class='ocrx_word' id='word_1_41' title='bbox 1158 555 1247 595; x_wconf 76' lang='grc' dir='ltr'><strong>τῶν</strong></span> <span class='ocrx_word' id='word_1_42' title='bbox 1274 553 1467 608; x_wconf 80' lang='grc' dir='ltr'><strong><em>χρυσέων</em></strong></span> <span class='ocrx_word' id='word_1_43' title='bbox 1493 555 1644 611; x_wconf 83' lang='grc' dir='ltr'><strong><em>μαχεό-</em></strong></span> 
     </span>
    </p>
   </div>
   <div class='ocr_carea' id='block_1_6' title="bbox 383 632 531 673">
    <p class='ocr_par' dir='ltr' id='par_1_6' title="bbox 383 632 531 673">
     <span class='ocr_line' id='line_1_11' title="bbox 383 632 531 673; baseline -0.007 -12"><span class='ocrx_word' id='word_1_44' title='bbox 383 632 531 673; x_wconf 81' lang='grc' dir='ltr'><strong><em>μενον.</em></strong></span> 
     </span>
    </p>
   </div>
   <div class='ocr_carea' id='block_1_7' title="bbox 330 875 602 881">
    <p class='ocr_par' dir='ltr' id='par_1_7' title="bbox 330 875 602 881">
     <span class='ocr_line' id='line_1_12' title="bbox 330 875 602 881; baseline 0 0"><span class='ocrx_word' id='word_1_45' title='bbox 330 875 602 881; x_wconf 95' lang='lat' dir='ltr'><strong> </strong></span> 
     </span>
    </p>
   </div>
   <div class='ocr_carea' id='block_1_8' title="bbox 315 962 994 2809">
    <p class='ocr_par' dir='ltr' id='par_1_8' title="bbox 315 962 994 2809">
     <span class='ocr_line' id='line_1_13' title="bbox 315 962 988 1011; baseline -0.001 -11"><span class='ocrx_word' id='word_1_46' title='bbox 315 966 385 1005; x_wconf 78' lang='grc'><strong>’92</strong></span> <span class='ocrx_word' id='word_1_47' title='bbox 410 964 497 1000; x_wconf 87' lang='lat' dir='ltr'><strong>coll.</strong></span> <span class='ocrx_word' id='word_1_48' title='bbox 523 963 595 1008; x_wconf 88' lang='lat' dir='ltr'><strong>IX,</strong></span> <span class='ocrx_word' id='word_1_49' title='bbox 619 965 670 1002; x_wconf 80' lang='lat'><strong>33</strong></span> <span class='ocrx_word' id='word_1_50' title='bbox 701 968 738 999; x_wconf 86' lang='lat' dir='ltr'><strong>et</strong></span> <span class='ocrx_word' id='word_1_51' title='bbox 766 962 930 1000; x_wconf 80' lang='lat' dir='ltr'><strong>Pausan.</strong></span> <span class='ocrx_word' id='word_1_52' title='bbox 956 963 988 1011; x_wconf 88' lang='lat'><strong>1,</strong></span> 
     </span>
     <span class='ocr_line' id='line_1_14' title="bbox 329 1017 989 1070; baseline -0.002 -11"><span class='ocrx_word' id='word_1_53' title='bbox 329 1022 383 1061; x_wconf 78' lang='lat'><strong>29</strong></span> <span class='ocrx_word' id='word_1_54' title='bbox 407 1022 443 1065; x_wconf 68' lang='grc' dir='ltr'><strong>ξ.</strong></span> <span class='ocrx_word' id='word_1_55' title='bbox 459 1019 498 1059; x_wconf 79' lang='lat'><strong>4.</strong></span> <span class='ocrx_word' id='word_1_56' title='bbox 547 1022 605 1056; x_wconf 88' lang='lat' dir='ltr'><strong>De</strong></span> <span class='ocrx_word' id='word_1_57' title='bbox 627 1019 819 1056; x_wconf 89' lang='lat' dir='ltr'><strong>locutione</strong></span> <span class='ocrx_word' id='word_1_58' title='bbox 831 1017 874 1058; x_wconf 81' lang='grc' dir='ltr'><strong>ἐκ</strong></span> <span class='ocrx_word' id='word_1_59' title='bbox 888 1033 989 1070; x_wconf 85' lang='grc' dir='ltr'><strong><em>προ-</em></strong></span> 
     </span>
     <span class='ocr_line' id='line_1_15' title="bbox 327 1072 989 1127; baseline -0.005 -12"><span class='ocrx_word' id='word_1_60' title='bbox 327 1072 490 1127; x_wconf 80' lang='grc' dir='ltr'><strong><em>κλήσιος</em></strong></span> <span class='ocrx_word' id='word_1_61' title='bbox 518 1077 618 1115; x_wconf 88' lang='lat' dir='ltr'><strong>conf.</strong></span> <span class='ocrx_word' id='word_1_62' title='bbox 635 1083 730 1115; x_wconf 83' lang='lat' dir='ltr'><strong>nott.</strong></span> <span class='ocrx_word' id='word_1_63' title='bbox 752 1074 799 1112; x_wconf 81' lang='lat' dir='ltr'><strong>ad</strong></span> <span class='ocrx_word' id='word_1_64' title='bbox 829 1076 874 1124; x_wconf 88' lang='lat' dir='ltr'><strong>V,</strong></span> <span class='ocrx_word' id='word_1_65' title='bbox 908 1078 926 1115; x_wconf 89' lang='lat'>1</span> <span class='ocrx_word' id='word_1_66' title='bbox 952 1082 989 1112; x_wconf 91' lang='lat' dir='ltr'><strong>et</strong></span> 
     </span>
     <span class='ocr_line' id='line_1_16' title="bbox 329 1127 989 1185; baseline 0 -15"><span class='ocrx_word' id='word_1_67' title='bbox 329 1131 379 1170; x_wconf 87' lang='lat' dir='ltr'><strong>de</strong></span> <span class='ocrx_word' id='word_1_68' title='bbox 406 1133 529 1171; x_wconf 83' lang='lat' dir='ltr'><strong>verbis</strong></span> <span class='ocrx_word' id='word_1_69' title='bbox 555 1129 679 1185; x_wconf 80' lang='grc' dir='ltr'><strong><em>χρόνῳ</em></strong></span> <span class='ocrx_word' id='word_1_70' title='bbox 699 1128 865 1182; x_wconf 65' lang='grc' dir='ltr'><strong><em>’ὕστερον</em></strong></span> <span class='ocrx_word' id='word_1_71' title='bbox 894 1127 989 1170; x_wconf 78' lang='grc' dir='ltr'><strong><em>τού-</em></strong></span> 
     </span>
     <span class='ocr_line' id='line_1_17' title="bbox 328 1187 987 1237; baseline -0.006 -9"><span class='ocrx_word' id='word_1_72' title='bbox 328 1204 410 1228; x_wconf 86' lang='grc' dir='ltr'><strong>των</strong></span> <span class='ocrx_word' id='word_1_73' title='bbox 439 1196 523 1226; x_wconf 89' lang='lat' dir='ltr'><strong>nott</strong></span> <span class='ocrx_word' id='word_1_74' title='bbox 543 1189 592 1226; x_wconf 89' lang='lat' dir='ltr'><strong>ad</strong></span> <span class='ocrx_word' id='word_1_75' title='bbox 610 1190 679 1237; x_wconf 89' lang='lat' dir='ltr'><strong>IX,</strong></span> <span class='ocrx_word' id='word_1_76' title='bbox 702 1187 775 1237; x_wconf 73' lang='lat'><strong>643</strong></span> <span class='ocrx_word' id='word_1_77' title='bbox 803 1187 850 1224; x_wconf 88' lang='lat' dir='ltr'><strong>de</strong></span> <span class='ocrx_word' id='word_1_78' title='bbox 865 1189 987 1226; x_wconf 81' lang='lat' dir='ltr'><strong>verbis</strong></span> 
     </span>
     <span class='ocr_line' id='line_1_18' title="bbox 329 1241 989 1298; baseline -0.003 -14"><span class='ocrx_word' id='word_1_79' title='bbox 329 1242 458 1295; x_wconf 66' lang='grc' dir='ltr'><strong><em>ἄνδρα</em></strong></span> <span class='ocrx_word' id='word_1_80' title='bbox 478 1242 693 1298; x_wconf 80' lang='grc' dir='ltr'><strong><em>γενόμενον</em></strong></span> <span class='ocrx_word' id='word_1_81' title='bbox 711 1241 865 1298; x_wconf 61' lang='grc' dir='ltr'><strong><em>ἀγαθὸν</em></strong></span> <span class='ocrx_word' id='word_1_82' title='bbox 893 1252 989 1282; x_wconf 83' lang='lat' dir='ltr'><strong>nott.</strong></span> 
     </span>
     <span class='ocr_line' id='line_1_19' title="bbox 329 1300 989 1352; baseline -0.002 -14"><span class='ocrx_word' id='word_1_83' title='bbox 329 1301 378 1338; x_wconf 86' lang='lat' dir='ltr'><strong>ad</strong></span> <span class='ocrx_word' id='word_1_84' title='bbox 408 1304 477 1350; x_wconf 84' lang='lat' dir='ltr'><strong>IX,</strong></span> <span class='ocrx_word' id='word_1_85' title='bbox 509 1305 577 1342; x_wconf 87' lang='lat'><strong>71.</strong></span> <span class='ocrx_word' id='word_1_86' title='bbox 633 1301 771 1339; x_wconf 82' lang='lat' dir='ltr'>Incidit</span> <span class='ocrx_word' id='word_1_87' title='bbox 800 1300 989 1352; x_wconf 81' lang='lat' dir='ltr'><strong>Sophanis</strong></span> 
     </span>
     <span class='ocr_line' id='line_1_20' title="bbox 328 1358 989 1411; baseline -0.002 -16"><span class='ocrx_word' id='word_1_88' title='bbox 328 1372 431 1396; x_wconf 86' lang='lat' dir='ltr'><strong>mors</strong></span> <span class='ocrx_word' id='word_1_89' title='bbox 451 1360 491 1395; x_wconf 91' lang='lat' dir='ltr'><strong>in</strong></span> <span class='ocrx_word' id='word_1_90' title='bbox 513 1358 726 1411; x_wconf 86' lang='lat' dir='ltr'><strong>Olympiad.</strong></span> <span class='ocrx_word' id='word_1_91' title='bbox 741 1360 909 1394; x_wconf 88' lang='lat' dir='ltr'>LXXXI</span> <span class='ocrx_word' id='word_1_92' title='bbox 919 1371 989 1394; x_wconf 80' lang='lat' dir='ltr'><strong>ex-</strong></span> 
     </span>
     <span class='ocr_line' id='line_1_21' title="bbox 326 1413 987 1467; baseline -0.002 -16"><span class='ocrx_word' id='word_1_93' title='bbox 326 1416 483 1452; x_wconf 83' lang='lat' dir='ltr'><strong>euntem</strong></span> <span class='ocrx_word' id='word_1_94' title='bbox 503 1429 533 1456; x_wconf 84' lang='lat' dir='ltr'><strong>S.</strong></span> <span class='ocrx_word' id='word_1_95' title='bbox 554 1416 634 1457; x_wconf 81' lang='lat'><strong>453</strong></span> <span class='ocrx_word' id='word_1_96' title='bbox 652 1413 785 1455; x_wconf 83' lang='lat' dir='ltr'><strong>a.Chr.</strong></span> <span class='ocrx_word' id='word_1_97' title='bbox 805 1428 845 1452; x_wconf 90' lang='lat' dir='ltr'><strong>n.</strong></span> <span class='ocrx_word' id='word_1_98' title='bbox 867 1427 987 1467; x_wconf 87' lang='lat' dir='ltr'><strong>quum</strong></span> 
     </span>
     <span class='ocr_line' id='line_1_22' title="bbox 326 1471 987 1522; baseline -0.002 -14"><span class='ocrx_word' id='word_1_99' title='bbox 326 1471 580 1509; x_wconf 84' lang='lat' dir='ltr'><strong>Athenienses</strong></span> <span class='ocrx_word' id='word_1_100' title='bbox 609 1471 679 1510; x_wconf 74' lang='lat' dir='ltr'><strong>sub</strong></span> <span class='ocrx_word' id='word_1_101' title='bbox 701 1471 883 1509; x_wconf 80' lang='lat' dir='ltr'><strong>archonte</strong></span> <span class='ocrx_word' id='word_1_102' title='bbox 905 1473 987 1522; x_wconf 89' lang='lat' dir='ltr'><strong>Ly-</strong></span> 
     </span>
     <span class='ocr_line' id='line_1_23' title="bbox 325 1529 988 1566; baseline -0.002 -1"><span class='ocrx_word' id='word_1_103' title='bbox 325 1530 471 1566; x_wconf 85' lang='lat' dir='ltr'><strong>sistrate</strong></span> <span class='ocrx_word' id='word_1_104' title='bbox 500 1531 639 1566; x_wconf 83' lang='lat' dir='ltr'><strong>iterum</strong></span> <span class='ocrx_word' id='word_1_105' title='bbox 668 1530 863 1565; x_wconf 78' lang='lat' dir='ltr'><strong>mitterent</strong></span> <span class='ocrx_word' id='word_1_106' title='bbox 884 1529 988 1565; x_wconf 88' lang='lat' dir='ltr'><strong>colo-</strong></span> 
     </span>
     <span class='ocr_line' id='line_1_24' title="bbox 325 1586 987 1636; baseline 0.002 -16"><span class='ocrx_word' id='word_1_107' title='bbox 325 1597 409 1633; x_wconf 85' lang='lat' dir='ltr'><strong>nos,</strong></span> <span class='ocrx_word' id='word_1_108' title='bbox 447 1586 612 1621; x_wconf 87' lang='lat' dir='ltr'><strong>Eionem</strong></span> <span class='ocrx_word' id='word_1_109' title='bbox 641 1586 707 1636; x_wconf 86' lang='lat' dir='ltr'><strong>qui</strong></span> <span class='ocrx_word' id='word_1_110' title='bbox 746 1591 987 1635; x_wconf 82' lang='lat' dir='ltr'><strong>occuparent,</strong></span> 
     </span>
     <span class='ocr_line' id='line_1_25' title="bbox 327 1641 988 1689; baseline -0.002 -13"><span class='ocrx_word' id='word_1_111' title='bbox 327 1647 370 1677; x_wconf 82' lang='lat' dir='ltr'><strong>ut</strong></span> <span class='ocrx_word' id='word_1_112' title='bbox 401 1642 498 1676; x_wconf 89' lang='lat' dir='ltr'><strong>bene</strong></span> <span class='ocrx_word' id='word_1_113' title='bbox 511 1647 619 1676; x_wconf 84' lang='lat' dir='ltr'><strong>notat</strong></span> <span class='ocrx_word' id='word_1_114' title='bbox 647 1642 894 1689; x_wconf 65' lang='lat' dir='ltr'><strong>Wesseling„</strong></span> <span class='ocrx_word' id='word_1_115' title='bbox 926 1641 988 1676; x_wconf 91' lang='lat' dir='ltr'><strong>cui</strong></span> 
     </span>
     <span class='ocr_line' id='line_1_26' title="bbox 327 1694 988 1743; baseline -0.003 -10"><span class='ocrx_word' id='word_1_116' title='bbox 327 1695 418 1734; x_wconf 78' lang='lat' dir='ltr'><strong>add.</strong></span> <span class='ocrx_word' id='word_1_117' title='bbox 446 1694 626 1735; x_wconf 63' lang='lat' dir='ltr'><strong>Lai-cher.</strong></span> <span class='ocrx_word' id='word_1_118' title='bbox 656 1696 733 1732; x_wconf 84' lang='lat' dir='ltr'><strong>tab.</strong></span> <span class='ocrx_word' id='word_1_119' title='bbox 763 1694 988 1743; x_wconf 82' lang='lat' dir='ltr'><strong>chronolog.</strong></span> 
     </span>
     <span class='ocr_line' id='line_1_27' title="bbox 326 1749 988 1804; baseline -0.006 -15"><span class='ocrx_word' id='word_1_120' title='bbox 326 1766 367 1804; x_wconf 88' lang='lat' dir='ltr'><strong>p.</strong></span> <span class='ocrx_word' id='word_1_121' title='bbox 397 1751 492 1792; x_wconf 85' lang='lat'><strong>655.</strong></span> <span class='ocrx_word' id='word_1_122' title='bbox 549 1750 613 1787; x_wconf 91' lang='lat' dir='ltr'><strong>Ad</strong></span> <span class='ocrx_word' id='word_1_123' title='bbox 646 1749 807 1787; x_wconf 88' lang='lat' dir='ltr'><strong>eandem</strong></span> <span class='ocrx_word' id='word_1_124' title='bbox 838 1749 988 1786; x_wconf 85' lang='lat' dir='ltr'><strong>cladem</strong></span> 
     </span>
     <span class='ocr_line' id='line_1_28' title="bbox 326 1803 988 1859; baseline -0.008 -13"><span class='ocrx_word' id='word_1_125' title='bbox 326 1815 498 1859; x_wconf 77' lang='lat' dir='ltr'><strong>spectant</strong></span> <span class='ocrx_word' id='word_1_126' title='bbox 510 1808 805 1844; x_wconf 83' lang='lat' dir='ltr'><strong>lociPausaniae</strong></span> <span class='ocrx_word' id='word_1_127' title='bbox 825 1807 848 1844; x_wconf 95' lang='lat' dir='ltr'><strong>l.</strong></span> <span class='ocrx_word' id='word_1_128' title='bbox 862 1806 885 1842; x_wconf 86' lang='lat' dir='ltr'><strong>l.</strong></span> <span class='ocrx_word' id='word_1_129' title='bbox 905 1803 988 1856; x_wconf 88' lang='lat' dir='ltr'><strong>(ubi</strong></span> 
     </span>
     <span class='ocr_line' id='line_1_29' title="bbox 328 1863 987 1914; baseline -0.008 -12"><span class='ocrx_word' id='word_1_130' title='bbox 328 1865 407 1903; x_wconf 83' lang='lat' dir='ltr'><strong>vid.</strong></span> <span class='ocrx_word' id='word_1_131' title='bbox 429 1865 586 1902; x_wconf 81' lang='lat' dir='ltr'><strong>Siebelis</strong></span> <span class='ocrx_word' id='word_1_132' title='bbox 605 1878 644 1914; x_wconf 89' lang='lat' dir='ltr'><strong>p.</strong></span> <span class='ocrx_word' id='word_1_133' title='bbox 676 1864 787 1912; x_wconf 85' lang='lat'><strong>106),</strong></span> <span class='ocrx_word' id='word_1_134' title='bbox 816 1863 987 1899; x_wconf 79' lang='lat' dir='ltr'><strong>Isocratis</strong></span> 
     </span>
     <span class='ocr_line' id='line_1_30' title="bbox 328 1917 988 1972; baseline -0.008 -14"><span class='ocrx_word' id='word_1_135' title='bbox 328 1923 388 1959; x_wconf 89' lang='lat' dir='ltr'><strong>De</strong></span> <span class='ocrx_word' id='word_1_136' title='bbox 417 1934 500 1972; x_wconf 89' lang='lat' dir='ltr'><strong>pac.</strong></span> <span class='ocrx_word' id='word_1_137' title='bbox 523 1922 559 1966; x_wconf 60' lang='grc' dir='ltr'><strong>ξ.</strong></span> <span class='ocrx_word' id='word_1_138' title='bbox 580 1923 632 1960; x_wconf 82' lang='grc'><strong>86</strong></span> <span class='ocrx_word' id='word_1_139' title='bbox 670 1921 757 1965; x_wconf 89' lang='lat' dir='ltr'><strong>(ubi</strong></span> <span class='ocrx_word' id='word_1_140' title='bbox 779 1917 988 1969; x_wconf 82' lang='lat' dir='ltr'><strong>legendum</strong></span> 
     </span>
     <span class='ocr_line' id='line_1_31' title="bbox 329 1975 990 2030; baseline -0.012 -11"><span class='ocrx_word' id='word_1_141' title='bbox 329 1977 374 2018; x_wconf 74' lang='grc' dir='ltr'><strong>ἐν</strong></span> <span class='ocrx_word' id='word_1_142' title='bbox 385 1975 502 2030; x_wconf 75' lang='grc' dir='ltr'><strong>Δάτῳ</strong></span> <span class='ocrx_word' id='word_1_143' title='bbox 519 1984 672 2013; x_wconf 84' lang='lat' dir='ltr'><strong>auctore</strong></span> <span class='ocrx_word' id='word_1_144' title='bbox 683 1978 848 2023; x_wconf 82' lang='lat' dir='ltr'><strong>Baitero,</strong></span> <span class='ocrx_word' id='word_1_145' title='bbox 872 1989 990 2027; x_wconf 88' lang='lat' dir='ltr'><strong>quem</strong></span> 
     </span>
     <span class='ocr_line' id='line_1_32' title="bbox 328 2032 989 2083; baseline -0.006 -11"><span class='ocrx_word' id='word_1_146' title='bbox 328 2034 407 2075; x_wconf 84' lang='lat' dir='ltr'><strong>vid.</strong></span> <span class='ocrx_word' id='word_1_147' title='bbox 437 2034 561 2073; x_wconf 78' lang='lat' dir='ltr'><strong>Praef,</strong></span> <span class='ocrx_word' id='word_1_148' title='bbox 584 2032 644 2070; x_wconf 91' lang='lat' dir='ltr'><strong>ed.</strong></span> <span class='ocrx_word' id='word_1_149' title='bbox 668 2035 780 2070; x_wconf 88' lang='lat' dir='ltr'><strong>Isocr.</strong></span> <span class='ocrx_word' id='word_1_150' title='bbox 797 2034 989 2083; x_wconf 78' lang='lat' dir='ltr'><strong>Panegyr.</strong></span> 
     </span>
     <span class='ocr_line' id='line_1_33' title="bbox 330 2089 990 2143; baseline -0.006 -15"><span class='ocrx_word' id='word_1_151' title='bbox 330 2106 366 2143; x_wconf 87' lang='lat' dir='ltr'><strong>p.</strong></span> <span class='ocrx_word' id='word_1_152' title='bbox 382 2093 457 2140; x_wconf 80' lang='lat' dir='ltr'><strong>IX)</strong></span> <span class='ocrx_word' id='word_1_153' title='bbox 479 2089 699 2141; x_wconf 80' lang='lat' dir='ltr'><strong>Thucydid.</strong></span> <span class='ocrx_word' id='word_1_154' title='bbox 728 2092 757 2138; x_wconf 86' lang='lat' dir='ltr'><strong>I,</strong></span> <span class='ocrx_word' id='word_1_155' title='bbox 782 2091 874 2130; x_wconf 82' lang='lat'><strong>100.</strong></span> <span class='ocrx_word' id='word_1_156' title='bbox 893 2090 990 2125; x_wconf 91' lang='lat' dir='ltr'><strong>Dio-</strong></span> 
     </span>
     <span class='ocr_line' id='line_1_34' title="bbox 331 2145 989 2197; baseline -0.006 -12"><span class='ocrx_word' id='word_1_157' title='bbox 331 2148 414 2185; x_wconf 87' lang='lat' dir='ltr'><strong>dor.</strong></span> <span class='ocrx_word' id='word_1_158' title='bbox 446 2149 524 2188; x_wconf 81' lang='lat' dir='ltr'><strong>Sic.</strong></span> <span class='ocrx_word' id='word_1_159' title='bbox 555 2149 642 2194; x_wconf 86' lang='lat' dir='ltr'><strong>XlI,</strong></span> <span class='ocrx_word' id='word_1_160' title='bbox 671 2148 737 2188; x_wconf 74' lang='lat'><strong>68.</strong></span> <span class='ocrx_word' id='word_1_161' title='bbox 796 2145 989 2197; x_wconf 78' lang='lat' dir='ltr'><strong>Quiquod</strong></span> 
     </span>
     <span class='ocr_line' id='line_1_35' title="bbox 330 2201 990 2242; baseline -0.006 0"><span class='ocrx_word' id='word_1_162' title='bbox 330 2205 546 2242; x_wconf 75' lang='lat' dir='ltr'><strong>Drabescum</strong></span> <span class='ocrx_word' id='word_1_163' title='bbox 574 2203 689 2240; x_wconf 85' lang='lat' dir='ltr'><strong>cladis</strong></span> <span class='ocrx_word' id='word_1_164' title='bbox 709 2204 839 2240; x_wconf 85' lang='lat' dir='ltr'><strong>locum</strong></span> <span class='ocrx_word' id='word_1_165' title='bbox 859 2201 990 2239; x_wconf 89' lang='lat' dir='ltr'><strong>decla-</strong></span> 
     </span>
     <span class='ocr_line' id='line_1_36' title="bbox 329 2260 990 2310; baseline -0.006 -12"><span class='ocrx_word' id='word_1_166' title='bbox 329 2269 426 2308; x_wconf 87' lang='lat' dir='ltr'><strong>rant,</strong></span> <span class='ocrx_word' id='word_1_167' title='bbox 447 2274 526 2298; x_wconf 83' lang='lat' dir='ltr'><strong>non</strong></span> <span class='ocrx_word' id='word_1_168' title='bbox 547 2261 713 2296; x_wconf 84' lang='lat' dir='ltr'><strong>multum</strong></span> <span class='ocrx_word' id='word_1_169' title='bbox 743 2260 868 2306; x_wconf 83' lang='lat' dir='ltr'><strong>refert,</strong></span> <span class='ocrx_word' id='word_1_170' title='bbox 891 2271 990 2310; x_wconf 77' lang='lat' dir='ltr'><strong>quo—</strong></span> 
     </span>
     <span class='ocr_line' id='line_1_37' title="bbox 329 2314 990 2355; baseline -0.006 0"><span class='ocrx_word' id='word_1_171' title='bbox 329 2319 435 2355; x_wconf 84' lang='lat' dir='ltr'><strong>niam</strong></span> <span class='ocrx_word' id='word_1_172' title='bbox 445 2318 642 2355; x_wconf 74' lang='lat' dir='ltr'><strong>Drabescus</strong></span> <span class='ocrx_word' id='word_1_173' title='bbox 663 2323 699 2352; x_wconf 89' lang='lat' dir='ltr'><strong>et</strong></span> <span class='ocrx_word' id='word_1_174' title='bbox 725 2316 838 2352; x_wconf 70' lang='lat' dir='ltr'><strong>Datus</strong></span> <span class='ocrx_word' id='word_1_175' title='bbox 855 2314 990 2351; x_wconf 88' lang='lat' dir='ltr'><strong>eadem</strong></span> 
     </span>
     <span class='ocr_line' id='line_1_38' title="bbox 330 2374 991 2423; baseline -0.006 -12"><span class='ocrx_word' id='word_1_176' title='bbox 330 2376 408 2411; x_wconf 76' lang='lat' dir='ltr'><strong>fere</strong></span> <span class='ocrx_word' id='word_1_177' title='bbox 428 2376 467 2410; x_wconf 90' lang='lat' dir='ltr'><strong>in</strong></span> <span class='ocrx_word' id='word_1_178' title='bbox 489 2375 644 2423; x_wconf 79' lang='lat' dir='ltr'><strong>regione</strong></span> <span class='ocrx_word' id='word_1_179' title='bbox 663 2374 754 2409; x_wconf 80' lang='lat' dir='ltr'><strong>sitae</strong></span> <span class='ocrx_word' id='word_1_180' title='bbox 786 2378 892 2408; x_wconf 81' lang='lat' dir='ltr'><strong>erant</strong></span> <span class='ocrx_word' id='word_1_181' title='bbox 912 2384 991 2408; x_wconf 88' lang='lat' dir='ltr'><strong>nou</strong></span> 
     </span>
     <span class='ocr_line' id='line_1_39' title="bbox 334 2429 991 2467; baseline -0.002 -1"><span class='ocrx_word' id='word_1_182' title='bbox 334 2433 499 2467; x_wconf 80' lang='lat' dir='ltr'><strong>multum</strong></span> <span class='ocrx_word' id='word_1_183' title='bbox 512 2430 690 2467; x_wconf 73' lang='lat' dir='ltr'><strong>distantes</strong></span> <span class='ocrx_word' id='word_1_184' title='bbox 702 2436 794 2466; x_wconf 86' lang='lat' dir='ltr'><strong>teste</strong></span> <span class='ocrx_word' id='word_1_185' title='bbox 811 2429 991 2465; x_wconf 83' lang='lat' dir='ltr'><strong>Strabon.</strong></span> 
     </span>
     <span class='ocr_line' id='line_1_40' title="bbox 333 2480 994 2538; baseline 0.003 -16"><span class='ocrx_word' id='word_1_186' title='bbox 333 2488 400 2523; x_wconf 80' lang='lat' dir='ltr'><strong>vn</strong></span> <span class='ocrx_word' id='word_1_187' title='bbox 422 2488 486 2525; x_wconf 87' lang='lat' dir='ltr'><strong>fin.</strong></span> <span class='ocrx_word' id='word_1_188' title='bbox 516 2489 737 2538; x_wconf 82' lang='lat' dir='ltr'><strong>Harpocrat.</strong></span> <span class='ocrx_word' id='word_1_189' title='bbox 758 2499 788 2523; x_wconf 92' lang='lat' dir='ltr'><strong>s.</strong></span> <span class='ocrx_word' id='word_1_190' title='bbox 803 2499 842 2523; x_wconf 88' lang='lat' dir='ltr'><strong>v.</strong></span> <span class='ocrx_word' id='word_1_191' title='bbox 863 2480 994 2530; x_wconf 75' lang='grc' dir='ltr'><strong><em>Δάτος</em></strong></span> 
     </span>
     <span class='ocr_line' id='line_1_41' title="bbox 335 2541 992 2594; baseline -0.005 -15"><span class='ocrx_word' id='word_1_192' title='bbox 335 2544 422 2579; x_wconf 89' lang='lat' dir='ltr'><strong>coll.</strong></span> <span class='ocrx_word' id='word_1_193' title='bbox 451 2543 560 2580; x_wconf 85' lang='lat' dir='ltr'><strong>Suid.</strong></span> <span class='ocrx_word' id='word_1_194' title='bbox 589 2546 605 2579; x_wconf 90' lang='lat' dir='ltr'><strong>l</strong></span> <span class='ocrx_word' id='word_1_195' title='bbox 627 2557 662 2594; x_wconf 81' lang='lat' dir='ltr'><strong>p.</strong></span> <span class='ocrx_word' id='word_1_196' title='bbox 685 2543 784 2592; x_wconf 84' lang='lat'>511)</span> <span class='ocrx_word' id='word_1_197' title='bbox 812 2541 992 2593; x_wconf 87' lang='lat' dir='ltr'><strong>idemque</strong></span> 
     </span>
     <span class='ocr_line' id='line_1_42' title="bbox 335 2597 993 2650; baseline -0.002 -15"><span class='ocrx_word' id='word_1_198' title='bbox 335 2599 521 2650; x_wconf 85' lang='lat' dir='ltr'><strong>proelium</strong></span> <span class='ocrx_word' id='word_1_199' title='bbox 542 2599 689 2636; x_wconf 84' lang='lat' dir='ltr'><strong>diverso</strong></span> <span class='ocrx_word' id='word_1_200' title='bbox 718 2597 835 2636; x_wconf 85' lang='lat' dir='ltr'><strong>modo</strong></span> <span class='ocrx_word' id='word_1_201' title='bbox 857 2598 993 2648; x_wconf 84' lang='lat' dir='ltr'><strong>appel-</strong></span> 
     </span>
     <span class='ocr_line' id='line_1_43' title="bbox 336 2654 992 2707; baseline -0.002 -15"><span class='ocrx_word' id='word_1_202' title='bbox 336 2657 433 2692; x_wconf 85' lang='lat' dir='ltr'><strong>latur</strong></span> <span class='ocrx_word' id='word_1_203' title='bbox 449 2668 470 2691; x_wconf 90' lang='lat' dir='ltr'><strong>a</strong></span> <span class='ocrx_word' id='word_1_204' title='bbox 488 2657 741 2705; x_wconf 80' lang='lat' dir='ltr'><strong>scriptoribus.</strong></span> <span class='ocrx_word' id='word_1_205' title='bbox 772 2657 829 2692; x_wconf 87' lang='lat' dir='ltr'><strong>De</strong></span> <span class='ocrx_word' id='word_1_206' title='bbox 849 2667 926 2707; x_wconf 91' lang='lat' dir='ltr'><strong>quo</strong></span> <span class='ocrx_word' id='word_1_207' title='bbox 943 2654 992 2691; x_wconf 86' lang='lat' dir='ltr'><strong>cf.</strong></span> 
     </span>
     <span class='ocr_line' id='line_1_44' title="bbox 335 2709 992 2762; baseline -0.002 -13"><span class='ocrx_word' id='word_1_208' title='bbox 335 2709 471 2762; x_wconf 87' lang='lat' dir='ltr'><strong>Spolm</strong></span> <span class='ocrx_word' id='word_1_209' title='bbox 501 2710 548 2746; x_wconf 84' lang='lat' dir='ltr'><strong>ad</strong></span> <span class='ocrx_word' id='word_1_210' title='bbox 569 2714 722 2748; x_wconf 81' lang='lat' dir='ltr'><strong>Isocrat.</strong></span> <span class='ocrx_word' id='word_1_211' title='bbox 742 2713 932 2762; x_wconf 78' lang='lat' dir='ltr'><strong>Panegyr.</strong></span> <span class='ocrx_word' id='word_1_212' title='bbox 955 2713 992 2756; x_wconf 60' lang='grc' dir='ltr'><strong>ξ.</strong></span> 
     </span>
     <span class='ocr_line' id='line_1_45' title="bbox 342 2766 993 2809; baseline -0.002 -4"><span class='ocrx_word' id='word_1_213' title='bbox 342 2767 430 2809; x_wconf 73' lang='grc'><strong>142.</strong></span> <span class='ocrx_word' id='word_1_214' title='bbox 482 2766 653 2804; x_wconf 77' lang='lat' dir='ltr'><strong>Drabesci</strong></span> <span class='ocrx_word' id='word_1_215' title='bbox 690 2780 833 2805; x_wconf 85' lang='lat' dir='ltr'><strong>nomen</strong></span> <span class='ocrx_word' id='word_1_216' title='bbox 866 2766 993 2805; x_wconf 82' lang='lat' dir='ltr'><strong>adhuc</strong></span> 
     </span>
    </p>
   </div>
   <div class='ocr_carea' id='block_1_9' title="bbox 391 685 1701 812">
    <p class='ocr_par' dir='ltr' id='par_1_9' title="bbox 391 685 1701 812">
     <span class='ocr_line' id='line_1_46' title="bbox 493 685 1646 742; baseline 0.004 -14"><span class='ocrx_word' id='word_1_217' title='bbox 493 685 570 736; x_wconf 79' lang='grc' dir='ltr'><strong>Ὡς</strong></span> <span class='ocrx_word' id='word_1_218' title='bbox 597 685 644 729; x_wconf 80' lang='grc' dir='ltr'><strong>δὲ</strong></span> <span class='ocrx_word' id='word_1_219' title='bbox 672 689 787 730; x_wconf 82' lang='grc' dir='ltr'><strong><em>τοῖσι</em></strong></span> <span class='ocrx_word' id='word_1_220' title='bbox 803 685 977 742; x_wconf 75' lang='grc' dir='ltr'><strong>ΓἘλλησι</strong></span> <span class='ocrx_word' id='word_1_221' title='bbox 1011 686 1057 729; x_wconf 79' lang='grc' dir='ltr'><strong>ἐν</strong></span> <span class='ocrx_word' id='word_1_222' title='bbox 1079 687 1324 742; x_wconf 78' lang='grc' dir='ltr'><strong><em>Πλαταιῇσι</em></strong></span> <span class='ocrx_word' id='word_1_223' title='bbox 1353 688 1646 742; x_wconf 83' lang='grc' dir='ltr'><strong><em>κατέστρωντο</em></strong></span> 
     </span>
     <span class='ocr_line' id='line_1_47' title="bbox 391 752 1701 812; baseline 0.001 -15"><span class='ocrx_word' id='word_1_224' title='bbox 391 754 435 797; x_wconf 80' lang='grc' dir='ltr'><strong>οἱ</strong></span> <span class='ocrx_word' id='word_1_225' title='bbox 461 753 692 811; x_wconf 83' lang='grc' dir='ltr'><strong><em>βάρβαροι,</em></strong></span> <span class='ocrx_word' id='word_1_226' title='bbox 722 752 917 804; x_wconf 73' lang='grc' dir='ltr'><strong><em>ἐνθαῦτά</em></strong></span> <span class='ocrx_word' id='word_1_227' title='bbox 952 764 1031 809; x_wconf 85' lang='grc' dir='ltr'><strong>σφι</strong></span> <span class='ocrx_word' id='word_1_228' title='bbox 1061 752 1220 809; x_wconf 76' lang='grc' dir='ltr'><strong><em>ἐπῆλθε</em></strong></span> <span class='ocrx_word' id='word_1_229' title='bbox 1247 753 1359 809; x_wconf 72' lang='grc' dir='ltr'><strong><em>γυνὴ</em></strong></span> <span class='ocrx_word' id='word_1_230' title='bbox 1391 753 1701 812; x_wconf 83' lang='grc' dir='ltr'><strong><em>αὐτόμολος·85</em></strong></span> 
     </span>
    </p>
   </div>
   <div class='ocr_carea' id='block_1_10' title="bbox 1041 962 1707 2015">
    <p class='ocr_par' dir='ltr' id='par_1_10' title="bbox 1041 962 1707 2015">
     <span class='ocr_line' id='line_1_48' title="bbox 1044 962 1701 1009; baseline -0.003 -10"><span class='ocrx_word' id='word_1_231' title='bbox 1044 963 1197 1000; x_wconf 85' lang='lat' dir='ltr'><strong>retineri</strong></span> <span class='ocrx_word' id='word_1_232' title='bbox 1208 963 1247 1000; x_wconf 91' lang='lat' dir='ltr'><strong>in</strong></span> <span class='ocrx_word' id='word_1_233' title='bbox 1259 963 1331 1001; x_wconf 84' lang='lat' dir='ltr'><strong>vici</strong></span> <span class='ocrx_word' id='word_1_234' title='bbox 1344 962 1521 1001; x_wconf 71' lang='lat' dir='ltr'><strong>Sdravz&#39;tz</strong></span> <span class='ocrx_word' id='word_1_235' title='bbox 1531 962 1701 1009; x_wconf 86' lang='lat' dir='ltr'><strong>nomine,</strong></span> 
     </span>
     <span class='ocr_line' id='line_1_49' title="bbox 1044 1018 1704 1072; baseline -0.003 -16"><span class='ocrx_word' id='word_1_236' title='bbox 1044 1033 1094 1056; x_wconf 83' lang='lat' dir='ltr'><strong>ex</strong></span> <span class='ocrx_word' id='word_1_237' title='bbox 1125 1033 1189 1056; x_wconf 80' lang='lat' dir='ltr'><strong>ore.</strong></span> <span class='ocrx_word' id='word_1_238' title='bbox 1224 1019 1494 1072; x_wconf 85' lang='lat' dir='ltr'><strong>archiepiscopi</strong></span> <span class='ocrx_word' id='word_1_239' title='bbox 1533 1018 1704 1056; x_wconf 89' lang='lat' dir='ltr'><strong>Thessa-</strong></span> 
     </span>
     <span class='ocr_line' id='line_1_50' title="bbox 1044 1075 1702 1125; baseline -0.003 -13"><span class='ocrx_word' id='word_1_240' title='bbox 1044 1077 1243 1114; x_wconf 86' lang='lat' dir='ltr'><strong>lonicensis</strong></span> <span class='ocrx_word' id='word_1_241' title='bbox 1308 1078 1435 1113; x_wconf 84' lang='lat' dir='ltr'><strong>retulit</strong></span> <span class='ocrx_word' id='word_1_242' title='bbox 1492 1075 1702 1125; x_wconf 70' lang='lat' dir='ltr'><strong>Cousinery</strong></span> 
     </span>
     <span class='ocr_line' id='line_1_51' title="bbox 1044 1132 1705 1184; baseline -0.005 -14"><span class='ocrx_word' id='word_1_243' title='bbox 1044 1134 1200 1184; x_wconf 82' lang='lat' dir='ltr'><strong>Voyage</strong></span> <span class='ocrx_word' id='word_1_244' title='bbox 1218 1147 1265 1169; x_wconf 90' lang='lat' dir='ltr'><strong>en</strong></span> <span class='ocrx_word' id='word_1_245' title='bbox 1276 1132 1424 1170; x_wconf 83' lang='lat' dir='ltr'><strong>Maced.</strong></span> <span class='ocrx_word' id='word_1_246' title='bbox 1439 1134 1518 1183; x_wconf 77' lang='grc' dir='ltr'><strong>ΠΡ.</strong></span> <span class='ocrx_word' id='word_1_247' title='bbox 1532 1132 1607 1180; x_wconf 82' lang='lat'><strong>513</strong></span> <span class='ocrx_word' id='word_1_248' title='bbox 1638 1132 1705 1183; x_wconf 91' lang='lat' dir='ltr'><strong>qui</strong></span> 
     </span>
     <span class='ocr_line' id='line_1_52' title="bbox 1044 1188 1705 1240; baseline -0.006 -14"><span class='ocrx_word' id='word_1_249' title='bbox 1044 1188 1150 1226; x_wconf 83' lang='lat' dir='ltr'><strong>idem</strong></span> <span class='ocrx_word' id='word_1_250' title='bbox 1168 1191 1399 1240; x_wconf 82' lang='lat' dir='ltr'><strong>suspicatur,</strong></span> <span class='ocrx_word' id='word_1_251' title='bbox 1435 1191 1564 1227; x_wconf 73' lang='lat' dir='ltr'><strong>vicum</strong></span> <span class='ocrx_word' id='word_1_252' title='bbox 1584 1200 1705 1240; x_wconf 88' lang='lat' dir='ltr'><strong>quen-</strong></span> 
     </span>
     <span class='ocr_line' id='line_1_53' title="bbox 1046 1244 1707 1297; baseline -0.008 -14"><span class='ocrx_word' id='word_1_253' title='bbox 1046 1244 1137 1283; x_wconf 84' lang='lat' dir='ltr'><strong>dam</strong></span> <span class='ocrx_word' id='word_1_254' title='bbox 1157 1247 1299 1297; x_wconf 84' lang='lat' dir='ltr'><strong>campis</strong></span> <span class='ocrx_word' id='word_1_255' title='bbox 1328 1245 1593 1297; x_wconf 81' lang='lat' dir='ltr'><strong>Philipporum</strong></span> <span class='ocrx_word' id='word_1_256' title='bbox 1619 1256 1707 1295; x_wconf 86' lang='lat' dir='ltr'><strong>pro-</strong></span> 
     </span>
     <span class='ocr_line' id='line_1_54' title="bbox 1044 1301 1702 1351; baseline -0.005 -12"><span class='ocrx_word' id='word_1_257' title='bbox 1044 1304 1208 1351; x_wconf 78' lang='lat' dir='ltr'><strong>ximum,</strong></span> <span class='ocrx_word' id='word_1_258' title='bbox 1221 1304 1282 1339; x_wconf 89' lang='lat' dir='ltr'><strong>cui</strong></span> <span class='ocrx_word' id='word_1_259' title='bbox 1296 1316 1439 1339; x_wconf 84' lang='lat' dir='ltr'><strong>nomen</strong></span> <span class='ocrx_word' id='word_1_260' title='bbox 1454 1301 1702 1340; x_wconf 86' lang='lat' dir='ltr'><strong>Palaeochori</strong></span> 
     </span>
     <span class='ocr_line' id='line_1_55' title="bbox 1047 1359 1702 1410; baseline -0.005 -14"><span class='ocrx_word' id='word_1_261' title='bbox 1047 1360 1087 1408; x_wconf 91' lang='lat' dir='ltr'><strong>(i.</strong></span> <span class='ocrx_word' id='word_1_262' title='bbox 1109 1373 1143 1397; x_wconf 87' lang='lat' dir='ltr'><strong>e.</strong></span> <span class='ocrx_word' id='word_1_263' title='bbox 1164 1362 1315 1410; x_wconf 76' lang='lat' dir='ltr'><strong>antiqua</strong></span> <span class='ocrx_word' id='word_1_264' title='bbox 1336 1360 1448 1407; x_wconf 75' lang='lat' dir='ltr'><strong>urbs),</strong></span> <span class='ocrx_word' id='word_1_265' title='bbox 1485 1359 1702 1396; x_wconf 87' lang='lat' dir='ltr'><strong>successisse</strong></span> 
     </span>
     <span class='ocr_line' id='line_1_56' title="bbox 1045 1415 1703 1454; baseline -0.003 -2"><span class='ocrx_word' id='word_1_266' title='bbox 1045 1417 1085 1452; x_wconf 84' lang='lat' dir='ltr'><strong>in</strong></span> <span class='ocrx_word' id='word_1_267' title='bbox 1105 1417 1235 1453; x_wconf 88' lang='lat' dir='ltr'><strong>locum</strong></span> <span class='ocrx_word' id='word_1_268' title='bbox 1250 1417 1385 1454; x_wconf 70' lang='lat' dir='ltr'><strong>veteris</strong></span> <span class='ocrx_word' id='word_1_269' title='bbox 1402 1415 1506 1453; x_wconf 80' lang='lat' dir='ltr'><strong>Dati.</strong></span> <span class='ocrx_word' id='word_1_270' title='bbox 1558 1416 1703 1451; x_wconf 86' lang='lat' dir='ltr'><strong>Datum</strong></span> 
     </span>
     <span class='ocr_line' id='line_1_57' title="bbox 1041 1471 1705 1522; baseline -0.006 -12"><span class='ocrx_word' id='word_1_271' title='bbox 1041 1486 1132 1511; x_wconf 79' lang='lat' dir='ltr'><strong>vero</strong></span> <span class='ocrx_word' id='word_1_272' title='bbox 1171 1474 1263 1510; x_wconf 88' lang='lat' dir='ltr'><strong>olim</strong></span> <span class='ocrx_word' id='word_1_273' title='bbox 1305 1473 1502 1510; x_wconf 88' lang='lat' dir='ltr'><strong>Satrarum</strong></span> <span class='ocrx_word' id='word_1_274' title='bbox 1522 1471 1528 1496; x_wconf 75' lang='lat'><strong><em>⁹</em></strong></span> <span class='ocrx_word' id='word_1_275' title='bbox 1548 1478 1705 1522; x_wconf 80' lang='lat' dir='ltr'><strong>gentem</strong></span> 
     </span>
     <span class='ocr_line' id='line_1_58' title="bbox 1045 1526 1705 1581; baseline 0 -15"><span class='ocrx_word' id='word_1_276' title='bbox 1045 1529 1109 1576; x_wconf 87' lang='lat' dir='ltr'><strong>(de</strong></span> <span class='ocrx_word' id='word_1_277' title='bbox 1142 1542 1217 1581; x_wconf 86' lang='lat' dir='ltr'><strong>qua</strong></span> <span class='ocrx_word' id='word_1_278' title='bbox 1246 1527 1325 1569; x_wconf 85' lang='lat' dir='ltr'><strong>vid.</strong></span> <span class='ocrx_word' id='word_1_279' title='bbox 1355 1530 1435 1576; x_wconf 89' lang='lat' dir='ltr'><strong>VII,</strong></span> <span class='ocrx_word' id='word_1_280' title='bbox 1468 1530 1560 1568; x_wconf 84' lang='lat'><strong>110.</strong></span> <span class='ocrx_word' id='word_1_281' title='bbox 1595 1526 1705 1576; x_wconf 83' lang='lat'>111)</span> 
     </span>
     <span class='ocr_line' id='line_1_59' title="bbox 1043 1583 1705 1634; baseline -0.008 -11"><span class='ocrx_word' id='word_1_282' title='bbox 1043 1588 1207 1623; x_wconf 82' lang='lat' dir='ltr'><strong>tenuisse</strong></span> <span class='ocrx_word' id='word_1_283' title='bbox 1222 1616 1232 1634; x_wconf 81' lang='lat'><strong>,</strong></span> <span class='ocrx_word' id='word_1_284' title='bbox 1260 1585 1364 1622; x_wconf 88' lang='lat' dir='ltr'><strong>idem</strong></span> <span class='ocrx_word' id='word_1_285' title='bbox 1394 1585 1545 1621; x_wconf 85' lang='lat' dir='ltr'><strong>efficere</strong></span> <span class='ocrx_word' id='word_1_286' title='bbox 1567 1584 1649 1621; x_wconf 83' lang='lat' dir='ltr'><strong>vult</strong></span> <span class='ocrx_word' id='word_1_287' title='bbox 1668 1583 1705 1618; x_wconf 87' lang='lat'><strong>11</strong></span> 
     </span>
     <span class='ocr_line' id='line_1_60' title="bbox 1042 1637 1704 1691; baseline -0.006 -13"><span class='ocrx_word' id='word_1_288' title='bbox 1042 1655 1080 1691; x_wconf 85' lang='lat' dir='ltr'><strong>p.</strong></span> <span class='ocrx_word' id='word_1_289' title='bbox 1110 1645 1177 1681; x_wconf 87' lang='lat'><strong>97.</strong></span> <span class='ocrx_word' id='word_1_290' title='bbox 1198 1643 1266 1681; x_wconf 79' lang='lat'><strong>98.</strong></span> <span class='ocrx_word' id='word_1_291' title='bbox 1287 1663 1342 1669; x_wconf 93' lang='lat'><strong>—-</strong></span> <span class='ocrx_word' id='word_1_292' title='bbox 1380 1643 1439 1678; x_wconf 91' lang='lat' dir='ltr'><strong>De</strong></span> <span class='ocrx_word' id='word_1_293' title='bbox 1460 1640 1602 1677; x_wconf 78' lang='lat' dir='ltr'><strong>Edonis</strong></span> <span class='ocrx_word' id='word_1_294' title='bbox 1624 1637 1704 1674; x_wconf 82' lang='lat' dir='ltr'><strong>dixi</strong></span> 
     </span>
     <span class='ocr_line' id='line_1_61' title="bbox 1042 1694 1705 1744; baseline -0.002 -13"><span class='ocrx_word' id='word_1_295' title='bbox 1042 1698 1082 1732; x_wconf 91' lang='lat' dir='ltr'><strong>in</strong></span> <span class='ocrx_word' id='word_1_296' title='bbox 1102 1702 1197 1732; x_wconf 78' lang='lat' dir='ltr'><strong>nott.</strong></span> <span class='ocrx_word' id='word_1_297' title='bbox 1219 1694 1267 1730; x_wconf 88' lang='lat' dir='ltr'><strong>ad</strong></span> <span class='ocrx_word' id='word_1_298' title='bbox 1287 1695 1332 1742; x_wconf 89' lang='lat' dir='ltr'><strong>V,</strong></span> <span class='ocrx_word' id='word_1_299' title='bbox 1358 1698 1422 1734; x_wconf 86' lang='lat'><strong>11.</strong></span> <span class='ocrx_word' id='word_1_300' title='bbox 1454 1715 1511 1722; x_wconf 90' lang='lat'><strong>—-</strong></span> <span class='ocrx_word' id='word_1_301' title='bbox 1566 1695 1705 1744; x_wconf 79' lang='lat' dir='ltr'><strong>Leagri</strong></span> 
     </span>
     <span class='ocr_line' id='line_1_62' title="bbox 1043 1745 1704 1801; baseline -0.002 -14"><span class='ocrx_word' id='word_1_302' title='bbox 1043 1751 1141 1788; x_wconf 86' lang='lat' dir='ltr'><strong>filius</strong></span> <span class='ocrx_word' id='word_1_303' title='bbox 1165 1745 1362 1790; x_wconf 77' lang='grc' dir='ltr'><strong><em>Γλαύκων</em></strong></span> <span class='ocrx_word' id='word_1_304' title='bbox 1384 1749 1408 1790; x_wconf 81' lang='grc' dir='ltr'>ὁ</span> <span class='ocrx_word' id='word_1_305' title='bbox 1429 1747 1616 1801; x_wconf 71' lang='grc' dir='ltr'><strong><em>Λεάγρου</em></strong></span> <span class='ocrx_word' id='word_1_306' title='bbox 1643 1757 1704 1786; x_wconf 85' lang='lat' dir='ltr'><strong>te-</strong></span> 
     </span>
     <span class='ocr_line' id='line_1_63' title="bbox 1044 1805 1703 1855; baseline -0.002 -11"><span class='ocrx_word' id='word_1_307' title='bbox 1044 1814 1099 1845; x_wconf 85' lang='lat' dir='ltr'><strong>ste</strong></span> <span class='ocrx_word' id='word_1_308' title='bbox 1143 1805 1429 1855; x_wconf 82' lang='lat' dir='ltr'><strong>Valckenaerio,</strong></span> <span class='ocrx_word' id='word_1_309' title='bbox 1469 1813 1703 1843; x_wconf 82' lang='lat' dir='ltr'><strong>memoratur</strong></span> 
     </span>
     <span class='ocr_line' id='line_1_64' title="bbox 1044 1863 1700 1914; baseline -0.002 -13"><span class='ocrx_word' id='word_1_310' title='bbox 1044 1863 1266 1914; x_wconf 83' lang='lat' dir='ltr'><strong>Thucydid.</strong></span> <span class='ocrx_word' id='word_1_311' title='bbox 1283 1865 1311 1910; x_wconf 84' lang='grc' dir='ltr'><strong>Ι,</strong></span> <span class='ocrx_word' id='word_1_312' title='bbox 1331 1863 1398 1903; x_wconf 83' lang='grc'><strong>51.</strong></span> <span class='ocrx_word' id='word_1_313' title='bbox 1427 1864 1484 1899; x_wconf 91' lang='lat' dir='ltr'><strong>Ac</strong></span> <span class='ocrx_word' id='word_1_314' title='bbox 1495 1863 1700 1900; x_wconf 85' lang='lat' dir='ltr'><strong>Pausanias</strong></span> 
     </span>
     <span class='ocr_line' id='line_1_65' title="bbox 1046 1919 1703 1972; baseline 0 -16"><span class='ocrx_word' id='word_1_315' title='bbox 1046 1933 1199 1972; x_wconf 88' lang='lat' dir='ltr'><strong>qnoque</strong></span> <span class='ocrx_word' id='word_1_316' title='bbox 1214 1921 1239 1956; x_wconf 92' lang='lat' dir='ltr'><strong>l.</strong></span> <span class='ocrx_word' id='word_1_317' title='bbox 1256 1920 1282 1956; x_wconf 92' lang='lat' dir='ltr'><strong>l.</strong></span> <span class='ocrx_word' id='word_1_318' title='bbox 1303 1919 1487 1968; x_wconf 75' lang='lat' dir='ltr'><strong>Leagrum</strong></span> <span class='ocrx_word' id='word_1_319' title='bbox 1505 1921 1703 1971; x_wconf 84' lang='lat' dir='ltr'><strong>copiarum</strong></span> 
     </span>
     <span class='ocr_line' id='line_1_66' title="bbox 1044 1975 1359 2015; baseline -0.003 -3"><span class='ocrx_word' id='word_1_320' title='bbox 1044 1976 1187 2014; x_wconf 84' lang='lat' dir='ltr'><strong>indicat</strong></span> <span class='ocrx_word' id='word_1_321' title='bbox 1207 1975 1359 2015; x_wconf 82' lang='lat' dir='ltr'><strong>ducem,</strong></span> 
     </span>
    </p>
   </div>
   <div class='ocr_carea' id='block_1_11' title="bbox 1226 2065 1518 2118">
    <p class='ocr_par' dir='ltr' id='par_1_11' title="bbox 1226 2065 1518 2118">
     <span class='ocr_line' id='line_1_67' title="bbox 1226 2065 1518 2118; baseline -0.007 -14"><span class='ocrx_word' id='word_1_322' title='bbox 1226 2067 1320 2118; x_wconf 78' lang='lat' dir='ltr'><strong>Cap.</strong></span> <span class='ocrx_word' id='word_1_323' title='bbox 1341 2065 1518 2110; x_wconf 76' lang='lat' dir='ltr'><strong>LXXVI.</strong></span> 
     </span>
    </p>
   </div>
   <div class='ocr_carea' id='block_1_12' title="bbox 1044 2141 1705 2815">
    <p class='ocr_par' dir='ltr' id='par_1_12' title="bbox 1044 2141 1705 2815">
     <span class='ocr_line' id='line_1_68' title="bbox 1101 2141 1705 2196; baseline -0.012 -11"><span class='ocrx_word' id='word_1_324' title='bbox 1101 2143 1384 2196; x_wconf 79' lang='grc' dir='ltr'><strong><em>κατέστρωντο]</em></strong></span> <span class='ocrx_word' id='word_1_325' title='bbox 1416 2142 1501 2181; x_wconf 71' lang='lat' dir='ltr'><strong>vid.</strong></span> <span class='ocrx_word' id='word_1_326' title='bbox 1522 2141 1627 2189; x_wconf 64' lang='lat' dir='ltr'><strong>snott.</strong></span> <span class='ocrx_word' id='word_1_327' title='bbox 1655 2141 1705 2179; x_wconf 79' lang='lat' dir='ltr'><strong>ad</strong></span> 
     </span>
     <span class='ocr_line' id='line_1_69' title="bbox 1044 2200 1704 2251; baseline -0.008 -12"><span class='ocrx_word' id='word_1_328' title='bbox 1044 2203 1145 2251; x_wconf 83' lang='lat' dir='ltr'><strong>VIII,</strong></span> <span class='ocrx_word' id='word_1_329' title='bbox 1163 2201 1227 2242; x_wconf 76' lang='grc'><strong>52.</strong></span> <span class='ocrx_word' id='word_1_330' title='bbox 1245 2202 1383 2238; x_wconf 84' lang='lat' dir='ltr'><strong>Pollux</strong></span> <span class='ocrx_word' id='word_1_331' title='bbox 1402 2202 1470 2247; x_wconf 84' lang='lat' dir='ltr'><strong>IX,</strong></span> <span class='ocrx_word' id='word_1_332' title='bbox 1488 2200 1577 2241; x_wconf 82' lang='grc'><strong>153.</strong></span> <span class='ocrx_word' id='word_1_333' title='bbox 1599 2200 1704 2244; x_wconf 76' lang='lat' dir='ltr'><strong>Quae</strong></span> 
     </span>
     <span class='ocr_line' id='line_1_70' title="bbox 1045 2255 1703 2310; baseline -0.006 -15"><span class='ocrx_word' id='word_1_334' title='bbox 1045 2259 1215 2310; x_wconf 86' lang='lat' dir='ltr'><strong>sequitur</strong></span> <span class='ocrx_word' id='word_1_335' title='bbox 1253 2257 1300 2294; x_wconf 92' lang='lat' dir='ltr'><strong>de</strong></span> <span class='ocrx_word' id='word_1_336' title='bbox 1339 2258 1499 2293; x_wconf 86' lang='lat' dir='ltr'><strong>muliere</strong></span> <span class='ocrx_word' id='word_1_337' title='bbox 1536 2255 1703 2304; x_wconf 87' lang='lat' dir='ltr'><strong>historia,</strong></span> 
     </span>
     <span class='ocr_line' id='line_1_71' title="bbox 1047 2315 1703 2364; baseline -0.003 -13"><span class='ocrx_word' id='word_1_338' title='bbox 1047 2328 1132 2351; x_wconf 84' lang='lat' dir='ltr'><strong>eam</strong></span> <span class='ocrx_word' id='word_1_339' title='bbox 1146 2316 1183 2350; x_wconf 92' lang='lat' dir='ltr'><strong>in</strong></span> <span class='ocrx_word' id='word_1_340' title='bbox 1197 2315 1374 2364; x_wconf 81' lang='lat' dir='ltr'><strong>pauciora</strong></span> <span class='ocrx_word' id='word_1_341' title='bbox 1387 2319 1619 2350; x_wconf 81' lang='lat' dir='ltr'><strong>contractam</strong></span> <span class='ocrx_word' id='word_1_342' title='bbox 1633 2325 1703 2349; x_wconf 86' lang='lat' dir='ltr'><strong>ex-</strong></span> 
     </span>
     <span class='ocr_line' id='line_1_72' title="bbox 1047 2369 1702 2418; baseline -0.006 -10"><span class='ocrx_word' id='word_1_343' title='bbox 1047 2370 1152 2408; x_wconf 84' lang='lat' dir='ltr'><strong>hibet</strong></span> <span class='ocrx_word' id='word_1_344' title='bbox 1171 2373 1334 2408; x_wconf 83' lang='lat' dir='ltr'><strong>Pausan.</strong></span> <span class='ocrx_word' id='word_1_345' title='bbox 1356 2371 1421 2418; x_wconf 88' lang='lat'><strong>111,</strong></span> <span class='ocrx_word' id='word_1_346' title='bbox 1442 2369 1468 2410; x_wconf 82' lang='lat'><strong>4</strong></span> <span class='ocrx_word' id='word_1_347' title='bbox 1500 2371 1536 2415; x_wconf 84' lang='lat'><strong>§.</strong></span> <span class='ocrx_word' id='word_1_348' title='bbox 1557 2372 1595 2410; x_wconf 87' lang='lat'><strong>7.</strong></span> <span class='ocrx_word' id='word_1_349' title='bbox 1639 2369 1702 2405; x_wconf 89' lang='lat' dir='ltr'><strong>Tu</strong></span> 
     </span>
     <span class='ocr_line' id='line_1_73' title="bbox 1047 2425 1703 2477; baseline -0.006 -13"><span class='ocrx_word' id='word_1_350' title='bbox 1047 2428 1098 2465; x_wconf 79' lang='lat' dir='ltr'><strong>cf·</strong></span> <span class='ocrx_word' id='word_1_351' title='bbox 1119 2429 1267 2464; x_wconf 69' lang='lat' dir='ltr'><strong>Mtiller.</strong></span> <span class='ocrx_word' id='word_1_352' title='bbox 1288 2429 1476 2477; x_wconf 75' lang='lat' dir='ltr'><strong>Aeginett.</strong></span> <span class='ocrx_word' id='word_1_353' title='bbox 1496 2439 1582 2476; x_wconf 83' lang='lat' dir='ltr'><strong>pag.</strong></span> <span class='ocrx_word' id='word_1_354' title='bbox 1611 2425 1703 2464; x_wconf 81' lang='lat'><strong>126.</strong></span> 
     </span>
     <span class='ocr_line' id='line_1_74' title="bbox 1046 2479 1702 2529; baseline -0.011 -8"><span class='ocrx_word' id='word_1_355' title='bbox 1046 2486 1106 2521; x_wconf 90' lang='lat' dir='ltr'><strong>De</strong></span> <span class='ocrx_word' id='word_1_356' title='bbox 1128 2483 1356 2521; x_wconf 77' lang='lat' dir='ltr'><strong>Pluzrczmlale</strong></span> <span class='ocrx_word' id='word_1_357' title='bbox 1377 2484 1426 2524; x_wconf 82' lang='lat' dir='ltr'><strong>cs,</strong></span> <span class='ocrx_word' id='word_1_358' title='bbox 1447 2484 1526 2529; x_wconf 77' lang='lat' dir='ltr'><strong>Vll,</strong></span> <span class='ocrx_word' id='word_1_359' title='bbox 1547 2483 1613 2521; x_wconf 83' lang='lat'><strong>79.</strong></span> <span class='ocrx_word' id='word_1_360' title='bbox 1655 2479 1702 2515; x_wconf 87' lang='lat' dir='ltr'><strong>In</strong></span> 
     </span>
     <span class='ocr_line' id='line_1_75' title="bbox 1048 2539 1701 2591; baseline -0.008 -14"><span class='ocrx_word' id='word_1_361' title='bbox 1048 2542 1169 2591; x_wconf 85' lang='lat' dir='ltr'><strong>ipsam</strong></span> <span class='ocrx_word' id='word_1_362' title='bbox 1189 2544 1333 2580; x_wconf 49' lang='lat' dir='ltr'><strong>&amp;vocem</strong></span> <span class='ocrx_word' id='word_1_363' title='bbox 1362 2539 1552 2591; x_wconf 82' lang='lat' dir='ltr'><strong>inquisivit</strong></span> <span class='ocrx_word' id='word_1_364' title='bbox 1579 2548 1701 2585; x_wconf 85' lang='lat' dir='ltr'><strong>nuper</strong></span> 
     </span>
     <span class='ocr_line' id='line_1_76' title="bbox 1049 2592 1699 2648; baseline -0.011 -14"><span class='ocrx_word' id='word_1_365' title='bbox 1049 2599 1151 2634; x_wconf 77' lang='lat' dir='ltr'><strong>Pott.</strong></span> <span class='ocrx_word' id='word_1_366' title='bbox 1167 2597 1336 2648; x_wconf 81' lang='lat' dir='ltr'><strong>Etymol.</strong></span> <span class='ocrx_word' id='word_1_367' title='bbox 1357 2593 1509 2634; x_wconf 83' lang='lat' dir='ltr'><strong>Forsch.</strong></span> <span class='ocrx_word' id='word_1_368' title='bbox 1528 2606 1566 2643; x_wconf 87' lang='lat' dir='ltr'><strong>p.</strong></span> <span class='ocrx_word' id='word_1_369' title='bbox 1583 2592 1699 2631; x_wconf 84' lang='lat' dir='ltr'><strong>XLV,</strong></span> 
     </span>
     <span class='ocr_line' id='line_1_77' title="bbox 1049 2648 1701 2700; baseline -0.011 -10"><span class='ocrx_word' id='word_1_370' title='bbox 1049 2654 1133 2700; x_wconf 58' lang='lat' dir='ltr'><strong>Qu&amp;</strong></span> <span class='ocrx_word' id='word_1_371' title='bbox 1160 2654 1319 2691; x_wconf 88' lang='lat' dir='ltr'><strong>indicari</strong></span> <span class='ocrx_word' id='word_1_372' title='bbox 1351 2651 1477 2689; x_wconf 83' lang='lat' dir='ltr'><strong>statuit</strong></span> <span class='ocrx_word' id='word_1_373' title='bbox 1505 2662 1528 2685; x_wconf 85' lang='lat' dir='ltr'><strong>a</strong></span> <span class='ocrx_word' id='word_1_374' title='bbox 1547 2648 1701 2686; x_wconf 65' lang='lat' dir='ltr'><strong>Referam</strong></span> 
     </span>
     <span class='ocr_line' id='line_1_78' title="bbox 1051 2706 1701 2762; baseline -0.015 -14"><span class='ocrx_word' id='word_1_375' title='bbox 1051 2711 1138 2762; x_wconf 88' lang='lat' dir='ltr'><strong>(qui</strong></span> <span class='ocrx_word' id='word_1_376' title='bbox 1166 2717 1220 2747; x_wconf 85' lang='lat' dir='ltr'><strong>est</strong></span> <span class='ocrx_word' id='word_1_377' title='bbox 1247 2721 1344 2746; x_wconf 87' lang='lat' dir='ltr'><strong>unus</strong></span> <span class='ocrx_word' id='word_1_378' title='bbox 1373 2721 1392 2743; x_wconf 91' lang='lat' dir='ltr'><strong>e</strong></span> <span class='ocrx_word' id='word_1_379' title='bbox 1422 2706 1540 2756; x_wconf 81' lang='lat' dir='ltr'><strong>geniis</strong></span> <span class='ocrx_word' id='word_1_380' title='bbox 1569 2706 1701 2741; x_wconf 85' lang='lat' dir='ltr'><strong>Persa-</strong></span> 
     </span>
     <span class='ocr_line' id='line_1_79' title="bbox 1050 2762 1700 2815; baseline -0.009 -11"><span class='ocrx_word' id='word_1_381' title='bbox 1050 2780 1134 2804; x_wconf 86' lang='lat' dir='ltr'><strong>rum</strong></span> <span class='ocrx_word' id='word_1_382' title='bbox 1148 2797 1160 2815; x_wconf 89' lang='lat'>‚</span> <span class='ocrx_word' id='word_1_383' title='bbox 1203 2765 1311 2804; x_wconf 87' lang='lat' dir='ltr'><strong>Izeds</strong></span> <span class='ocrx_word' id='word_1_384' title='bbox 1343 2764 1506 2809; x_wconf 87' lang='lat' dir='ltr'><strong>vocatis)</strong></span> <span class='ocrx_word' id='word_1_385' title='bbox 1563 2762 1700 2799; x_wconf 73' lang='lat' dir='ltr'><strong>datum.</strong></span> 
     </span>
    </p>
   </div>
  </div>
 </body>
</html>
