1996 3238
333 961 432 1007 138

158 1025 250 1054 Horti
280 1024 402 1053 Midae:

159 1060 210 1087 ubi
237 1059 354 1086 Silenus
387 1068 436 1087 ca-

159 1097 239 1134 ptus.
253 1092 342 1121 Mons
358 1093 434 1122 Ber-

159 1128 248 1156 mins.

491 237 575 281 192

877 237 1341 278 -HERODOTI

495 347 652 402 ἐσέχων
681 344 706 390 ὁ
743 346 887 402 ἥλιος,
931 345 1040 400 εἷπε,
1070 349 1310 405 θεοβλαβὴς
1334 348 1587 406 γενόμενος·
1626 354 1744 401 ,,Μι-

492 415 636 466 „oodv
666 414 711 457 δὲ
740 412 845 470 ὑμῖν
874 415 955 472 ἐγώ
980 415 1126 471 ὑμέων
1146 417 1267 468 ἄξιον
1295 417 1419 461 τόνδε
1450 417 1743 472 άποδίδωμι·“

460 483 638 534 Ἰδείξας
655 481 733 524 τόν
761 482 897 538 ἥλιον.
938 483 961 527 ὁ
991 484 1069 539 μὲν
1095 482 1147 538 δή
1168 483 1371 541 Γαυάνης
1399 501 1443 529 τε
1462 486 1534 529 καὶ
1565 483 1588 528 ὁ
1608 484 1743 540 Ἀέρο-
1755 492 1799 527 10

492 563 594 599 πος,
627 550 670 590 οἱ
687 551 989 606 πρεσβύτεροι,
1021 551 1206 593 ἕστασαν
1228 551 1588 609 ἐκπεπληγμένοι,
1619 552 1674 604 ὡς
1695 551 1744 608 ἤ-

493 626 664 659 κουσαν
693 621 843 661 ταῦτα.

903 618 926 662 ὁ
962 619 1007 662 δὲ
1030 623 1151 668 παῖς,
1182 618 1383 676 ἐτύγχανε
1412 621 1494 676 γὰρ
1527 620 1634 676 ἔχων
1666 618 1743 674 μά-

491 700 668 739 χαιραν,
701 686 823 736 εἴπας
852 685 979 728 τάδε·
1010 683 1281 739 ,,Λεκόμεθα,
1311 683 1347 730 ὦ
1375 691 1566 744 βασιλεῦ,
1596 687 1649 730 τά
1680 690 1745 730 δι-

491 753 663 804 „cmg-‘-
694 753 955 807 περιγράφει
992 756 1045 809 τῇ
1084 755 1272 809 μαχαίρῃ
1313 755 1355 805 ἐς
1393 755 1442 798 τό
1473 756 1634 811 ἔδαφος
1664 759 1802 808 τοῦ-’15

496 821 624 863 οἴκου
662 819 739 863 τὸν
775 819 903 875 ἥλιον
915 833 923 841 ·

973 818 1243 874 περιγράψας
1283 822 1348 871 δὲ,
1387 822 1430 872 ἐς
1466 821 1543 865 τόν
1579 824 1746 866 κόλπον

489 887 583 940 τρὶς
614 884 888 941 ἀρυσάμενος
916 892 996 929 τοῦ
1026 887 1176 944 ἡλίου,
1218 887 1512 932 ἀπαλλάσσετο
1544 888 1675 940 αὐτός
1703 907 1747 934 τε

489 955 563 997 καὶ
603 956 646 997 οἱ
681 953 775 1009 μετ’
820 955 999 998 ἐκείνου.

1064 957 1118 998 Οἱ
1154 955 1232 1011 μὲν
1273 956 1326 1012 δὴ
1366 955 1572 1012 άπήϊσαν·
1612 962 1672 1012 τῷ
1702 958 1748 1002 δὲ

494 1020 665 1076 βασιλέϊ
692 1022 890 1077 σημαίνει
918 1038 982 1073 τις
1010 1026 1098 1065 τῶν
1125 1024 1379 1080 παρέδρων,
1414 1021 1512 1067 οἶόν
1539 1042 1579 1068 τι
1601 1030 1745 1081 χρῆμα

491 1088 681 1144 ποιήσειε
712 1088 735 1132 ὁ
767 1095 888 1140 παῖς,
919 1090 991 1133 καὶ
1021 1089 1081 1142 ὦς
1111 1090 1195 1134 σὺν
1223 1092 1314 1147 νόῳ
1343 1093 1500 1135 κείνων
1532 1091 1554 1135 ὁ
1583 1092 1742 1136 vem'toc-
1756 1100 1803 1134 20

460 1162 568 1206 2t09
598 1156 726 1211 λάβοι
754 1157 807 1200 τὰ
839 1156 1057 1213 διδόμενα.

1117 1157 1140 1202 ὁ
1183 1159 1393 1203 δὲταῦτα
1423 1158 1631 1212 ἀκούσας,
1671 1160 1744 1203 καὶ
1803 1184 1884 1223 686

491 1223 714 1275 ὀξυνθεὶς,
763 1224 919 1280 πέμπει
968 1224 1029 1269 ἐπ’
1070 1225 1228 1278 αὐτοὺς
1273 1226 1425 1278 ἱππέας
1467 1227 1745 1278 ἀπολέοντας.

489 1290 686 1346 ποταμὸς
716 1293 762 1337 δέ
792 1294 880 1338 ἐστι
916 1294 964 1338 ἐν
993 1298 1046 1353 τῇ
1074 1293 1194 1352 χώρῃ
1223 1293 1382 1352 ταύτῃ,
1422 1299 1481 1352 τῷ
1513 1294 1679 1339 θύουσι
1708 1297 1751 1339 οἱ

432 1497 497 1535 per
527 1498 557 1522 s.
585 1485 634 1523 ad
665 1489 839 1526 caminum
865 1488 949 1527 solis
983 1489 1097 1527 lumen

434 1542 473 1578 in
494 1541 630 1580 domum
656 1545 795 1583 incidit.
835 1543 1095 1596 καπνοδόκην

429 1597 629 1647 fumarium
650 1599 751 1648 dicit,
772 1608 814 1638 ut
832 1603 896 1649 IV,
913 1606 1004 1643 103.
1038 1605 1096 1640 De

432 1655 549 1690 verbo
570 1655 716 1706 ἐσέχειν
737 1659 838 1695 conf.
858 1660 905 1706 11,
926 1662 972 1698 11
999 1667 1034 1696 et
1048 1659 1096 1695 de

432 1722 528 1746 voce
549 1709 799 1762 θεοβλαβής,
821 1727 920 1765 quae
940 1722 1096 1751 notante

432 1766 651 1804 Blomfield.
673 1769 836 1808 Glossar.
856 1769 1094 1822 adAeschyl.

432 1823 538 1859 Pers.
551 1826 631 1864 836
652 1826 798 1874 passivo
820 1825 880 1863 hic
895 1825 1095 1865 adhibetur

436 1891 561 1926 sensu,
583 1880 723 1920 Herod.
745 1882 774 1930 1,
800 1884 890 1923 127.

493 1965 724 2021 δεκόμεθα]
777 1970 861 2008 vid.
909 1979 1004 2010 nott.
1047 1971 1096 2010 ad

434 2024 534 2073 VIII,
560 2025 649 2064 114.
707 2029 863 2078 Accipio
886 2041 1012 2077 omen,
1034 2031 1096 2066 iu-

435 2082 517 2132 quit
537 2094 643 2131 puer,
672 2084 984 2123 circumscribens
1005 2100 1094 2123 ense

433 2138 473 2174 ἱιι
514 2139 734 2188 pavimento
766 2140 919 2178 aedium
960 2144 1093 2179 orbem

433 2194 544 2241 solis3
566 2201 679 2246 atque
699 2194 773 2233 hoo
794 2197 892 2235 facto
913 2199 950 2235 iu
965 2201 1092 2236 sinum

434 2256 491 2287 ter
513 2249 636 2288 hausit
656 2265 676 2287 e
697 2251 809 2289 radiis
830 2255 929 2299 solis,
950 2255 1091 2293 disces-

431 2308 569 2358 sitque.
639 2309 713 2345 Ubi
751 2316 839 2346 aute
877 2314 1089 2362 genitivum

428 2361 560 2413 ηλίου,
583 2365 649 2415 qui
685 2340 900 2416 partitivusb
909 2376 962 2405 est
988 2370 1088 2405 male

433 2421 526 2456 olim
571 2421 805 2459 inseruerant
844 2426 1092 2475 praepositio-

432 2488 522 2512 nem
545 2475 597 2515 ἐκ.
626 2477 688 2514 Ad
709 2479 870 2516 verbum
894 2477 1092 2533 α’ρύεσθαι

432 2533 534 2571 conf.
557 2534 617 2582 VI,
644 2535 732 2575 119.

578 2624 669 2675 Cap.
700 2625 949 2668 CXXXVIII.

490 2699 557 2738 καὶ
591 2717 645 2748 ως
681 2701 756 2743 σῦν
779 2702 861 2757 νόῳ
890 2706 1087 2745 κείνωνκ.

432 2769 464 2794 τ.
487 2748 1089 2811 a.]Re01eScl‹we2·..-glaaeus

431 2811 577 2860 „Quam
607 2815 797 2864 prudenter
819 2818 977 2868 fratrum
1000 2822 1089 2858 natu

1152 1491 1317 1528 minimus
1327 1489 1515 1541 accepisset
1528 1519 1537 1538 ,
1559 1489 1650 1541 quod
1660 1503 1723 1527 rex
1731 1489 1808 1528 illis

1155 1548 1316 1584 dedisset.
1330 1549 1355 1567 “
1387 1549 1463 1585 Pro
1486 1544 1690 1598 δεδόμενα,
1704 1545 1809 1599 quod

1154 1603 1380 1641 Schaeferus
1408 1605 1583 1652 retinuit,
1614 1617 1634 1640 e
1671 1605 1810 1640 melio-

1153 1662 1250 1697 ribb.
1286 1660 1398 1698 codd.
1430 1674 1519 1697 cum
1539 1667 1696 1696 recentt.
1719 1659 1805 1699 edd.

1154 1716 1242 1752 dedi
1262 1712 1465 1767 διδόμενα,
1487 1716 1590 1768 quod
1606 1715 1811 1766 respondet

1151 1785 1234 1822 cap.
1260 1775 1360 1812 137:
1393 1769 1590 1822 δεκόμεθα
1608 1793 1660 1799 -
1677 1770 1724 1811 τοὶ
1749 1773 1810 1811 δι-

1151 1828 1250 1874 δοῖς.
1274 1849 1331 1856 -
1377 1828 1438 1865 Ad
1466 1829 1701 1866 locutionem
1733 1826 1810 1867 σῦν

1150 1881 1234 1937 νόῳ
1253 1885 1354 1921 conf.
1374 1886 1472 1931 VIII,
1494 1887 1560 1925 86.
1583 1906 1634 1913 —
1664 1883 1726 1920 Ad
1746 1885 1810 1920 fu-

1152 1942 1226 1977 turi
1259 1941 1425 1978 formam
1458 1937 1702 1988 ἀπολέοντας
1729 1942 1813 1991 (qui

1152 1998 1242 2047 ipsos
1278 1998 1538 2048 interficerent)
1585 1998 1634 2034 cs.
1672 1997 1809 2036 Matth.

1152 2054 1218 2092 Gr.
1242 2054 1307 2091 Gr.
1330 2056 1368 2100 §-
1393 2057 1527 2104 173p·
1545 2057 1637 2094 317.

1206 2159 1260 2197 τῳ
1304 2139 1455 2183 θύουσι
1471 2142 1700 2193 -σωτηρι]
1745 2145 1808 2181 Ex

1149 2199 1250 2237 Aldo
1273 2201 1484 2237 Gronovius
1497 2206 1669 2236 tenuerat
1684 2197 1809 2251 σωτη-

1148 2271 1214 2307 ρια
1248 2270 1300 2293 sc.
1328 2253 1414 2304 ἱερα
1456 2257 1638 2306 saca-'ificza
1662 2255 1733 2293 dtis
1767 2258 1807 2294 ob

1144 2316 1256 2349 vitam
1284 2317 1456 2349 servatam
1485 2326 1514 2349 s.
1545 2312 1673 2349 salutas
1696 2325 1807 2351 causa

1144 2369 1314 2415 exhibita,
1328 2375 1369 2405 ut
1390 2368 1492 2419 apud
1509 2368 1662 2407 Diodor.
1684 2370 1806 2417 XVII,

1151 2427 1241 2464 100.
1299 2426 1350 2461 At
1379 2424 1416 2461 h.
1440 2426 1464 2462 l.
1488 2424 1581 2461 nihil
1607 2433 1803 2463 cunctatus

1147 2493 1235 2516 cum
1258 2480 1476 2532 Schweigh.
1499 2489 1534 2518 et
1555 2482 1671 2519 Gaisf.
1691 2495 1803 2519 revo-

1149 2539 1231 2573 cavi
1261 2540 1440 2589 Σωτῆρι,
1482 2540 1587 2576 cuius
1621 2539 1706 2575 loco
1729 2540 1805 2574 iam

1149 2593 1397 2640 Sohaemus,
1433 2608 1548 2646 quem
1594 2601 1806 2645 sequuntur

1148 2649 1285 2688 matth.
1310 2659 1345 2688 et
1358 2650 1539 2697 Bekker„
1561 2649 1714 2687 dederat
1729 2661 1805 2690 σω-

1147 2709 1248 2757 τῆρι.
1298 2707 1445 2744 luditur
1465 2709 1518 2744 ini
1546 2705 1586 2744 h.
1617 2707 1642 2743 Ι.
1666 2709 1803 2757 Σωτῆ-

1147 2778 1215 2812 ρος
1235 2765 1260 2803 ἰ.
1282 2777 1314 2800 e.
1339 2764 1568 2814 Sospitatoris
1588 2763 1740 2811 titulus,
1762 2765 1802 2800 iu

1144 2820 1285 2858 multos
1311 2821 1466 2858 collatus
1481 2819 1582 2864 deos,
1613 2821 1678 2872 qui
1703 2821 1804 2858 mala

1932 404 1985 648 i

1957 658 1986 812 ὓἐ

1950 1754 1989 1977 ⁰³¹¹*-
