1996 3238
663 201 1008 238 URANIA.
1068 203 1195 239 VIII.
1503 201 1559 241 29

1501 327 1554 353 '⁶²²
1567 309 1822 371 ⁷⁵351³12÷⁰2³35m¹3
1827 317 1890 373 5:2⁹

1616 385 1689 409 stus.

297 310 460 362 ὕδατα,
512 308 737 363 ἐντάμνων
774 309 821 352 ἓν
857 314 971 353 τοῖσι
1018 313 1182 354 λίθοισι
1221 309 1464 366 γράμματα,

287 379 449 429 Ἴωνες,
481 377 735 428 ἐπελθόντες
762 381 815 434 τῇ
845 377 1051 435 ὑστεραίῃ
1083 378 1219 435 ἡμέρῃ
1251 380 1318 422 ἐπὶ
1347 377 1394 423 τό
1425 377 1558 433 'Apte-

274 448 473 501 Ξμίσιον,
520 446 781 497 ἐπελέξαντο.
840 445 892 488 τά
935 445 979 488 δὲ
1017 445 1248 501 γράμματα
1284 449 1384 490 τάδε
1418 447 1554 501 ἔλεγε·

296 511 492 567 ,ξἈνδρες
511 512 667 564 Ἴωνες,
701 512 755 557 ου’
775 514 938 557 ποιέετε
959 516 1106 557 δίκαια
1137 515 1203 557 ἐπὶ
1233 515 1335 565 τοὺς
1369 515 1558 568 πατέρας

267 581 685 635 3,,στρατευόμενοι,
716 583 788 624 καὶ
817 584 896 638 τὴν
919 581 1103 625 Ἑλλάδα
1143 582 1556 637 καταδουλούμενοι.

295 648 431 701 „diade
460 649 645 705 μάλιστα
665 650 742 704 μευ
759 650 870 703 πρός
899 649 1044 706 ἡμέων
1072 652 1269 705 γίνεσθε·
1312 652 1347 692 εἰ
1379 652 1423 693 ὁὲ
1452 650 1614 706 ὑμῖνὸο

295 716 411 769 ,,ἐστι
446 722 575 762 τοῦτο
615 718 672 775 μὴ
708 719 897 762 δυνατόν
926 722 1127 775 ποιῆσαι,
1165 718 1290 775 ὑμέες
1321 719 1365 762 δὲ
1397 719 1456 762 ἔτι
1485 720 1559 762 καὶ

238 881 482 930 gnificatione
509 880 611 918 idom
640 881 800 917 verbum
833 881 895 916 in-
951 879 1095 931 lapides
1128 879 1411 930 significentur,
1460 881 1523 931 qui
1564 881 1613 917 ibi

237 939 411 975 venimus
441 939 500 985 VI,
531 941 596 978 73.
619 939 700 985 VII,
725 941 774 977 10
798 939 833 983 §.
855 940 895 978 8.

236 1014 292 1022 ·-
320 997 364 1030 Iu
395 1008 502 1046 seqq.
534 993 581 1032 τοὶ
601 991 747 1044 πότιμα
769 991 895 1032 ὕδατα

237 1049 284 1087 de
294 1052 336 1088 iis
348 1052 437 1088 locis
449 1052 634 1101 intelligo,
648 1065 744 1103 quae
754 1064 894 1102 aquam

236 1110 443 1158 potabilem
480 1109 724 1159 praebebant,
759 1109 893 1160 quibus

235 1166 350 1213 igitur
399 1167 588 1216 appellere
629 1167 749 1202 coacti
788 1172 895 1202 erant

234 1222 372 1259 Persae
402 1236 432 1259 s.
463 1224 586 1270 Iones,
609 1224 695 1274 qui,
728 1223 783 1259 uti
810 1236 892 1259 mos

233 1278 307 1315 fuit
335 1286 527 1327 veterum,
554 1281 780 1330 plerumque
813 1293 892 1316 nou

234 1348 280 1371 ea
300 1349 486 1387 aquarum
507 1336 628 1387 copia,
651 1335 785 1388 ([11ξίοά
805 1337 892 1372 lon-

220 1391 340 1442 ‘giora
359 1394 494 1429 itinera
511 1406 604 1443 opus
625 1401 690 1438 est,
711 1406 824 1429 naves
834 1395 893 1429 in-

232 1455 462 1486 struxerant.
519 1449 583 1486 Ad
622 1456 893 1500 argumentum

233 1507 396 1556 pertinet
414 1505 608 1545 Plutarch.
631 1507 675 1544 V.
700 1505 891 1544 Themist.

232 1575 271 1612 p-
294 1564 446 1609 1163„
469 1576 550 1613 cap.
573 1566 610 1610 9,
641 1563 707 1598 ubi
726 1564 849 1599 literas
871 1576 892 1600 a

232 1617 492 1656 Themistocle
507 1620 711 1670 insculptas
729 1627 891 1656 essetra-

233 1673 298 1723 dit,
318 1692 343 1730 ῃ
365 1672 572 1729 κατάσσεις
593 1677 810 1730 αναγκαίας
824 1675 891 1715 καὶ

231 1747 463 1786 καταφυγας
501 1731 605 1786 ἑώρα
649 1738 732 1781 τοῖς
772 1736 890 1774 πολε-

233 1789 351 1841 μίοις.

288 1840 496 1896 ἐντάμνων
527 1843 570 1884 ἕν
599 1849 700 1885 τοῖσι
738 1846 890 1886 λίθοισι

230 1899 470 1954 γρᾶιιματα]
528 1903 633 1948 Quae
679 1911 896 1955 sequuntur

232 1961 347 1997 verba
368 1973 488 2011 usque
510 1959 558 1996 ad
580 1973 715 1997 vocem
733 1958 890 2011 ἄνδρες,

233 2028 279 2052 ea
299 2017 428 2053 omnia
445 2017 580 2053 absunt
595 2030 616 2053 a
638 2017 827 2054 Sancrofti
842 2019 891 2054 li-

232 2073 301 2109 bro
317 2073 478 2124 alioque,
496 2074 536 2108 in
554 2086 629 2124 quo
645 2080 806 2125 utroque
822 2087 891 2111 co-

233 2128 317 2166 dice
355 2142 435 2165 non
465 2130 537 2165 nisi
565 2129 659 2165 haec
688 2131 888 2179 leguntur:

230 2181 515 2237 λέγοντατοὲδε.
572 2185 892 2237 Equidemlibra-

231 2244 374 2279 rioium
402 2241 597 2280 socordiae
616 2243 781 2279 tribuere
809 2257 891 2281 ma-

230 2299 299 2335 lim
337 2312 452 2350 quam
496 2300 659 2349 glossam
697 2301 891 2351 suspicaii.

230 2355 465 2392 Invenitur’
448 2370 654 2405 ενταμνειν
681 2353 891 2409 γράμματα

230 2425 342 2463 supra
357 2413 420 2460 IV,
441 2414 494 2452 87
516 2412 563 2449 de
582 2414 710 2461 Dario,
741 2416 807 2466 qui
832 2415 892 2451 la-

231 2469 351 2520 pideis
379 2469 564 2506 columnis
589 2470 712 2507 literas
733 2472 893 2523 ‘insculpi

229 2527 309 2563 sive
327 2527 483 2563 insecari
501 2524 563 2579 (ut
591 2527 718 2563 Latini
737 2540 891 2580 quoque

231 2581 382 2630 dicunt)
414 2583 531 2620 iussit.
578 2582 690 2628 Quod
709 2583 812 2621 idem
833 2593 892 2622 et-

231 2641 309 2676 iam
334 2639 528 2677 Herodoto
561 2639 697 2676 <licitur
725 2638 891 2692 ἐγκολά-

230 2711 342 2735 πτειν
360 2697 390 2743 Ι,
412 2699 477 2737 93.
504 2699 581 2737 187
603 2697 689 2733 coll.
710 2698 763 2733 III
781 2700 889 2736 Mac-

232 2753 313 2790 cab.
335 2754 382 2801 ΙΙ,
404 2755 470 2793 27.
504 2754 592 2789 Vim
612 2755 759 2790 articuli
785 2759 886 2795 τοῖσι

231 2809 336 2857 (ante
353 2807 533 2860 λίθοισι),
557 2811 746 2862 quaetalis
756 2819 821 2861 est,
843 2820 885 2850 ut

953 945 1072 986 erant,
1097 938 1194 973 bene.
1215 940 1357 973 notavit
1377 938 1544 974 Sintenis
1565 937 1612 974 ad

951 996 1050 1032 Plut.
1090 993 1340 1031 Themistocl.
1370 995 1394 1032 9
1427 1007 1514 1044 pag.
1546 996 1614 1036 58.

950 1053 1081 1102 Ipsum
1099 1050 1366 1088 Themistoclis
1380 1050 1524 1088 factum
1536 1052 1615 1087 cal-

951 1108 1073 1145 lidum
1116 1115 1421 1145 commemorant
1461 1116 1610 1159 praeter

950 1164 1144 1202 Plutarch.
1177 1167 1201 1204 l.
1233 1167 1259 1202 l.
1289 1166 1472 1216 Polyaen.
1493 1167 1521 1211 Ι,
1546 1168 1611 1212 30,

951 1225 988 1263 6.
1047 1222 1202 1259 Aristid.
1236 1224 1254 1258 I
1276 1236 1314 1272 p.
1336 1221 1417 1262 314
1448 1221 1540 1270 (ubi
1561 1223 1610 1258 cl'.

950 1278 1080 1317 Schol.
1110 1294 1146 1330 p.
1169 1279 1249 1320 234
1270 1281 1508 1326 Frommel.),
1537 1292 1611 1315 no-

948 1343 1053 1372 tante
1081 1335 1369 1383 Valckenaerio,
1393 1337 1453 1371 cui
1474 1338 1609 1372 merito

948 1393 1127 1430 videntur
1137 1392 1298 1429 absurda
1311 1400 1346 1430 et
1357 1392 1612 1443 sophistarum

948 1463 1055 1486 more
1088 1449 1208 1497 dicta,
1238 1463 1336 1501 quae
1357 1449 1610 1486 Themistocli

948 1507 1079 1543 tribuit
1098 1508 1261 1542 Iustinus
1281 1508 1328 1554 ΙΙ,
1356 1509 1416 1553 12,
1439 1507 1610 1557 falsoque

949 1563 1057 1609 ficta,
1090 1575 1188 1615 quae
1222 1561 1447 1599 Plutarchus
1466 1565 1501 1598 II
1520 1576 1610 1614 pag.

949 1619 1029 1659 305
1050 1621 1111 1667 D.,
1144 1620 1227 1666 (ubi
1243 1633 1345 1656 nunc
1367 1620 1468 1656 conf.
1488 1622 1609 1671 Wyt-

947 1676 1125 1713 tenbach.
1156 1676 1421 1713 Animadvers.
1451 1678 1498 1723 Π,
1524 1680 1541 1716 1
1569 1691 1607 1727 p.

947 1734 1018 1782 80)
1037 1735 1164 1771 scribit
1185 1733 1231 1770 de
1252 1735 1365 1770 frane
1386 1732 1611 1770 Themisto-

947 1791 1023 1837 clis,
1045 1792 1244 1842 Agesilao,
1281 1804 1397 1843 quem
1418 1790 1465 1827 ad
1495 1794 1611 1827 Axte-

945 1848 1101 1884 misium
1122 1850 1258 1885 Graeci
1276 1849 1448 1885 miseiiut
1469 1860 1608 1900 specu-

944 1905 1119 1943 latorem.

1003 1963 1051 2001 οὐ
1082 1959 1232 2001 ποιέετε
1263 1960 1399 2000 δίκαια
1424 1976 1460 2000 κ.
1486 1975 1520 2000 τ.
1550 1961 1608 2010 λ.]

946 2018 1102 2069 Spectat
1131 2018 1206 2056 huc
1233 2018 1407 2055 Eustath.
1437 2018 1485 2055 ad
1512 2020 1609 2054 Dio-

943 2088 1028 2125 nys.
1063 2078 1210 2126 Perieg.
1251 2076 1347 2116 423·
1405 2076 1470 2111 Tu
1505 2075 1609 2112 conf.

947 2130 995 2166 de
1015 2134 1198 2168 sententia
1219 2131 1434 2168 Herodotea
1449 2138 1544 2168 nott.
1558 2131 1607 2168 ad

946 2188 1026 2234 VII,
1050 2188 1116 2228 51.
1141 2188 1219 2228 150
1240 2189 1325 2226 coll.
1345 2188 1503 2225 Diodor.
1525 2189 1606 2226 Sic.

945 2245 1053 2293 XIX,
1084 2244 1151 2285 41.
1182 2246 1311 2283 lustin.
1343 2246 1397 2290 ΙΙ,
1433 2247 1502 2289 12,
1544 2246 1607 2281 cui

946 2300 1110 2351 πατέρες
1157 2308 1245 2338 sunt
1284 2302 1488 2339 conditores.
1546 2304 1606 2338 De

945 2359 1132 2408 participii
1162 2357 1514 2408 (στρατευόμενοι)
1534 2372 1605 2396 usu

946 2416 1048 2452 conf.
1076 2415 1212 2452 Matth.
1233 2417 1298 2452 Gr.
1320 2416 1383 2451 Gr.
1407 2416 1442 2460 ξ.
1465 2414 1546 2456 554
1567 2433 1605 2468 y.

946 2471 1008 2509 Ad
1035 2473 1170 2510 verba:
1213 2469 1314 2522 πρὸς
1343 2470 1478 2521 ’ἡμέων
1498 2473 1604 2523 γίνε-

948 2533 1024 2567 σθε
1066 2531 1216 2576 (nostris
1244 2543 1266 2566 a
1299 2530 1464 2579 partibus
1493 2530 1602 2577 state)

945 2585 1022 2623 vid.
1043 2587 1072 2633 Ι,
1094 2587 1160 2626 75.
1187 2585 1278 2627 124.
1308 2586 1405 2632 VIII,
1429 2588 1481 2626 60
1503 2587 1538 2630 ξ.
1560 2589 1599 2626 2.

1001 2641 1119 2692 ’ὑμέες
1141 2641 1183 2681 δὲ
1206 2643 1258 2681 ἔτι
1276 2641 1342 2681 καὶ
1366 2645 1445 2681 νῦν
1469 2642 1510 2681 ἐκ
1527 2646 1600 2681 τοῦ

945 2697 1066 2750 μέσου
1087 2697 1184 2750 ἡμῖν
1206 2699 1339 2748 ἕζεσθε
1367 2698 1433 2738 καὶ
1455 2696 1597 2747 αὐτοὶ]

942 2758 967 2792 i.
990 2770 1022 2793 e.
1039 2757 1183 2793 secedite
1203 2772 1220 2794 e
1238 2769 1363 2807 pugna
1380 2758 1430 2793 ita
1450 2759 1490 2791 ut
1512 2769 1599 2792 nen-

942 2815 1031 2851 irz'us
1049 2815 1128 2851 sitis
1151 2817 1290 2865 partis,
1320 2817 1353 2851 et
1372 2813 1508 2864 quidem
1529 2826 1598 2850 ιιοη
