1996 3238
535 265 591 304 8}
938 259 1396 297 HERODOTI

537 370 703 428 βιάδης.
759 368 927 412 δοκέειν
967 369 1014 412 δέ
1043 384 1141 424 μοι,
1183 365 1447 424 ἅρῤωδήσας
1475 365 1660 423 μάλιστα
1688 366 1795 417 τούς
1986 429 1987 433 ¹

534 436 793 492 Ἀθηναίους
822 435 1147 486 ἀνεδιδάσκετο,
1178 436 1236 492 μή
1267 448 1402 491 σφεας
1437 433 1705 487 ἀπολίπωσι,
1745 433 1800 489 ἢν
1855 427 1936 470 647
1986 455 1987 459 ,

510 504 656 560 Ξπρὸς
694 503 773 547 τόν
807 502 990 560 Ἰσθμὸν
1036 502 1177 558 ἀνάγῃ
1211 504 1285 554 τὰς
1313 507 1432 559 νῆας.
1491 501 1827 546 α’πολιπόντων6

536 571 620 627 γάρ
641 570 894 627 Ἀθηναίων,
927 571 1071 615 οὐκέτι
1091 570 1287 625 ἐγίνοντο
1308 570 1536 626 ἀξιόμαχοι
1567 572 1610 614 οἱ
1639 571 1798 613 λοιποί.

536 639 699 694 ταύτην
737 640 783 682 δὲ
827 640 1014 695 αἱρέεται
1051 636 1130 693 τὴν
1165 639 1370 695 γνώμην,
1410 636 1549 682 αὐτοῦ
1589 637 1800 693 μένοντας

537 706 882 762 διαναυμαχέειν.

410 767 477 812 6-1
655 773 780 816 Οὕτω
812 774 890 828 μὲν
921 776 963 817 οἱ
993 773 1091 827 περὶ
1122 776 1374 827 Σαλαμῖνα,
1406 774 1525 817 ἔπεσι
1564 772 1791 830 ἄκροβολι-
1810 781 1852 814 10

206 832 427 900 ae3302⁰ss13³33ff
430 873 481 892 vo.
539 840 730 897 σάμενοι,
761 840 851 883 ἐπεί
871 856 914 883 τε
937 841 1198 898 Εὐρυβιάδῃ
1218 841 1346 892 ἔδοξε,
1370 839 1509 885 αὐτοῦ
1529 839 1797 895 παρεσκευά-

205 899 480 966 ἷὲ,“ῗὲ;ὲξ’(ῗξὲξιῗὲ
509 913 665 962 Ξζοντο
713 907 771 959 ὥς
817 909 1179 966 ναυμαχήσοντες.
1234 907 1371 966 ἡμέρη
1420 923 1464 952 τε
1505 907 1690 964 ἐγίνετο,
1719 909 1794 953 καὶ

205 966 347 993 auxilium
384 966 482 1001 rogati

208 1000 250 1033 [c.
268 1000 341 1034 833.

480 1084 550 1122 vn
565 1113 575 1132 ‚
600 1083 692 1125 143.
725 1081 836 1129 Quod
856 1083 1025 1135 sequitur
1046 1077 1140 1122 ἅνε-

480 1136 700 1188 διδάσκετο,
729 1141 826 1177 bene
845 1139 1029 1179 Valcken.
1053 1139 1138 1177 red-

480 1196 558 1234 dit:
607 1196 854 1244 deducebatur,
907 1197 1138 1234 dedocendum

479 1267 515 1291 se
535 1254 721 1303 praebuit3
753 1266 847 1290 nam
877 1249 1137 1292 ἀναδιδάσκε-

479 1313 580 1349 σθαι
609 1311 730 1346 valet:
770 1312 891 1360 priora
918 1309 1075 1346 dedoceri
1107 1323 1135 1349 s,

479 1365 710 1403 dedocendum
730 1378 764 1403 se
781 1367 962 1416 praebere,
997 1369 1037 1402 ut
1060 1368 1137 1415 qais

477 1422 555 1459 alia
574 1422 689 1459 discat
702 1424 782 1459 istis
795 1424 984 1469 contraria,
1000 1435 1138 1474 quem-

473 1477 689 1516 admodum
722 1475 1005 1518 ἆναδιδοῖσκειν
1035 1477 1138 1529 apud

477 1533 815 1586 Thucydid-VIII,
837 1537 904 1576 86.
940 1534 997 1572 Ad
1019 1548 1137 1587 quam

477 1590 642 1627 eandem
662 1592 946 1642 praepositionis
958 1593 1036 1629 vim
1049 1605 1140 1641 per-

475 1648 600 1684 tinent
640 1648 755 1685 verba
789 1649 999 1698 composita
1037 1645 1137 1686 ἄνα-

478 1706 662 1754 ρᾶσθαι,
715 1698 958 1754 οἷνεύχεσθαι
984 1734 993 1752 ,
1052 1704 1136 1741 alia.

478 1759 542 1796 Ad
562 1759 680 1796 medii
699 1761 804 1797 verbi
824 1762 902 1796 vim
938 1773 981 1796 ac
1011 1762 1137 1797 notio-

477 1829 570 1853 nem
593 1816 692 1853 conf.
712 1823 809 1853 nott.
826 1816 874 1853 ad
902 1818 956 1864 11,
983 1815 1072 1858 154.

536 1867 590 1923 μή
625 1884 750 1922 σφεας
779 1868 1022 1923 ἀπολίπωσι]
1064 1875 1138 1909 Ea-

479 1927 568 1965 dem
616 1928 739 1966 ferme
783 1928 978 1966 Plutarch.
1028 1929 1139 1966 The-

477 1987 579 2022 mist.
624 1988 670 2025 11
723 1986 789 2023 fin.
839 1999 927 2037 pag.
973 1988 1051 2026 117
1094 1988 1137 2023 F.

478 2043 604 2080 ταῦτα
639 2043 712 2081 τοῦ
746 2040 1053 2092 Θεμιστοκλέους
1087 2043 1138 2081 εἶ-

477 2094 648 2144 πόντος,
678 2094 815 2137 εὔνοια
839 2097 907 2137 καὶ
944 2097 1032 2144 δέος
1055 2097 1138 2150 ἔσχε

478 2150 549 2193 τὸν
566 2149 831 2205 Εὐρυβιάδην
849 2157 927 2193 τῶν
946 2149 1139 2205 Ἀθηναῖ-

479 2225 556 2258 ων,
587 2208 641 2260 μη“
663 2213 768 2260 σφᾶς
795 2206 1055 2257 ἀπολιπόντες
1077 2211 1139 2250 οἷ’-

476 2281 636 2317 χωνται.
655 2288 711 2293 -—
748 2268 791 2303 In
808 2281 913 2319 seqq.
945 2266 992 2303 de
1021 2269 1137 2305 verbo

479 2317 646 2374 α’νάγειν
667 2321 742 2359 dixi
768 2323 815 2360 ad
836 2325 942 2368 vlu,
967 2326 1020 2364 60
1042 2325 1078 2368 ξ.
1100 2327 1135 2363 1.

479 2377 542 2415 Ad
586 2374 866 2418 ἀπολιπόντων
924 2380 1002 2426 (ubi
1048 2380 1136 2417 licet

480 2442 609 2472 mente
645 2434 785 2472 addere
817 2434 969 2486 σφέας)
1032 2436 1133 2474 conf.

480 2492 570 2540 VII,
604 2494 699 2532 221.

675 2581 768 2632 Cap.
797 2582 934 2619 LXIV.

560 2655 669 2697 ἔπεσι
740 2655 1129 2712 ἀκροβολισάμενοι]

480 2708 808 2764 ἀκροβολίζεσθαι
827 2719 977 2768 proprie
1006 2717 1052 2754 de
1064 2732 1132 2755 ve-

479 2769 589 2806 litum
619 2773 823 2808 certamine
857 2773 1004 2823 dicitur,
1028 2774 1132 2826 quod

479 2826 598 2877 ipsam
638 2840 808 2879 pugnam
846 2832 988 2869 anteire
1023 2832 1130 2881 solet,

1194 1089 1278 1120 tum
1297 1095 1386 1119 vero
1409 1081 1458 1119 ad
1488 1090 1639 1121 mutuos
1669 1082 1851 1120 transfer-

1193 1146 1255 1176 tur
1272 1152 1466 1176 sermones
1486 1141 1662 1192 rixasque
1681 1151 1852 1191 pugnam

1192 1194 1472 1234 antecedentes.
1503 1197 1612 1234 Conf.
1632 1194 1852 1234 Blomfield.

1193 1254 1357 1289 Glossar.
1378 1252 1426 1289 ad
1446 1253 1625 1305 Aeschyl.
1654 1254 1694 1291 S.
1719 1266 1752 1290 c.
1773 1251 1850 1291 Th.

1195 1312 1273 1350 146
1296 1316 1332 1346 et
1345 1308 1604 1347 Hemsterhus.
1626 1309 1674 1346 ad
1691 1310 1850 1349 Lucian.

1192 1366 1209 1401 Ι
1229 1378 1317 1415 pag.
1339 1365 1419 1406 417
1440 1367 1540 1417 Bip.,
1570 1367 1636 1418 qui
1664 1365 1737 1403 hoc
1763 1379 1852 1404 ver-

1192 1422 1288 1458 bum
1309 1420 1356 1458 de
1384 1422 1427 1458 iis
1449 1435 1603 1474 qnoque
1629 1421 1705 1460 dici
1731 1429 1851 1471 notat,

1195 1479 1260 1530 qui
1281 1491 1301 1514 e
1321 1479 1405 1515 loco
1426 1480 1556 1516 altiore
1576 1486 1689 1531 atque
1710 1492 1853 1530 oppor-

1193 1542 1288 1572 tuno
1318 1533 1504 1586 lapidibus
1535 1537 1703 1588 aliquem
1724 1549 1745 1572 e
1764 1537 1853 1573 lou-

1194 1593 1338 1643 ginquo
1359 1599 1507 1642 petunt.
1566 1592 1676 1638 Quod
1702 1591 1750 1629 ad
1771 1594 1852 1628 He-

1192 1646 1371 1684 rodotum
1392 1650 1543 1695 attinet,
1572 1648 1707 1686 eadem
1727 1648 1849 1700 figur&

1194 1705 1240 1740 ab
1262 1703 1399 1740 eodem
1421 1704 1494 1742 dici
1514 1701 1644 1758 λόγων
1666 1702 1851 1757 ὠθισμόν

1194 1761 1367 1798 observat
1389 1763 1620 1812 Wesseliug.
1646 1761 1755 1811 V111,
1783 1765 1853 1804 78.

1193 1818 1271 1863 ΙΧ,
1297 1820 1364 1857 26.

1250 1871 1377 1924 ἡμέρη
1403 1888 1454 1913 τε
1492 1872 1638 1926 ἐγίνετο
1670 1873 1736 1914 καὶ
1769 1871 1852 1926 ἅμα

1193 1944 1228 1968 κ.
1253 1944 1284 1969 τ.
1300 1932 1353 1979 λ.]
1376 1932 1432 1966 De
1453 1932 1643 1981 particulis
1667 1946 1707 1971 τε
1721 1953 1768 1959 —-
1782 1931 1852 1971 καὶ

1193 1985 1271 2023 vid.
1293 1994 1386 2024 nott.
1418 1987 1465 2024 ad
1483 1989 1534 2025 IV
1549 1992 1567 2036 ‚⁰
1591 1988 1655 2029 53.
1690 1987 1752 2025 Ad
1770 2001 1850 2041 seq.

1194 2042 1500 2083 ἐπικαλέσασθαι
1531 2041 1626 2091 τούς
1655 2044 1852 2093 Αἰακίδας

1194 2096 1425 2149 συμμάχους
1455 2101 1556 2138 conf.
1594 2108 1690 2140 nott.
1727 2100 1776 2138 ad
1795 2103 1849 2150 V,

1195 2158 1247 2196 80
1268 2163 1304 2193 et
1323 2157 1427 2204 VIII,
1458 2159 1525 2197 83.
1564 2159 1665 2195 Plut.
1686 2157 1850 2195 Themi-

1192 2213 1298 2250 stocl.
1334 2212 1396 2252 15.
1426 2212 1635 2251 Larcherus
1664 2212 1701 2252 h.
1726 2215 1750 2252 l.
1779 2228 1850 2252 ex·-

1193 2269 1369 2304 citaverat
1391 2270 1551 2306 Pausan.
1569 2272 1622 2319 11,
1646 2273 1712 2311 29.
1732 2272 1850 2322 Apol-

1191 2323 1313 2361 lodor.
1333 2325 1396 2371 111,
1435 2329 1481 2365 11
1506 2327 1540 2371 ξ.
1564 2329 1602 2367 6.
1646 2327 1705 2364 Ac
1733 2341 1849 2366 nemo

1190 2382 1329 2426 nescit,
1359 2382 1616 2419 Telamonem
1643 2385 1761 2422 Aeaci
1785 2384 1849 2422 fu-

1190 2437 1261 2473 isse
1287 2438 1430 2485 filium,
1470 2439 1674 2478 Salaminis
1703 2442 1849 2478 insulae

1191 2505 1322 2543 regem
1409 2502 1632 2548 patremque
1710 2499 1847 2545 Aiacis,

1191 2551 1256 2600 qui
1295 2551 1333 2586 in
1392 2552 1491 2588 bello
1531 2554 1701 2590 Troiano
1741 2555 1846 2602 obiit,

1190 2607 1342 2644 Teucro
1364 2607 1477 2644 fratre
1505 2621 1526 2644 a
1557 2609 1680 2647 reditu
1717 2611 1756 2647 in
1779 2624 1849 2662 pa-

1187 2664 1298 2700 triam
1319 2665 1484 2702 excluso.
1505 2685 1561 2692 -—
1581 2668 1624 2702 In
1652 2666 1729 2702 fine
1763 2681 1848 2718 cap,

1188 2717 1252 2758 ἐπὶ
1289 2718 1332 2759 δὲ
1368 2718 1519 2760 Αἰακὸν
1548 2721 1616 2761 καὶ
1644 2720 1736 2769 τούς
1780 2722 1848 2763 ι’ίλ-

1186 2778 1281 2822 λους
1305 2776 1501 2824 Αἰακίδας
1525 2779 1645 2816 valet:
1681 2779 1729 2817 ad
1748 2781 1846 2819 Aea-

1187 2845 1263 2871 cum
1283 2837 1316 2870 et
1347 2833 1496 2884 reliquos
1524 2835 1698 2874 Aeacidas
1727 2851 1847 2876 arces-
