1879 3222
503 191 966 231 CALLIOPE.

1023 194 1040 230 1
1053 195 1104 231 X.
1352 194 1436 234 353

8 305 106 351 106
168 303 304 359 ζήνιοι
334 302 407 345 καὶ
437 298 681 343 Σικυώνιοι
710 297 985 354 ἠρίστευσαν.
1038 300 1158 346 Ἐπεί
1185 319 1230 346 τε
1270 303 1315 347 δὲ
1357 319 1436 347 κα·-

168 371 433 426 τεργάσαντο
465 368 728 423 οἱ”Έλληνες
757 368 861 418 τούς
890 370 1102 421 πολλοὺς,
1131 371 1236 422 τούς
1259 374 1338 427 μὲν
1359 389 1435 427 μα-

168 440 395 496 χομένους,
440 435 545 486 τούς
586 436 632 479 ὁὲ
671 437 743 479 καὶ
790 435 1035 492 φεύγοντας
1064 443 1152 482 τῶν
1180 440 1601 495 βαρβοὲρωνβοθῐῖ*0οἰ
1645 444 1674 470 ''ss
1715 444 1768 471 ⁸³-

169 508 246 557 τὰς
274 506 372 554 νέας
403 504 644 560 ἐνέπρησαν
687 506 759 548 καὶ
787 506 835 549 τὸ
866 510 1001 559 τεῖχος
1032 506 1169 559 ἅπαν,
1202 508 1281 563 τήν
1312 512 1438 566 ληίην

140 574 537 628 Ξπροεξαγαγόντες
566 572 609 623 ἐς
638 573 715 617 τὸν
745 572 963 629 αἰγιαλόν·
995 574 1067 616 καὶ
1087 575 1346 628 θησαυρούς
1375 595 1434 621 τι·

170 659 249 692 νας
275 641 506 696 χρημάτων
535 643 677 696 εὑρον.

740 641 1030 698 ἐμπρήσαντες
1051 642 1096 684 δὲ
1123 641 1171 684 τὸ
1201 647 1337 697 τεῖχος
1366 649 1437 688 καὶ

169 709 247 760 τὰς
265 709 379 759 νέας,
411 707 637 752 ἀπέπλεον.
666 707 939 765 Ἀπικόμενοι
969 709 1014 752 δὲ
1044 709 1087 760 ἐς
1111 709 1267 763 Σάμον
1289 711 1437 755 οῖ’Έλ-

168 781 314 833 ληνες,
347 776 637 832 ἐβουλεύοντο
661 780 758 832 περὶ
790 777 1048 828 ἀναστάσιος
1069 781 1145 831 τῆς
1169 776 1345 834 Ἰωνίης,
1366 780 1494 823 καὶΰὸ

168 843 255 900 ὅπη
285 845 414 900 χρεὸν
455 847 518 902 εἴη
546 850 622 903 τῆς
648 845 855 898 Ἑλλάδος
886 847 1149 896 κατοικίσαι,
1195 849 1272 902 τῆς
1311 846 1438 890 αὐτοὶ

167 911 391 968 ἐγκρατέες
410 908 544 970 ἦσαν·
589 914 670 970 τήν
701 915 745 958 δὲ
773 915 935 971 Ἰωνίην
974 912 1146 957 ἀπεῖναι
1183 919 1296 958 τοῖσι
1324 918 1436 971 βαρ-

140 980 361 1037 Ββάροισι.

331 1192 424 1242 Cap.
460 1191 554 1228 CVI.

167 1244 277 1287 Ἐπεί
289 1263 328 1287 τε
360 1247 402 1287 δὲ
423 1243 730 1298 κατεργάσαντο]
749 1249 774 1285 i.

109 1318 141 1342 e.
181 1318 259 1342 cum
298 1306 567 1356 interfecissent.
634 1305 693 1341 Cf.
743 1307 771 1352 Ι,

109 1360 162 1402 24
195 1369 230 1398 et
261 1361 307 1398 de
325 1363 439 1399 simili
463 1362 580 1398 verbo
612 1357 771 1413 διεργά-

111 1419 249 1464 ζεσθαι
259 1419 302 1465 V,
320 1420 513 1470 20ibique
529 1424 624 1455 nott.
637 1433 772 1469 κατερ-

110 1471 303 1526 γάζεσθαι
326 1474 397 1512 hac
428 1476 586 1511 notione
617 1487 771 1526 quoque

108 1533 294 1582 reperitur
331 1530 433 1582 apud
472 1531 664 1570 Plutarch.
698 1533 772 1569 Ti-

108 1589 200 1624 mol.
215 1590 281 1628 28.
311 1589 478 1626 Marcell.
507 1592 546 1628 7·
578 1589 684 1625 Caes.
717 1591 771 1630 67

108 1645 190 1681 init.

165 1696 423 1752 ἐβουλεύοντο
466 1697 558 1750 περὶ
597 1694 772 1739 ἀναστά-

109 1770 194 1804 σιος
229 1773 266 1796 κ.
299 1773 331 1796 τ.
363 1758 412 1807 λ.]
460 1758 681 1794 Deliberant
722 1756 769 1794 de

108 1816 213 1851 Ionia
232 1813 491 1851 transferenda
522 1816 678 1865 eiusque
708 1815 772 1850 in-

110 1872 201 1907 colis
229 1871 267 1906 in
300 1872 533 1907 eaGn-aeciae
563 1878 669 1921 parte
688 1871 771 1908 col-

110 1927 290 1974 locandis,
324 1941 420 1978 quae
445 1929 483 1963 iu
510 1929 680 1977 ipsorum
711 1941 772 1964 es-

110 1991 165 2020 set
182 1991 380 2035 potestate.
438 1985 547 2019 Hanc
567 1986 670 2019 enim
691 1997 770 2020 esse

110 2038 184 2090 τήν
230 2036 448 2078 ιῖιέἱστασιν
500 2042 572 2089 τῆς
606 2036 769 2090 Ἰωνίης,

111 2097 186 2149 quii
223 2097 372 2133 incolae
410 2097 540 2132 Ioniae
578 2109 626 2132 ex
664 2098 770 2132 Ionia

109 2155 148 2190 iu
180 2154 270 2189 alias
306 2161 421 2190 terras
454 2153 621 2188 translati
652 2160 770 2190 certas

109 2211 162 2247 ibi
198 2209 304 2248 sedes
335 2210 539 2258 assignatas
570 2210 769 2259 accipiant,

111 2280 199 2304 cum
216 2265 581 2316 Schweighaeusero
599 2267 655 2312 (in
673 2268 769 2304 Lex.

110 2323 413 2372 Herod.)statuo.
445 2324 770 2373 Nequealiterac-

110 2381 278 2431 ceperim
305 2393 393 2416 cum
415 2379 550 2416 eodem
568 2378 770 2430 Schweig-

111 2436 308 2483 haeusero,
332 2449 429 2488 quae
451 2436 546 2472 infra
566 2437 766 2486 leguntur:

114 2491 188 2532 οὐκ
235 2491 365 2532 ἐδόκεε
394 2489 546 2539 Ἰωνίην
581 2493 769 2543 γενέσθαι

115 2546 356 2589 οἷνάστατονε
388 2563 453 2586 uon
480 2549 618 2599 placuzt
646 2548 768 2601 Ioni-ae

115 2607 206 2644 sedes
224 2607 436 2656 relinquere,
459 2606 579 2642 incolis
600 2608 636 2642 in
656 2607 766 2643 aliam

116 2666 239 2699 terram
253 2664 451 2709 translatis,
467 2665 586 2712 patrio
605 2663 674 2699 solo
694 2676 768 2700 nm-

116 2721 176 2755 tis.
228 2721 302 2756 Ubi
330 2733 408 2757 uon
439 2719 485 2756 de
507 2721 660 2770 captivis
685 2720 769 2756 loco

428 981 651 1027 ἀδύνατον
688 984 770 1039 γὰρ
812 982 1014 1040 ἐφαίνετό
1058 995 1137 1038 σφι
1177 979 1288 1026 εἶναι
1327 982 1436 1026 ἑωυ-

831 1189 1010 1228 traductis
1040 1203 1186 1239 sermo,
1218 1189 1291 1227 hoc
1313 1190 1413 1226 enim
1437 1198 1491 1228 est

831 1243 1110 1294 ἄνασπάστους
1143 1251 1293 1295 ποιεῖν,
1335 1255 1376 1284 ut
1405 1260 1492 1284 mo-

829 1307 898 1341 nui
928 1304 975 1341 ad
1006 1305 1078 1351 lv,
1110 1305 1211 1349 2043
1260 1303 1326 1341 sed
1359 1303 1405 1340 de
1435 1306 1491 1349 iis,

830 1363 897 1412 qui
934 1362 1020 1398 loco
1058 1368 1262 1397 moventur
1305 1373 1372 1397 suo
1412 1374 1491 1397 non

828 1425 909 1454 tam
938 1420 977 1455 vi
1006 1416 1174 1454 adhibita
1205 1429 1319 1470 quam
1340 1431 1493 1468 persua-

828 1476 935 1511 sione
965 1481 1002 1511 et
1030 1475 1148 1510 libera
1178 1475 1388 1511 voluntate.
1431 1475 1491 1512 Cf.

827 1533 866 1578 1,
896 1533 961 1572 79.
992 1532 1072 1577 Vll,
1106 1534 1185 1571 118
1216 1538 1252 1567 et
1284 1544 1381 1582 quae
1412 1531 1492 1568 dixi

828 1587 877 1624 ad
907 1590 940 1635 1,
985 1591 1054 1628 76.
1093 1590 1185 1627 178.
1245 1588 1309 1624 Sic
1348 1589 1492 1624 malam

826 1646 866 1680 iu
909 1651 1056 1694 partem
1097 1645 1241 1693 accipio
1279 1643 1373 1679 illud
1404 1643 1492 1692 ἐξα-

826 1697 1093 1748 ναστήσαντες
1139 1697 1186 1738 τοὶ
1231 1698 1397 1751 ἐμπόρια
1443 1700 1492 1738 de

828 1759 1006 1808 emporiis
1029 1758 1067 1793 vi
1093 1759 1285 1807 occupatis
1314 1764 1350 1794 et
1381 1757 1491 1794 diru-

827 1816 872 1852 tis
923 1813 1048 1866 deque
1108 1815 1242 1851 incolis
1290 1815 1363 1851 alio
1410 1822 1488 1851 tra-

829 1870 974 1918 ductis,
1006 1878 1047 1908 ut
1074 1872 1114 1917 1,
1149 1871 1238 1912 155.
1271 1871 1360 1918 vll,
1395 1873 1490 1911 170.

826 1929 870 1964 Iu
902 1928 1069 1964 clausula}
1099 1928 1302 1977 praeterire
1332 1940 1409 1963 non
1441 1928 1490 1963 li-

828 1992 912 2031 cet,
953 1997 1052 2035 quae
1092 1985 1236 2033 scripsit
1270 1983 1490 2021 Blomsseld.

828 2042 992 2077 Glossar.
1024 2039 1071 2076 ad
1093 2039 1272 2090 Aeschyl.
1294 2041 1398 2076 Pers.
1419 2041 1486 2086 42,

821 2104 954 2133 notatu
966 2095 1083 2133 videri
1095 2095 1371 2145 dignissimum,
1384 2095 1488 2148 quod

823 2155 1000 2203 nuspiam
1022 2154 1067 2188 ab
1083 2151 1274 2203 Aeschylo
1296 2154 1334 2189 iu
1356 2166 1486 2189 recen-

824 2211 950 2247 sendis
972 2211 1173 2246 Persarum
1204 2210 1320 2259 copiis
1340 2211 1485 2246 mentio

824 2267 889 2302 fiat
908 2268 1068 2314 Ionium,
1105 2267 1210 2302 cuius
1232 2266 1485 2303 causamiude

825 2321 1074 2373 repetendam
1097 2336 1174 2359 esse
1196 2330 1345 2368 censet,
1381 2322 1485 2375 quod

824 2380 970 2416 facinus
1000 2379 1202 2430 indignum
1222 2393 1378 2426 eorum,
1419 2381 1485 2432 qui

824 2435 1117 2473 Atheniensium
1157 2437 1298 2473 fuerint
1345 2437 1484 2484 coloni,

823 2506 1037 2530 memorare
1057 2494 1307 2544 lenibusque,
1328 2494 1366 2528 in
1390 2506 1486 2544 quos

825 2551 923 2587 bene
944 2551 1083 2586 suerint
1111 2549 1235 2586 affecti
1269 2548 1484 2586 Athenien—

823 2621 893 2653 ses,
924 2607 1073 2656 culpam
1095 2608 1282 2656 imputare
1306 2607 1482 2644 noluerit.

824 2663 886 2701 Ad
907 2664 1021 2699 verba
1038 2657 1180 2701 Ἰώνων
1201 2665 1482 2714 προκατῆσθαι

827 2720 927 2757 conf.
958 2718 1092 2757 Matth.
1123 2720 1191 2758 Gr.
1231 2721 1296 2760 Gr.
1334 2721 1372 2766 §.
1401 2721 1483 2760 575

115 2788 182 2812 sno
224 2777 260 2811 vi
299 2778 412 2826 pulsis
457 2783 493 2813 et
522 2778 560 2813 in
590 2777 663 2814 alia
688 2777 772 2814 loca
827 2775 1048 2829 pag.1155.

169 2833 389 2870 Hauonor.
417 2834 482 2870 lV.

1162 2835 1215 2874 23

1495 305 1602 335 flasse
1626 308 1767 336 barbaro-

1494 347 1558 367 rum
1601 343 1769 379 castrisque

1494 374 1690 410 conflagratio
1737 385 1771 404 ac

1492 409 1608 442 prae-da
1651 415 1766 445 cnaeta,

1488 485 1568 504 mum
1610 481 1770 505 revertun-

1495 516 1555 537 tur.
1577 510 1769 539 Deliberatur

1496 545 1532 571 (le
1560 544 1704 572 libertate
1725 545 1767 572 Ιο-

1493 587 1563 605 num
1593 578 1752 607 firmanda.

1494 612 1629 639 insulani
1656 615 1684 641 in
1704 613 1766 640 foe-

1497 645 1552 673 dus
1571 647 1697 684 recepti.
