1879 3222
474 253 929 291 CALLIOPE.
987 255 1067 292 IX.

1314 254 1397 295 279

242 361 355 405 Ἐπεὶ
384 361 430 404 δὲ
456 359 719 415 κατέστησαν
747 360 788 411 ές
818 362 892 411 τὰς
926 360 1106 417 ἀρχαίας
1123 360 1262 414 τάξις,
1293 360 1393 418 πέμ·
1448 358 1729 426 ,ζ’,ῗίῗωξῑέζζζξίζζ-

140 437 226 483 ψας
255 430 278 474 ὁ
311 426 570 482 Μαρδόνιος
586 429 754 484 κήρυκα
781 427 824 479 ές
845 429 949 479 τούς
966 430 1255 487 Σπαρτιήτας,
1285 431 1399 485 ἔλεγε
1455 426 1623 461 exprobrat.

111 498 266 542 Ξτάδε·
304 491 380 549 ,ζὮ
419 495 781 551 Λακεδαιμόνιοι,
827 494 951 551 ὑμεῖς
991 497 1044 553 δὴ
1074 499 1249 553 λέγεσθε
1290 496 1402 542 εἶναι

139 565 323 619 ,,ἁ’νδρες
353 563 525 618 ἄριστοι
543 562 630 607 ὑπό
650 568 739 607 τῶν
755 566 858 621 τῇδε
882 563 1145 619 ἀνθρώπων,
1175 566 1402 622 ἐκπαγλεο-

138 633 314 689 ,,μὲνων
345 629 403 682 ὥς
421 630 520 675 οὔτε
544 631 725 689 φεύγετε
755 632 800 676 ἐκ
821 632 1038 687 πολέμου,
1070 632 1171 676 οὔτε
1187 633 1308 685 τάξιν
1336 634 1397 678 ἐκ·
1410 642 1456 677 55

137 701 348 754 ,,λείπετε,
387 700 590 756 μένοντές
628 717 673 745 τε
711 698 740 757 ἢ
768 699 982 744 ἀπόλλυτε
1021 700 1125 751 τοὺς
1162 699 1400 754 ἐναντίους,

106 768 197 824 3,,ὴ“
226 767 352 812 αὐτοὶ
382 767 644 813 ἀπόλλυσθε.
702 771 791 812 τῶν
823 765 865 813 δ’
898 767 965 824 ἄρ’
986 763 1041 825 ἦν
1070 766 1203 813 οὐδὲν
1226 767 1399 824 ἀληθές.

134 838 266 892 ,,πρὶν
303 836 389 892 γὰρ
431 835 461 892 ἦ
500 838 703 892 συμμίξαι
731 835 883 892 ἡμέας,
929 837 972 888 ἐς
994 838 1153 892 χειρῶν
1180 851 1225 879 τε
1260 835 1401 891 νόμον

132 903 416 960 ,,ἆπικέσθαι,
464 906 537 948 καὶ
575 905 628 960 δή
669 903 913 961 φεύγοντας
949 904 1023 948 καὶ
1071 903 1223 948 στάσιν
1268 904 1400 947 έκλεί-

129 990 318 1026 ,,ποντας
345 972 479 1029 ὑμέας
507 975 701 1028 εἴδομεν,
742 972 790 1015 ἐν
813 970 1086 1030 Ἀθηναίοισί
1113 988 1159 1016 τε
1186 972 1265 1029 τὴν
1293 970 1396 1026 πρό·
1410 978 1456 1012 60

130 1057 315 1096 ,,πειραν
345 1041 659 1095 ποιευμένους,
689 1038 851 1091 αὐτούς
879 1056 923 1084 τε
952 1038 1077 1083 ἀντία
1106 1039 1282 1084 δούλων
1310 1042 1400 1083 τῶν

102 1108 377 1166 4,,ἡμετέρων
413 1109 716 1163 τασσομένους.
784 1111 923 1151 ταῦτα
966 1106 1171 1164 οὐδαμῶς
1222 1107 1398 1163 ἀνδρῶν

131 1177 341 1232 ,,οἶγαθῶν
372 1177 500 1231 ἔργα·
538 1175 647 1218 ἀλλά
675 1180 879 1220 πλεῖστον
900 1176 952 1233 δὴ
983 1175 1032 1219 έν
1050 1175 1157 1232 ὑμῖν
1186 1175 1396 1232 ἐψεύσθη-

129 1262 245 1302 ,,μεν.
303 1242 648 1300 προσδεκόμενοι
675 1243 761 1300 γάρ
798 1246 909 1288 κατὰ
937 1245 1082 1297 κλέος,
1115 1241 1174 1296 ὦς
1204 1243 1258 1300 δή
1288 1242 1395 1299 πέμ-

131 1321 258 1366 „weng
306 1313 349 1364 ές
379 1311 512 1369 ἡμέας
559 1312 730 1368 κήρυκα
758 1313 1125 1369 προκαλεύμενοι,
1165 1312 1240 1356 καὶ
1288 1314 1452 1368 βου-65

129 1381 335 1437 ,,λόμενοι
399 1379 604 1436 μούνοισι
668 1380 864 1437 Πέρσῃσι
933 1381 1174 1437 μάχεσθαι·
1255 1379 1398 1434 ἄρτιοι

131 1450 299 1505 ,,έόντες
349 1450 512 1492 ποιέειν
567 1451 726 1498 ταῦτα,
784 1447 915 1492 οὐδὲν
963 1451 1139 1491 τοιοῦτο
1190 1446 1396 1503 λέγοντας

100 1517 295 1574 5,,ὖμέας
341 1516 549 1573 εὕρομεν,
593 1513 701 1559 ἄλλοι
738 1515 1019 1567 πτώσσοντας
1054 1519 1238 1572 μᾶλλον.
1296 1517 1400 1558 Νῦν

130 1581 224 1640 „c3'v
263 1585 409 1641 ἐπειδή
447 1582 532 1629 οὐκ
571 1581 694 1641 ὑμεῖς
731 1583 886 1640 ἤρξατε
926 1583 1087 1629 τούτου
1123 1587 1206 1628 τοῦ
1244 1583 1396 1639 λόγου,

11 376 77 422 48

249 1739 343 1789 Cap.
371 1737 543 1773 XLV111.

126 1815 465 1871 ἐκπαγλεομένων]
498 1813 610 1852 Conf.
633 1819 733 1851 nott.

72 1876 210 1924 adVII,
234 1877 308 1916 181
334 1881 370 1910 et
387 1871 435 1909 ad
452 1884 558 1923 seqq.
572 1867 730 1909 οὔτε-

73 1930 164 1972 οὔτε
202 1953 250 1959 --
293 1945 333 1970 τε
370 1928 447 1967 vid.
489 1926 625 1965 Matth.
662 1928 730 1964 Gr.

73 1991 136 2027 Gr.
157 1991 194 2034 ξ.
216 1990 294 2029 626
324 1999 413 2037 pag.
442 1988 560 2026 1277.
588 1983 732 2021 Herod.

71 2047 101 2095 Ι,
126 2048 219 2086 160.
258 2044 510 2080 Locutiouem
532 2040 570 2087 ἐς
588 2042 731 2091 χειρῶν

71 2117 112 2142 τε
134 2099 260 2152 νόμον
277 2100 468 2148 attigimus
484 2096 532 2133 ad
551 2098 650 2143 VIII,
663 2098 730 2136 89.

128 2158 195 2198 καὶ
212 2152 349 2196 στάσιν
359 2152 617 2203 ἐκλείποντες]
637 2148 730 2190 στά-

72 2228 135 2256 σιν
165 2227 254 2252 cnm
284 2209 502 2260 Schweigh.
541 2217 577 2246 et
610 2209 726 2246 Gaisf.

69 2272 300 2324 reposuipro
320 2264 444 2315 τάξιν,
462 2265 565 2318 quod
586 2264 728 2303 Schue-

68 2332 189 2377 ferus,
212 2318 329 2380 qnem
347 2322 483 2361 Matth.
505 2331 542 2359 et
562 2322 730 2359 Beklzer.

68 2392 301 2439 sequuntur,
332 2381 496 2419 duorum
524 2379 636 2418 codd.
658 2392 730 2416 au-

70 2445 240 2482 ctoritate
276 2442 392 2477 fretus
432 2439 597 2475 retinuit.
665 2437 731 2473 Tu

69 2500 146 2540 vid.
176 2505 270 2537 nott.
314 2495 361 2532 ad
381 2496 459 2542 IX,
489 2497 557 2534 21.
578 2515 635 2522 —
668 2492 731 2529 Ad

68 2570 204 2597 vocem
232 2549 387 2594 δούλων
429 2552 530 2589 conf.
556 2557 653 2587 nott.
682 2549 731 2587 ad

69 2616 159 2663 VII,
179 2614 219 2655 5.
243 2633 299 2639 —
319 2605 417 2648 κατοὲ
454 2606 564 2654 κλέος
595 2607 723 2644 valet:

67 2685 130 2722 pro
163 2682 275 2708 eorum
316 2667 433 2716 gloria
469 2678 498 2701 s.
526 2665 565 2701 ob
610 2676 724 2700 eorum

71 2728 242 2776 gloriamz,
294 2736 410 2776 quam
458 2723 535 2759 ssim
583 2718 724 2756 habere

72 2783 384 2835 praepositionem
423 2775 522 2818 κατοὶ
561 2776 725 2816 vldImus

73 2841 178 2888 vm,
209 2841 272 2881 30.
301 2838 378 2887 lx,
398 2838 462 2878 33.

844 1696 1085 1753 βουλόμενοι
1123 1696 1310 1752 μούνοισι
1344 1696 1453 1751 Πέρ-

788 1758 913 1810 σῃσι]
962 1753 1151 1808 μούνοισι
1191 1756 1321 1807 scripti
1358 1755 1450 1793 dant

785 1815 885 1851 libri.
952 1813 1064 1851 Unde
1108 1815 1254 1865 μοῦνοι
1290 1813 1448 1860 venerit,

787 1870 968 1923 equidem
1006 1871 1161 1907 nescio:
1213 1882 1449 1921 quamquam

786 1929 941 1979 vulgato
963 1926 1003 1964 id
1032 1928 1153 1978 aptius
1187 1926 1337 1963 videtur
1358 1926 1448 1963 Val-

786 1984 1004 2022 ckeuaerio.
1052 1984 1200 2020 Koenio
1220 1984 1260 2018 in
1276 1988 1447 2019 mentem

786 2048 964 2079 venerat:
1025 2038 1264 2093 βουλόμενοι
1299 2041 1444 2090 μοῦνοι

785 2093 997 2148 μούνοισι,
1046 2095 1150 2133 haud
1209 2096 1444 2145 ineleganter

783 2153 958 2206 quidem,
1004 2165 1241 2204 quamquain
1272 2153 1339 2188 vix
1372 2164 1444 2186 ne-

780 2211 951 2247 cessarie.
969 2231 1026 2237 —
1053 2208 1115 2245 Ad
1133 2221 1294 2260 sequens
1316 2204 1448 2257 ἄρτιοι

782 2266 859 2305 vid.
881 2273 976 2304 nott.
998 2264 1047 2302 ad
1066 2267 1145 2313 IX,
1178 2267 1244 2305 27.
1274 2264 1446 2302 Verbum

786 2321 982 2363 πτώσσειν
1021 2322 1297 2373 significatione
1342 2319 1447 2357 haud

789 2380 914 2417 differt
930 2376 1166 2430 ᾶπτήσσειν,
1188 2379 1228 2415 iu
1246 2390 1321 2430 quo
1338 2390 1448 2427 expa-

786 2437 947 2475 vescendi
973 2437 1070 2474 inest
1104 2436 1232 2483 notio,
1271 2434 1449 2471 translata

788 2495 835 2531 ab
877 2494 1029 2542 avibus,
1073 2505 1170 2545 quae
1206 2505 1295 2543 prae
1341 2497 1447 2529 metu

788 2552 865 2588 alas
888 2550 1103 2588 demittunt.
1124 2547 1211 2588 Vid.
1230 2545 1446 2584 Blomfield.

782 2609 945 2645 Glossar.
966 2606 1015 2643 ad
1034 2603 1213 2657 Aeschyl.
1243 2602 1439 2641 Prometh.

779 2666 833 2704 29
855 2671 892 2700 et
911 2670 1008 2703 nott.
1030 2661 1079 2699 ad
1093 2660 1334 2713 Philopoem.
1349 2673 1439 2711 pag.

779 2719 847 2762 47.
882 2742 938 2747 —
998 2717 1060 2756 Ad
1111 2732 1222 2757 voces
1267 2714 1438 2765 δεδόξω-

780 2780 856 2815 σθε
887 2771 989 2816 εἶναι
1017 2772 1170 2829 ἄριστοι
1215 2775 1317 2815 conf.
1354 2775 1436 2822 VII,

779 2831 874 2875 135.
