1879 3222
96 910 244 941 Numerus
268 919 297 942 et
322 927 370 945 ar-

95 950 212 974 matura
235 950 369 980 militum.

433 142 516 182 250

403 255 425 288 7
442 249 531 297 δὲες
558 247 847 301 τετρακόσιοι·
877 247 1044 292 τούτων
1059 250 1126 298 δὲ.
1160 251 1512 307 Ἀμπρακιητέων
1527 266 1679 308 πεντη-
1735 261 1815 300 706

827 140 1280 179 HERODOTI

430 315 573 358 κόσιοι
606 315 722 370 ,μετὰ
743 315 788 359 δὲ
812 316 1002 368 τούτους.
1018 321 1272 362 Λευκαδίων
1287 321 1358 363 καὶ
1383 318 1680 375 Ἀνακτορίων
1692 329 1734 363 ἓι

431 381 679 426 ὀκτακόσιοι
710 383 911 427 ἕστασαν·
957 386 1127 429 τούτων
1167 388 1213 430 δὲ
1246 387 1455 442 ἐχόμενοι,
1503 389 1678 440 Παλέες,

400 457 420 489 8
434 451 477 491 οἱ
497 449 543 492 ἐκ
558 452 855 508 Κεφαλληνίης
867 452 1089 508 διηκόσιοι.
1121 455 1225 509 μετοέ
1243 456 1288 498 δὲ
1306 455 1488 505 τούτους
1503 457 1681 511 Αἰγινη-

426 516 536 559 τέων
563 520 838 574 πεντηκόσιοι
867 520 1119 576 ἐτάχθησαν.
1176 523 1292 575 παρὰ
1341 524 1386 567 δὲ
1422 522 1605 573 τούτους
1642 523 1733 566 ἐ-25

397 584 641 629 9τοὶσσοντο
672 590 913 642 Μεγαρέων
940 590 1176 643 τρισχίλιοι.
1233 591 1396 644 εἴχοντο
1426 591 1471 634 δὲ
1498 590 1680 645 τούτων,

428 653 662 705 Πλαταιέες
691 654 915 705 ἑξακόσιοι.

972 660 1208 698 τελευταῖοι
1238 657 1284 700 δὲ
1319 659 1392 700 καὶ
1419 663 1582 713 πρῶτοι
1610 659 1676 702 'A-

426 725 606 774 θηναῖοι
635 721 1021 777 ἐτασσοντο,κὲρας
1045 724 1209 778 ἔχοντες
1237 724 1285 767 τό
1301 724 1542 780 εὐώνυμον,
1555 727 1677 771 ὀκτα-

425 791 646 844 κισχίλιοι·
705 789 956 846 ἐστρατήγεε
998 790 1032 834 δ’
1062 790 1207 834 αὐτῶν
1240 790 1508 848 Ἀριστείδης
1531 793 1553 837 ὁ
1584 801 1675 838 Λυ-

309 854 374 899 29
433 855 627 910 σιμάχου.
686 852 836 908 Οὗτοι,
873 858 984 914 πλὴν
1013 864 1100 901 τῶν
1134 859 1236 902 ἑπτὰ
1276 861 1373 915 περὶ
1410 860 1592 904 ἕκαστον
1620 870 1731 905 τε-30

363 1139 446 1179 bus.
467 1141 635 1178 Retinuit
646 1149 772 1180 tamen
781 1151 864 1195 post
875 1143 1021 1182 Schne-

364 1196 491 1232 ferum
510 1197 706 1240 Matthiae,

419 1269 769 1329 Ἀμπρακιητέων]
800 1281 856 1316 De
871 1281 1019 1317 Ambra-

363 1331 465 1367 ciotz's
496 1333 598 1370 conf.
632 1335 730 1382 VIII,
751 1334 817 1380 45,
849 1336 895 1373 de
916 1337 1020 1374 Leu-

363 1387 478 1429 cadiis
489 1390 587 1437 VIII,
597 1388 663 1430 45.
683 1391 750 1433 47.
778 1394 1019 1443 Anactorium,

361 1444 465 1480 unde
497 1447 706 1497 Αηατίονίί,
746 1461 768 1485 a
818 1449 1020 1487 Corinthiis

362 1501 456 1537 olim
477 1503 674 1541 conditum
709 1512 745 1543 et
781 1514 912 1557 postea
942 1509 1019 1545 Co-

361 1556 509 1595 rinthiis
535 1567 649 1611 atque
671 1562 886 1614 Corcyraeis
911 1579 1019 1602 com-

361 1624 504 1661 mune,
565 1618 661 1652 mari
718 1618 914 1657 adiacebat
969 1620 1017 1657 ad

360 1670 500 1706 ostium
529 1672 631 1709 sinus
661 1674 895 1720 Ambrae-ici,
942 1689 1016 1726 quo

359 1725 445 1762 loco
472 1740 575 1764 nunc
594 1729 673 1765 fere
692 1731 806 1766 situm
827 1745 905 1768 esse
922 1731 1019 1769 dici-

361 1787 424 1817 tur
453 1784 656 1833 oppidum!
677 1786 841 1828 I'onz‘zza.
914 1789 1016 1825 Ante

358 1837 449 1874 belli
487 1841 802 1891 Peloponnesiaci
844 1850 1016 1895 tempora

358 1894 399 1930 in
423 1895 706 1934 Corinthiorum
734 1898 885 1936 devenit
905 1909 1016 1951 pote-

359 1957 515 1999 statem3
545 1953 611 1990 sed
631 1967 724 1991 mox
745 1956 790 1992 ab
804 1956 1016 1993 Athenien-

358 2007 458 2043 sibus
480 2017 588 2059 capta
613 2011 659 2046 ab
676 2024 720 2047 eo
743 2011 831 2048 inde
845 2020 1015 2064 tempore

357 2066 479 2113 magis
501 2067 698 2118 magisque
729 2067 914 2116 decrevit,
945 2069 1015 2106 do-

358 2133 429 2156 nec
450 2122 647 2172 Nicopolin
670 2125 808 2162 incolas
828 2127 1016 2164 transtulit

365 2177 572 2227 Angustus.
629 2181 762 2231 Neque
783 2184 884 2218 enim
897 2186 1011 2233 longe

358 2230 448 2270 hinc
494 2234 603 2271 distat
639 2237 791 2284 Actium,
829 2239 928 2290 quod
964 2239 1012 2276 ad

356 2289 471 2340 ipsius
492 2293 686 2328 Anactorii
716 2292 898 2330 ditionem
919 2296 1010 2332 olim

356 2348 548 2396 pertinuit.
588 2349 697 2385 Conf.
718 2351 905 2388 Munnert.
925 2353 1012 2388 vlll

358 2415 394 2452 p.
418 2406 470 2444 67
493 2419 569 2457 seq.
626 2407 760 2458 Poppo
785 2407 834 2445 ad
851 2407 1009 2460 Thucy-

358 2458 433 2496 did.
454 2463 484 2509 1,
500 2465 525 2502 2
546 2476 585 2513 p.
609 2463 701 2504 150.

399 2554 548 2602 Παλέες
558 2553 649 2593 οἷέκ
663 2554 1009 2605 Κεφαλληνίης]Ιιι

358 2606 601 2659 Cephallenia
622 2610 743 2647 insulsi
766 2619 896 2662 quarta
918 2614 1005 2652 urbs

355 2673 510 2702 vocatur
547 2662 674 2716 Πάλη,
715 2670 869 2719 eiusque
908 2671 1007 2709 cives

356 2723 501 2769 Παλεῖς
519 2736 550 2759 s.
565 2724 691 2760 lonico
714 2724 862 2773 ’Παλέες
882 2734 920 2764 et
934 2729 1006 2765 At-

427 924 649 977 ταγμένων
675 924 986 982 Σπαρτιήτῃσι,
1016 922 1128 982 ἦσαν
1156 926 1345 971 ὁπλῖται·

1406 929 1677 982 συνάπαντες

1075 1147 1150 1184 tice
1181 1150 1338 1200 Παλῆς,
1380 1156 1421 1187 ut
1444 1149 1545 1200 apud
1567 1148 1731 1202 Thucy-

1077 1203 1155 1240 did.
1175 1207 1204 1251 Ι,
1226 1210 1279 1246 27
1297 1207 1381 1244 coll.
1401 1208 1528 1244 wass.
1551 1206 1598 1244 ad
1620 1207 1730 1244 Thu-

1077 1260 1163 1311 cyd.
1186 1264 1232 1308 11,
1254 1266 1318 1310 30,
1339 1264 1507 1315 itemque
1539 1266 1730 1311 Παλαιεῖς

1075 1317 1177 1367 apud
1197 1320 1331 1370 Polyb.
1351 1321 1395 1367 V,
1414 1323 1436 1360 3
1459 1322 1495 1365 ξ.
1520 1318 1545 1358 4
1566 1321 1666 1368 (coll.
1683 1321 1728 1368 V,

1076 1374 1115 1414 5-
1152 1374 1251 1424 10),
1282 1376 1348 1412 ubi
1377 1376 1478 1413 conf.
1508 1374 1730 1426 Schweigh.

1076 1430 1360 1468 Corinthiorum
1390 1433 1578 1469 coloniam
1599 1432 1730 1471 dicunt

1075 1487 1188 1524 fuisse
1218 1487 1316 1525 hanc
1346 1490 1501 1537 urbem,
1533 1491 1657 1538 sitam,
1686 1497 1730 1527 ut

1076 1545 1324 1592 arbitrantur,
1355 1559 1472 1597 prope
1498 1547 1626 1583 vicum
1661 1546 1728 1583 Li-

1073 1603 1176 1650 xurz'‚
1208 1603 1272 1637 ubi
1303 1601 1426 1639 adhuc
1459 1605 1568 1640 unius
1607 1604 1729 1640 ferme

1073 1653 1190 1691 horae
1219 1658 1415 1694 intervallo
1448 1661 1580 1695 ruinae
1608 1672 1728 1710 quae-

1074 1710 1162 1747 dam
1171 1725 1362 1762 superesse
1376 1713 1553 1752 dicuntur
1572 1718 1728 1752 nomine

1072 1768 1180 1804 solito
1213 1768 1498 1807 Palaeo-Custro
1526 1785 1555 1808 s.
1583 1772 1728 1810 Palicln‘

1073 1826 1257 1874 cognitae.
1294 1827 1404 1863 Conf.
1425 1829 1725 1878 Mannert.V111,

1071 1893 1109 1931 p.
1131 1883 1197 1921 91.
1226 1883 1359 1932 Poppo
1380 1884 1408 1929 I,
1431 1886 1456 1923 2
1477 1897 1514 1934 p.
1542 1884 1630 1925 153.

1125 1931 1398 1988 Ἀριστείδης]
1442 1941 1609 1976 Pertinet
1649 1939 1727 1978 huo

1071 1992 1266 2030 Plutarchi
1286 1995 1389 2031 locus
1410 1996 1447 2031 in
1467 1995 1618 2035 Aristid.
1641 2010 1725 2048 cap.

1075 2051 1120 2087 11
1137 2051 1344 2097 scribentis,
1367 2052 1570 2089 Aristidem
1582 2052 1630 2090 ad
1643 2054 1725 2090 bel-

1069 2105 1150 2141 lum
1171 2107 1283 2143 fuisse
1301 2109 1462 2144 electum
1483 2105 1724 2160 αὐτοκράτο-

1070 2177 1131 2212 ρα,
1153 2165 1325 2199 assumtis
1355 2171 1439 2200 octo
1470 2166 1572 2201 mille
1600 2168 1723 2216 gravis

1069 2226 1280 2254 armaturae
1310 2221 1501 2260 militibus.
1559 2223 1608 2258 Et
1629 2236 1723 2259 con-

1067 2274 1125 2310 ser
1143 2275 1190 2311 sis
1204 2288 1356 2328 quoque
1374 2277 1610 2315 Herodotum
1622 2280 1720 2328 VIII,

1068 2333 1136 2372 79.

1265 2422 1357 2473 cap.
1378 2423 1525 2459 XXIX.

1122 2497 1396 2552 συνάπαντες]
1435 2505 1491 2540 Ita
1520 2516 1541 2539 e
1570 2501 1717 2541 duobus

1064 2556 1174 2597 codd.
1208 2560 1343 2596 merito
1391 2566 1609 2597 revocatum
1646 2573 1716 2610 pro

1065 2611 1300 2663 σύμπαντες.
1331 2615 1416 2652 vid.
1446 2614 1589 2663 1,134.
1624 2618 1715 2656 178.

1062 2671 1142 2718 Vll,
1186 2674 1274 2712 187.
1339 2671 1399 2708 Ad
1448 2678 1712 2721 argumentum

1062 2727 1135 2765 loci
1166 2728 1263 2765 bene
1287 2729 1339 2766 sic
1378 2728 1612 2767 Valcken.:
1643 2731 1714 2778 „lu
