<?xml version="1.0" encoding="UTF-8"?>
<!DOCTYPE html PUBLIC "-//W3C//DTD XHTML 1.0 Transitional//EN"
    "http://www.w3.org/TR/xhtml1/DTD/xhtml1-transitional.dtd">
<html xmlns="http://www.w3.org/1999/xhtml" xml:lang="en" lang="en">
 <head>
  <title>
</title>
<meta http-equiv="Content-Type" content="text/html;charset=utf-8" />
  <meta name='ocr-system' content='tesseract 3.04.00' />
  <meta name='ocr-capabilities' content='ocr_page ocr_carea ocr_par ocr_line ocrx_word'/>
</head>
<body>
  <div class='ocr_page' id='page_1' title='image "./musaeherodoto04hero/musaeherodoto04hero_0087.png"; bbox 0 0 1996 3238; ppageno 0'>
   <div class='ocr_carea' id='block_1_1' title="bbox 3 172 9 920">
    <p class='ocr_par' dir='ltr' id='par_1_1' title="bbox 3 172 9 920">
     <span class='ocr_line' id='line_1_1' title="bbox 3 172 9 920; baseline 0 0"><span class='ocrx_word' id='word_1_1' title='bbox 3 172 9 920; x_wconf 95' lang='lat' dir='ltr'> </span> 
     </span>
    </p>
   </div>
   <div class='ocr_carea' id='block_1_2' title="bbox 6 172 12 920">
    <p class='ocr_par' dir='ltr' id='par_1_2' title="bbox 6 172 12 920">
     <span class='ocr_line' id='line_1_2' title="bbox 6 172 12 920; baseline 0 0"><span class='ocrx_word' id='word_1_2' title='bbox 6 172 12 920; x_wconf 95' lang='lat' dir='ltr'> </span> 
     </span>
    </p>
   </div>
   <div class='ocr_carea' id='block_1_3' title="bbox 0 177 10 920">
    <p class='ocr_par' dir='ltr' id='par_1_3' title="bbox 0 177 10 920">
     <span class='ocr_line' id='line_1_3' title="bbox 0 177 10 920; baseline 0 0"><span class='ocrx_word' id='word_1_3' title='bbox 0 177 10 920; x_wconf 95' lang='lat' dir='ltr'> </span> 
     </span>
    </p>
   </div>
   <div class='ocr_carea' id='block_1_4' title="bbox 0 916 12 1746">
    <p class='ocr_par' dir='ltr' id='par_1_4' title="bbox 0 916 12 1746">
     <span class='ocr_line' id='line_1_4' title="bbox 0 916 12 1746; baseline 0 0"><span class='ocrx_word' id='word_1_4' title='bbox 0 916 12 1746; x_wconf 95' lang='lat' dir='ltr'> </span> 
     </span>
    </p>
   </div>
   <div class='ocr_carea' id='block_1_5' title="bbox 0 1742 9 2921">
    <p class='ocr_par' dir='ltr' id='par_1_5' title="bbox 0 1742 9 2921">
     <span class='ocr_line' id='line_1_5' title="bbox 0 1742 9 2921; baseline 0 0"><span class='ocrx_word' id='word_1_5' title='bbox 0 1742 9 2921; x_wconf 95' lang='lat' dir='ltr'> </span> 
     </span>
    </p>
   </div>
   <div class='ocr_carea' id='block_1_6' title="bbox 662 165 1013 205">
    <p class='ocr_par' dir='ltr' id='par_1_6' title="bbox 662 165 1013 205">
     <span class='ocr_line' id='line_1_6' title="bbox 662 165 1013 205; baseline 0.011 -5"><span class='ocrx_word' id='word_1_6' title='bbox 662 165 1013 205; x_wconf 86' lang='lat' dir='ltr'>URANIA.</span> 
     </span>
    </p>
   </div>
   <div class='ocr_carea' id='block_1_7' title="bbox 1075 166 1571 208">
    <p class='ocr_par' dir='ltr' id='par_1_7' title="bbox 1075 166 1571 208">
     <span class='ocr_line' id='line_1_7' title="bbox 1075 166 1571 208; baseline 0.016 -8"><span class='ocrx_word' id='word_1_7' title='bbox 1075 166 1206 203; x_wconf 92' lang='lat' dir='ltr'>VIII.</span> <span class='ocrx_word' id='word_1_8' title='bbox 1514 167 1571 208; x_wconf 73' lang='lat'>77</span> 
     </span>
    </p>
   </div>
   <div class='ocr_carea' id='block_1_8' title="bbox 271 270 1569 398">
    <p class='ocr_par' dir='ltr' id='par_1_8' title="bbox 271 270 1569 398">
     <span class='ocr_line' id='line_1_8' title="bbox 271 270 1569 332; baseline 0.002 -15"><span class='ocrx_word' id='word_1_9' title='bbox 271 280 419 319; x_wconf 69' lang='grc' dir='ltr'><em>Ξτοῖσι</em></span> <span class='ocrx_word' id='word_1_10' title='bbox 448 272 629 327; x_wconf 80' lang='grc' dir='ltr'><em>λόγοισι,</em></span> <span class='ocrx_word' id='word_1_11' title='bbox 666 270 740 315; x_wconf 85' lang='grc' dir='ltr'><em>οἷα</em></span> <span class='ocrx_word' id='word_1_12' title='bbox 769 270 907 326; x_wconf 76' lang='grc' dir='ltr'><em>κάρτα</em></span> <span class='ocrx_word' id='word_1_13' title='bbox 939 272 1157 329; x_wconf 83' lang='grc' dir='ltr'><em>δεόμενος.</em></span> <span class='ocrx_word' id='word_1_14' title='bbox 1188 276 1392 332; x_wconf 81' lang='grc' dir='ltr'><em>λέγοντος</em></span> <span class='ocrx_word' id='word_1_15' title='bbox 1427 275 1473 319; x_wconf 74' lang='grc' dir='ltr'>δὲ</span> <span class='ocrx_word' id='word_1_16' title='bbox 1492 273 1569 319; x_wconf 77' lang='grc' dir='ltr'><em>αὖ·</em></span> 
     </span>
     <span class='ocr_line' id='line_1_9' title="bbox 296 341 1567 398; baseline 0 -11"><span class='ocrx_word' id='word_1_17' title='bbox 296 347 398 396; x_wconf 85' lang='grc' dir='ltr'><em>τοῦ,</em></span> <span class='ocrx_word' id='word_1_18' title='bbox 435 341 457 385; x_wconf 88' lang='grc' dir='ltr'>ὁ</span> <span class='ocrx_word' id='word_1_19' title='bbox 490 343 735 395; x_wconf 80' lang='grc' dir='ltr'><em>Κορίνθιος</em></span> <span class='ocrx_word' id='word_1_20' title='bbox 766 342 1003 398; x_wconf 79' lang='grc' dir='ltr'><em>στρατηγὸς</em></span> <span class='ocrx_word' id='word_1_21' title='bbox 1029 341 1303 397; x_wconf 82' lang='grc' dir='ltr'><em>Ἀδείμαντος</em></span> <span class='ocrx_word' id='word_1_22' title='bbox 1332 342 1356 389; x_wconf 87' lang='grc' dir='ltr'>ὁ</span> <span class='ocrx_word' id='word_1_23' title='bbox 1376 342 1567 387; x_wconf 76' lang='grc' dir='ltr'><em>Ὠκύτου</em></span> 
     </span>
    </p>
   </div>
   <div class='ocr_carea' id='block_1_9' title="bbox 292 417 903 536">
    <p class='ocr_par' dir='ltr' id='par_1_9' title="bbox 292 417 903 536">
     <span class='ocr_line' id='line_1_10' title="bbox 296 417 406 456; baseline -0.027 0"><span class='ocrx_word' id='word_1_24' title='bbox 296 417 384 456; x_wconf 82' lang='grc' dir='ltr'><strong><em>εἰπε</em></strong></span> <span class='ocrx_word' id='word_1_25' title='bbox 396 424 406 434; x_wconf 88' lang='grc'><em>·</em></span> 
     </span>
     <span class='ocr_line' id='line_1_11' title="bbox 292 477 903 536; baseline 0 -13"><span class='ocrx_word' id='word_1_26' title='bbox 292 477 574 536; x_wconf 79' lang='grc' dir='ltr'><em>,,νιστοέμενοι</em></span> <span class='ocrx_word' id='word_1_27' title='bbox 605 479 903 535; x_wconf 76' lang='grc' dir='ltr'><em>ῥαπίζονται.“</em></span> 
     </span>
    </p>
   </div>
   <div class='ocr_carea' id='block_1_10' title="bbox 222 678 900 2854">
    <p class='ocr_par' dir='ltr' id='par_1_10' title="bbox 227 678 899 1809">
     <span class='ocr_line' id='line_1_12' title="bbox 236 678 869 730; baseline 0.008 -14"><span class='ocrx_word' id='word_1_28' title='bbox 236 678 489 717; x_wconf 87' lang='lat' dir='ltr'>Themistocl.</span> <span class='ocrx_word' id='word_1_29' title='bbox 525 681 571 720; x_wconf 88' lang='lat'>11</span> <span class='ocrx_word' id='word_1_30' title='bbox 607 692 696 730; x_wconf 81' lang='lat' dir='ltr'>pag.</span> <span class='ocrx_word' id='word_1_31' title='bbox 729 682 804 720; x_wconf 86' lang='lat'>117</span> <span class='ocrx_word' id='word_1_32' title='bbox 836 681 869 716; x_wconf 94' lang='lat' dir='ltr'>D</span> 
     </span>
     <span class='ocr_line' id='line_1_13' title="bbox 235 737 899 790; baseline -0.002 -15"><span class='ocrx_word' id='word_1_33' title='bbox 235 737 574 790; x_wconf 78' lang='lat' dir='ltr'>ubIEur-ybiadem</span> <span class='ocrx_word' id='word_1_34' title='bbox 597 737 688 774; x_wconf 72' lang='lat' dir='ltr'>dieti</span> <span class='ocrx_word' id='word_1_35' title='bbox 708 745 818 775; x_wconf 87' lang='lat' dir='ltr'>vocat</span> <span class='ocrx_word' id='word_1_36' title='bbox 829 751 899 774; x_wconf 84' lang='lat' dir='ltr'>au-</span> 
     </span>
     <span class='ocr_line' id='line_1_14' title="bbox 234 793 900 843; baseline -0.002 -11"><span class='ocrx_word' id='word_1_37' title='bbox 234 802 398 843; x_wconf 78' lang='lat' dir='ltr'>ctorem,</span> <span class='ocrx_word' id='word_1_38' title='bbox 420 808 499 831; x_wconf 91' lang='lat' dir='ltr'>non</span> <span class='ocrx_word' id='word_1_39' title='bbox 520 793 784 842; x_wconf 81' lang='lat' dir='ltr'><strong>Adimantum,</strong></span> <span class='ocrx_word' id='word_1_40' title='bbox 812 796 900 833; x_wconf 86' lang='lat' dir='ltr'>coll.</span> 
     </span>
     <span class='ocr_line' id='line_1_15' title="bbox 232 851 897 904; baseline 0.003 -15"><span class='ocrx_word' id='word_1_41' title='bbox 232 851 566 904; x_wconf 82' lang='lat' dir='ltr'>Apophthegmm.</span> <span class='ocrx_word' id='word_1_42' title='bbox 604 854 641 888; x_wconf 91' lang='lat' dir='ltr'>II</span> <span class='ocrx_word' id='word_1_43' title='bbox 679 865 767 903; x_wconf 83' lang='lat' dir='ltr'>pag.</span> <span class='ocrx_word' id='word_1_44' title='bbox 803 853 897 895; x_wconf 76' lang='lat'>185.</span> 
     </span>
     <span class='ocr_line' id='line_1_16' title="bbox 234 908 899 955; baseline 0.002 -9"><span class='ocrx_word' id='word_1_45' title='bbox 234 909 345 955; x_wconf 84' lang='lat' dir='ltr'>Quod</span> <span class='ocrx_word' id='word_1_46' title='bbox 377 923 467 947; x_wconf 87' lang='lat' dir='ltr'>vero</span> <span class='ocrx_word' id='word_1_47' title='bbox 497 908 601 946; x_wconf 82' lang='lat' dir='ltr'>addit</span> <span class='ocrx_word' id='word_1_48' title='bbox 627 908 854 946; x_wconf 79' lang='lat' dir='ltr'><strong>Plutarchus</strong></span> <span class='ocrx_word' id='word_1_49' title='bbox 877 924 899 947; x_wconf 87' lang='lat' dir='ltr'>a</span> 
     </span>
     <span class='ocr_line' id='line_1_17' title="bbox 232 966 898 1018; baseline -0.002 -14"><span class='ocrx_word' id='word_1_50' title='bbox 232 966 495 1004; x_wconf 84' lang='lat' dir='ltr'>Themistocle</span> <span class='ocrx_word' id='word_1_51' title='bbox 522 980 748 1017; x_wconf 85' lang='lat' dir='ltr'>responsum</span> <span class='ocrx_word' id='word_1_52' title='bbox 768 968 898 1018; x_wconf 84' lang='lat' dir='ltr'>Eury—</span> 
     </span>
     <span class='ocr_line' id='line_1_18' title="bbox 231 1021 897 1063; baseline 0.003 -2"><span class='ocrx_word' id='word_1_53' title='bbox 231 1024 334 1062; x_wconf 88' lang='lat' dir='ltr'>biadi</span> <span class='ocrx_word' id='word_1_54' title='bbox 358 1025 540 1061; x_wconf 88' lang='lat' dir='ltr'>baculum</span> <span class='ocrx_word' id='word_1_55' title='bbox 571 1025 780 1061; x_wconf 76' lang='lat' dir='ltr'>attollenti:</span> <span class='ocrx_word' id='word_1_56' title='bbox 814 1021 897 1063; x_wconf 75' lang='grc' dir='ltr'>ποῖ-</span> 
     </span>
     <span class='ocr_line' id='line_1_19' title="bbox 230 1077 895 1133; baseline 0 -12"><span class='ocrx_word' id='word_1_57' title='bbox 230 1083 351 1130; x_wconf 78' lang='grc' dir='ltr'><em>ταξον</em></span> <span class='ocrx_word' id='word_1_58' title='bbox 373 1078 446 1133; x_wconf 80' lang='grc' dir='ltr'><em>μὲν</em></span> <span class='ocrx_word' id='word_1_59' title='bbox 478 1082 576 1129; x_wconf 78' lang='grc' dir='ltr'><em>οὐν,</em></span> <span class='ocrx_word' id='word_1_60' title='bbox 608 1077 741 1130; x_wconf 71' lang='grc' dir='ltr'><em>εἶπεν,</em></span> <span class='ocrx_word' id='word_1_61' title='bbox 773 1078 895 1121; x_wconf 71' lang='grc' dir='ltr'><em>ἄκου-</em></span> 
     </span>
     <span class='ocr_line' id='line_1_20' title="bbox 231 1112 895 1191; baseline -0.005 -12"><span class='ocrx_word' id='word_1_62' title='bbox 231 1151 304 1179; x_wconf 84' lang='grc' dir='ltr'><em>σον</em></span> <span class='ocrx_word' id='word_1_63' title='bbox 335 1136 392 1187; x_wconf 80' lang='grc' dir='ltr'>δὲ,</span> <span class='ocrx_word' id='word_1_64' title='bbox 434 1137 474 1175; x_wconf 89' lang='lat' dir='ltr'>id</span> <span class='ocrx_word' id='word_1_65' title='bbox 497 1151 516 1174; x_wconf 87' lang='lat' dir='ltr'>a</span> <span class='ocrx_word' id='word_1_66' title='bbox 537 1112 706 1189; x_wconf 84' lang='lat' dir='ltr'>pluribus</span> <span class='ocrx_word' id='word_1_67' title='bbox 740 1152 895 1191; x_wconf 82' lang='lat' dir='ltr'>quoque</span> 
     </span>
     <span class='ocr_line' id='line_1_21' title="bbox 230 1198 898 1247; baseline 0.001 -15"><span class='ocrx_word' id='word_1_68' title='bbox 230 1198 310 1233; x_wconf 87' lang='lat' dir='ltr'>aliis</span> <span class='ocrx_word' id='word_1_69' title='bbox 337 1203 597 1233; x_wconf 85' lang='lat' dir='ltr'>memoratum</span> <span class='ocrx_word' id='word_1_70' title='bbox 628 1210 717 1233; x_wconf 86' lang='lat' dir='ltr'>cum</span> <span class='ocrx_word' id='word_1_71' title='bbox 747 1198 898 1247; x_wconf 78' lang='lat' dir='ltr'>ignoret</span> 
     </span>
     <span class='ocr_line' id='line_1_22' title="bbox 229 1252 897 1302; baseline 0.003 -12"><span class='ocrx_word' id='word_1_72' title='bbox 229 1253 460 1302; x_wconf 82' lang='lat' dir='ltr'>Herodotus,</span> <span class='ocrx_word' id='word_1_73' title='bbox 482 1252 587 1290; x_wconf 79' lang='lat' dir='ltr'>haud</span> <span class='ocrx_word' id='word_1_74' title='bbox 607 1255 685 1290; x_wconf 84' lang='lat' dir='ltr'>scio</span> <span class='ocrx_word' id='word_1_75' title='bbox 708 1268 755 1290; x_wconf 78' lang='lat' dir='ltr'>an</span> <span class='ocrx_word' id='word_1_76' title='bbox 778 1256 897 1292; x_wconf 86' lang='lat' dir='ltr'>serius</span> 
     </span>
     <span class='ocr_line' id='line_1_23' title="bbox 229 1311 896 1350; baseline 0 -2"><span class='ocrx_word' id='word_1_77' title='bbox 229 1311 439 1348; x_wconf 87' lang='lat' dir='ltr'>confictum</span> <span class='ocrx_word' id='word_1_78' title='bbox 487 1312 697 1347; x_wconf 80' lang='lat' dir='ltr'>existimari</span> <span class='ocrx_word' id='word_1_79' title='bbox 746 1311 896 1350; x_wconf 85' lang='lat' dir='ltr'>debeat.</span> 
     </span>
     <span class='ocr_line' id='line_1_24' title="bbox 229 1367 898 1420; baseline 0.001 -15"><span class='ocrx_word' id='word_1_80' title='bbox 229 1370 328 1415; x_wconf 78' lang='lat' dir='ltr'>Quin</span> <span class='ocrx_word' id='word_1_81' title='bbox 356 1370 481 1420; x_wconf 84' lang='lat' dir='ltr'>ipsum</span> <span class='ocrx_word' id='word_1_82' title='bbox 504 1367 608 1405; x_wconf 84' lang='lat' dir='ltr'>hunc</span> <span class='ocrx_word' id='word_1_83' title='bbox 631 1368 816 1406; x_wconf 80' lang='lat' dir='ltr'>Herodoti</span> <span class='ocrx_word' id='word_1_84' title='bbox 836 1370 898 1406; x_wconf 88' lang='lat' dir='ltr'>lo-</span> 
     </span>
     <span class='ocr_line' id='line_1_25' title="bbox 227 1426 897 1463; baseline 0 0"><span class='ocrx_word' id='word_1_85' title='bbox 227 1439 318 1463; x_wconf 89' lang='lat' dir='ltr'>cum</span> <span class='ocrx_word' id='word_1_86' title='bbox 353 1427 582 1463; x_wconf 78' lang='lat' dir='ltr'>narrationis</span> <span class='ocrx_word' id='word_1_87' title='bbox 620 1426 726 1463; x_wconf 91' lang='lat' dir='ltr'>istius</span> <span class='ocrx_word' id='word_1_88' title='bbox 764 1439 897 1463; x_wconf 82' lang='lat' dir='ltr'>ansam</span> 
     </span>
     <span class='ocr_line' id='line_1_26' title="bbox 227 1481 896 1531; baseline 0 -10"><span class='ocrx_word' id='word_1_89' title='bbox 227 1483 376 1521; x_wconf 87' lang='lat' dir='ltr'>dedisse</span> <span class='ocrx_word' id='word_1_90' title='bbox 395 1514 404 1531; x_wconf 58' lang='lat'><strong>7</strong></span> <span class='ocrx_word' id='word_1_91' title='bbox 464 1481 570 1520; x_wconf 82' lang='lat' dir='ltr'>haud</span> <span class='ocrx_word' id='word_1_92' title='bbox 623 1484 725 1519; x_wconf 84' lang='lat' dir='ltr'>male</span> <span class='ocrx_word' id='word_1_93' title='bbox 767 1485 896 1521; x_wconf 77' lang='lat' dir='ltr'>statuit</span> 
     </span>
     <span class='ocr_line' id='line_1_27' title="bbox 228 1539 896 1578; baseline 0 -1"><span class='ocrx_word' id='word_1_94' title='bbox 228 1539 448 1578; x_wconf 84' lang='lat' dir='ltr'>Blomfield.</span> <span class='ocrx_word' id='word_1_95' title='bbox 478 1542 517 1576; x_wconf 90' lang='lat' dir='ltr'>in</span> <span class='ocrx_word' id='word_1_96' title='bbox 540 1540 703 1577; x_wconf 86' lang='lat' dir='ltr'>Glossar.</span> <span class='ocrx_word' id='word_1_97' title='bbox 736 1539 784 1577; x_wconf 84' lang='lat' dir='ltr'>ad</span> <span class='ocrx_word' id='word_1_98' title='bbox 813 1541 896 1577; x_wconf 89' lang='lat' dir='ltr'>Ae-</span> 
     </span>
     <span class='ocr_line' id='line_1_28' title="bbox 227 1597 895 1650; baseline -0.001 -15"><span class='ocrx_word' id='word_1_99' title='bbox 227 1597 348 1650; x_wconf 86' lang='lat' dir='ltr'>schyl.</span> <span class='ocrx_word' id='word_1_100' title='bbox 365 1599 470 1634; x_wconf 84' lang='lat' dir='ltr'>Pers.</span> <span class='ocrx_word' id='word_1_101' title='bbox 492 1599 587 1638; x_wconf 82' lang='grc'>728.</span> <span class='ocrx_word' id='word_1_102' title='bbox 637 1598 771 1649; x_wconf 81' lang='lat' dir='ltr'>Itaque</span> <span class='ocrx_word' id='word_1_103' title='bbox 791 1599 895 1634; x_wconf 87' lang='lat' dir='ltr'>iniu-</span> 
     </span>
     <span class='ocr_line' id='line_1_29' title="bbox 228 1652 895 1707; baseline 0 -15"><span class='ocrx_word' id='word_1_104' title='bbox 228 1657 283 1692; x_wconf 89' lang='lat' dir='ltr'>ria</span> <span class='ocrx_word' id='word_1_105' title='bbox 318 1656 478 1692; x_wconf 84' lang='lat' dir='ltr'>miratur</span> <span class='ocrx_word' id='word_1_106' title='bbox 512 1652 745 1703; x_wconf 72' lang='lat' dir='ltr'>Lare-herus,</span> <span class='ocrx_word' id='word_1_107' title='bbox 789 1654 895 1707; x_wconf 86' lang='lat' dir='ltr'>quod</span> 
     </span>
     <span class='ocr_line' id='line_1_30' title="bbox 228 1711 895 1750; baseline -0.001 0"><span class='ocrx_word' id='word_1_108' title='bbox 228 1713 316 1750; x_wconf 86' lang='lat' dir='ltr'>talia</span> <span class='ocrx_word' id='word_1_109' title='bbox 348 1713 496 1750; x_wconf 87' lang='lat' dir='ltr'>silentio</span> <span class='ocrx_word' id='word_1_110' title='bbox 521 1711 738 1750; x_wconf 83' lang='lat' dir='ltr'>Herodotus</span> <span class='ocrx_word' id='word_1_111' title='bbox 769 1719 895 1750; x_wconf 84' lang='lat' dir='ltr'>trans-</span> 
     </span>
     <span class='ocr_line' id='line_1_31' title="bbox 227 1771 384 1809; baseline 0.013 -2"><span class='ocrx_word' id='word_1_112' title='bbox 227 1771 384 1809; x_wconf 81' lang='lat' dir='ltr'>miserit.</span> 
     </span>
    </p>

    <p class='ocr_par' dir='ltr' id='par_1_11' title="bbox 222 1822 894 2854">
     <span class='ocr_line' id='line_1_32' title="bbox 285 1822 892 1879; baseline -0.002 -12"><span class='ocrx_word' id='word_1_113' title='bbox 285 1827 326 1867; x_wconf 84' lang='grc' dir='ltr'>οἵ</span> <span class='ocrx_word' id='word_1_114' title='bbox 359 1822 765 1879; x_wconf 72' lang='grc' dir='ltr'>προεξανιστάμενοι]</span> <span class='ocrx_word' id='word_1_115' title='bbox 826 1828 892 1866; x_wconf 87' lang='lat' dir='ltr'>Sic</span> 
     </span>
     <span class='ocr_line' id='line_1_33' title="bbox 228 1883 892 1936; baseline -0.002 -14"><span class='ocrx_word' id='word_1_116' title='bbox 228 1884 428 1932; x_wconf 83' lang='lat' dir='ltr'>dicuntur,</span> <span class='ocrx_word' id='word_1_117' title='bbox 488 1891 646 1921; x_wconf 73' lang='lat' dir='ltr'>notante</span> <span class='ocrx_word' id='word_1_118' title='bbox 688 1883 892 1936; x_wconf 83' lang='lat' dir='ltr'>Schweig-</span> 
     </span>
     <span class='ocr_line' id='line_1_34' title="bbox 226 1941 893 1989; baseline 0.003 -11"><span class='ocrx_word' id='word_1_119' title='bbox 226 1941 412 1979; x_wconf 89' lang='lat' dir='ltr'>haeusero</span> <span class='ocrx_word' id='word_1_120' title='bbox 430 1972 439 1989; x_wconf 74' lang='grc'>,</span> <span class='ocrx_word' id='word_1_121' title='bbox 470 1942 508 1978; x_wconf 90' lang='lat' dir='ltr'>in</span> <span class='ocrx_word' id='word_1_122' title='bbox 530 1941 629 1978; x_wconf 88' lang='lat' dir='ltr'>ludis</span> <span class='ocrx_word' id='word_1_123' title='bbox 656 1943 893 1980; x_wconf 79' lang='lat' dir='ltr'>Grae-corum</span> 
     </span>
     <span class='ocr_line' id='line_1_35' title="bbox 227 2000 894 2051; baseline 0.004 -17"><span class='ocrx_word' id='word_1_124' title='bbox 227 2000 273 2047; x_wconf 80' lang='lat' dir='ltr'>ii,</span> <span class='ocrx_word' id='word_1_125' title='bbox 314 2000 380 2051; x_wconf 84' lang='lat' dir='ltr'>qui</span> <span class='ocrx_word' id='word_1_126' title='bbox 419 2006 507 2035; x_wconf 86' lang='lat' dir='ltr'>ante</span> <span class='ocrx_word' id='word_1_127' title='bbox 548 2000 691 2036; x_wconf 82' lang='lat' dir='ltr'>iustum</span> <span class='ocrx_word' id='word_1_128' title='bbox 727 2007 894 2051; x_wconf 83' lang='lat' dir='ltr'>tempus,</span> 
     </span>
     <span class='ocr_line' id='line_1_36' title="bbox 226 2055 894 2106; baseline 0.001 -13"><span class='ocrx_word' id='word_1_129' title='bbox 226 2056 267 2093; x_wconf 86' lang='lat' dir='ltr'>id</span> <span class='ocrx_word' id='word_1_130' title='bbox 299 2063 353 2093; x_wconf 85' lang='lat' dir='ltr'>est</span> <span class='ocrx_word' id='word_1_131' title='bbox 391 2062 479 2092; x_wconf 85' lang='lat' dir='ltr'>aute</span> <span class='ocrx_word' id='word_1_132' title='bbox 517 2056 670 2106; x_wconf 83' lang='lat' dir='ltr'>signum</span> <span class='ocrx_word' id='word_1_133' title='bbox 709 2055 842 2093; x_wconf 85' lang='lat' dir='ltr'>datum</span> <span class='ocrx_word' id='word_1_134' title='bbox 873 2071 894 2094; x_wconf 90' lang='lat' dir='ltr'>e</span> 
     </span>
     <span class='ocr_line' id='line_1_37' title="bbox 227 2113 891 2162; baseline 0.003 -13"><span class='ocrx_word' id='word_1_135' title='bbox 227 2114 442 2150; x_wconf 81' lang='lat' dir='ltr'>carceribus</span> <span class='ocrx_word' id='word_1_136' title='bbox 465 2120 687 2149; x_wconf 81' lang='lat' dir='ltr'>excurrunt.</span> <span class='ocrx_word' id='word_1_137' title='bbox 707 2113 795 2150; x_wconf 78' lang='lat' dir='ltr'>vid.</span> <span class='ocrx_word' id='word_1_138' title='bbox 821 2116 891 2162; x_wconf 86' lang='lat' dir='ltr'>IX,</span> 
     </span>
     <span class='ocr_line' id='line_1_38' title="bbox 227 2171 892 2211; baseline 0 -2"><span class='ocrx_word' id='word_1_139' title='bbox 227 2173 295 2211; x_wconf 88' lang='grc'>62.</span> <span class='ocrx_word' id='word_1_140' title='bbox 318 2172 420 2207; x_wconf 81' lang='lat' dir='ltr'>Plut.</span> <span class='ocrx_word' id='word_1_141' title='bbox 435 2171 550 2207; x_wconf 83' lang='lat' dir='ltr'>Rom.</span> <span class='ocrx_word' id='word_1_142' title='bbox 576 2171 624 2210; x_wconf 87' lang='lat'>15</span> <span class='ocrx_word' id='word_1_143' title='bbox 639 2171 726 2207; x_wconf 90' lang='lat' dir='ltr'>coll.</span> <span class='ocrx_word' id='word_1_144' title='bbox 746 2172 892 2210; x_wconf 88' lang='lat' dir='ltr'>Anton.</span> 
     </span>
     <span class='ocr_line' id='line_1_39' title="bbox 227 2225 889 2269; baseline 0.002 -5"><span class='ocrx_word' id='word_1_145' title='bbox 227 2231 279 2267; x_wconf 78' lang='lat'>63</span> <span class='ocrx_word' id='word_1_146' title='bbox 293 2228 359 2266; x_wconf 83' lang='lat' dir='ltr'>fin.</span> <span class='ocrx_word' id='word_1_147' title='bbox 375 2230 479 2264; x_wconf 77' lang='lat' dir='ltr'>Arat.</span> <span class='ocrx_word' id='word_1_148' title='bbox 492 2225 547 2265; x_wconf 74' lang='grc'>44</span> <span class='ocrx_word' id='word_1_149' title='bbox 567 2228 650 2263; x_wconf 81' lang='lat' dir='ltr'>init.</span> <span class='ocrx_word' id='word_1_150' title='bbox 664 2229 831 2265; x_wconf 85' lang='lat' dir='ltr'>Eumen.</span> <span class='ocrx_word' id='word_1_151' title='bbox 849 2232 889 2269; x_wconf 90' lang='lat'>7.</span> 
     </span>
     <span class='ocr_line' id='line_1_40' title="bbox 225 2284 893 2332; baseline 0.001 -10"><span class='ocrx_word' id='word_1_152' title='bbox 225 2284 416 2323; x_wconf 81' lang='lat' dir='ltr'>Themist.</span> <span class='ocrx_word' id='word_1_153' title='bbox 431 2287 447 2323; x_wconf 88' lang='lat'>1</span> <span class='ocrx_word' id='word_1_154' title='bbox 461 2288 495 2324; x_wconf 88' lang='lat'>1.</span> <span class='ocrx_word' id='word_1_155' title='bbox 509 2285 550 2319; x_wconf 88' lang='lat' dir='ltr'>In</span> <span class='ocrx_word' id='word_1_156' title='bbox 563 2284 697 2332; x_wconf 83' lang='lat' dir='ltr'>stadio,</span> <span class='ocrx_word' id='word_1_157' title='bbox 712 2287 762 2322; x_wconf 89' lang='lat' dir='ltr'>ait</span> <span class='ocrx_word' id='word_1_158' title='bbox 780 2285 846 2323; x_wconf 83' lang='lat' dir='ltr'>We</span> <span class='ocrx_word' id='word_1_159' title='bbox 858 2301 893 2323; x_wconf 80' lang='lat' dir='ltr'>s-</span> 
     </span>
     <span class='ocr_line' id='line_1_41' title="bbox 226 2339 892 2395; baseline 0.002 -16"><span class='ocrx_word' id='word_1_160' title='bbox 226 2342 390 2391; x_wconf 76' lang='lat' dir='ltr'>seling.</span> <span class='ocrx_word' id='word_1_161' title='bbox 421 2340 469 2378; x_wconf 88' lang='lat' dir='ltr'>ad</span> <span class='ocrx_word' id='word_1_162' title='bbox 499 2339 537 2377; x_wconf 90' lang='lat' dir='ltr'>h.</span> <span class='ocrx_word' id='word_1_163' title='bbox 559 2342 597 2389; x_wconf 89' lang='lat' dir='ltr'>l.‚</span> <span class='ocrx_word' id='word_1_164' title='bbox 629 2343 751 2390; x_wconf 81' lang='lat' dir='ltr'>citius⁷</span> <span class='ocrx_word' id='word_1_165' title='bbox 775 2356 892 2395; x_wconf 85' lang='lat' dir='ltr'>quam</span> 
     </span>
     <span class='ocr_line' id='line_1_42' title="bbox 224 2400 892 2449; baseline 0.003 -13"><span class='ocrx_word' id='word_1_166' title='bbox 224 2412 309 2436; x_wconf 90' lang='lat' dir='ltr'>mos</span> <span class='ocrx_word' id='word_1_167' title='bbox 338 2400 506 2445; x_wconf 82' lang='lat' dir='ltr'>ferebat,</span> <span class='ocrx_word' id='word_1_168' title='bbox 536 2400 823 2449; x_wconf 71' lang='grc' dir='ltr'><em>προπηδῶντες</em></span> <span class='ocrx_word' id='word_1_169' title='bbox 852 2403 892 2438; x_wconf 84' lang='lat' dir='ltr'>in</span> 
     </span>
     <span class='ocr_line' id='line_1_43' title="bbox 224 2457 891 2508; baseline 0.004 -15"><span class='ocrx_word' id='word_1_170' title='bbox 224 2470 364 2494; x_wconf 83' lang='lat' dir='ltr'>cursum</span> <span class='ocrx_word' id='word_1_171' title='bbox 386 2458 572 2494; x_wconf 73' lang='lat' dir='ltr'>emicantes</span> <span class='ocrx_word' id='word_1_172' title='bbox 585 2457 663 2493; x_wconf 87' lang='lat' dir='ltr'>sive</span> <span class='ocrx_word' id='word_1_173' title='bbox 684 2458 891 2508; x_wconf 76' lang='grc' dir='ltr'><em>προεξανι-</em></span> 
     </span>
     <span class='ocr_line' id='line_1_44' title="bbox 225 2510 890 2565; baseline 0.005 -16"><span class='ocrx_word' id='word_1_174' title='bbox 225 2510 436 2565; x_wconf 69' lang='grc' dir='ltr'><em>στάμενοι,</em></span> <span class='ocrx_word' id='word_1_175' title='bbox 457 2514 568 2550; x_wconf 77' lang='lat' dir='ltr'>sicuti</span> <span class='ocrx_word' id='word_1_176' title='bbox 588 2512 650 2550; x_wconf 86' lang='lat' dir='ltr'>hic</span> <span class='ocrx_word' id='word_1_177' title='bbox 683 2521 719 2550; x_wconf 80' lang='lat' dir='ltr'>et</span> <span class='ocrx_word' id='word_1_178' title='bbox 741 2514 890 2552; x_wconf 63' lang='lat' dir='ltr'>S‘tl&#39;atlis</span> 
     </span>
     <span class='ocr_line' id='line_1_45' title="bbox 223 2570 891 2621; baseline 0.003 -14"><span class='ocrx_word' id='word_1_179' title='bbox 223 2572 263 2607; x_wconf 88' lang='lat' dir='ltr'>in</span> <span class='ocrx_word' id='word_1_180' title='bbox 283 2572 442 2608; x_wconf 88' lang='lat' dir='ltr'>Polluce</span> <span class='ocrx_word' id='word_1_181' title='bbox 462 2571 543 2615; x_wconf 77' lang='grc' dir='ltr'>ΙΙΙ,</span> <span class='ocrx_word' id='word_1_182' title='bbox 574 2570 651 2611; x_wconf 72' lang='grc'>146</span> <span class='ocrx_word' id='word_1_183' title='bbox 674 2571 799 2621; x_wconf 81' lang='lat' dir='ltr'>flagris</span> <span class='ocrx_word' id='word_1_184' title='bbox 819 2571 891 2609; x_wconf 84' lang='lat' dir='ltr'>ad-</span> 
     </span>
     <span class='ocr_line' id='line_1_46' title="bbox 223 2624 888 2680; baseline 0.005 -15"><span class='ocrx_word' id='word_1_185' title='bbox 223 2630 481 2666; x_wconf 78' lang='lat' dir='ltr'>monebantur</span> <span class='ocrx_word' id='word_1_186' title='bbox 519 2640 540 2663; x_wconf 77' lang='lat' dir='ltr'>a</span> <span class='ocrx_word' id='word_1_187' title='bbox 571 2624 888 2680; x_wconf 77' lang='grc' dir='ltr'><em>μαστιγονὸμοις.</em></span> 
     </span>
     <span class='ocr_line' id='line_1_47' title="bbox 222 2683 887 2737; baseline 0.005 -15"><span class='ocrx_word' id='word_1_188' title='bbox 222 2685 420 2725; x_wconf 83' lang='lat' dir='ltr'>Plutarch.</span> <span class='ocrx_word' id='word_1_189' title='bbox 433 2683 722 2735; x_wconf 78' lang='lat' dir='ltr'>Apophthegm.</span> <span class='ocrx_word' id='word_1_190' title='bbox 739 2687 793 2737; x_wconf 87' lang='lat' dir='ltr'>[p.</span> <span class='ocrx_word' id='word_1_191' title='bbox 811 2686 887 2727; x_wconf 82' lang='lat'>185</span> 
     </span>
     <span class='ocr_line' id='line_1_48' title="bbox 223 2740 890 2793; baseline 0.006 -14"><span class='ocrx_word' id='word_1_192' title='bbox 223 2743 289 2793; x_wconf 86' lang='lat' dir='ltr'>B.]</span> <span class='ocrx_word' id='word_1_193' title='bbox 322 2757 371 2780; x_wconf 85' lang='lat' dir='ltr'>ex</span> <span class='ocrx_word' id='word_1_194' title='bbox 399 2743 598 2780; x_wconf 77' lang='lat' dir='ltr'>Adimanti</span> <span class='ocrx_word' id='word_1_195' title='bbox 618 2756 695 2791; x_wconf 80' lang='lat' dir='ltr'>ore,</span> <span class='ocrx_word' id='word_1_196' title='bbox 732 2740 826 2790; x_wconf 68' lang='grc' dir='ltr'><em>τούς</em></span> <span class='ocrx_word' id='word_1_197' title='bbox 847 2743 890 2783; x_wconf 84' lang='grc' dir='ltr'><em>ἒν</em></span> 
     </span>
     <span class='ocr_line' id='line_1_49' title="bbox 223 2796 889 2854; baseline 0.002 -15"><span class='ocrx_word' id='word_1_198' title='bbox 223 2805 308 2848; x_wconf 87' lang='grc' dir='ltr'><em>τοῖς</em></span> <span class='ocrx_word' id='word_1_199' title='bbox 331 2796 458 2854; x_wconf 76' lang='grc' dir='ltr'><em>οἷγαῖσι</em></span> <span class='ocrx_word' id='word_1_200' title='bbox 477 2799 889 2853; x_wconf 78' lang='grc' dir='ltr'><em>προεξανισταμένους</em></span> 
     </span>
    </p>
   </div>
   <div class='ocr_carea' id='block_1_11' title="bbox 890 673 1362 731">
    <p class='ocr_par' dir='ltr' id='par_1_12' title="bbox 890 673 1362 731">
     <span class='ocr_line' id='line_1_50' title="bbox 890 673 1362 731; baseline -0.006 -12"><span class='ocrx_word' id='word_1_201' title='bbox 890 710 898 728; x_wconf 84' lang='grc'>,</span> <span class='ocrx_word' id='word_1_202' title='bbox 957 678 1221 731; x_wconf 77' lang='grc' dir='ltr'><em>μαστιγοῦσιν</em></span> <span class='ocrx_word' id='word_1_203' title='bbox 1271 673 1335 716; x_wconf 75' lang='grc' dir='ltr'>ἆεί</span> <span class='ocrx_word' id='word_1_204' title='bbox 1347 691 1362 716; x_wconf 84' lang='grc'>.-</span> 
     </span>
    </p>
   </div>
   <div class='ocr_carea' id='block_1_12' title="bbox 467 404 1567 468">
    <p class='ocr_par' dir='ltr' id='par_1_13' title="bbox 467 404 1567 468">
     <span class='ocr_line' id='line_1_51' title="bbox 467 404 1567 468; baseline 0.004 -15"><span class='ocrx_word' id='word_1_205' title='bbox 467 404 544 462; x_wconf 62' lang='grc' dir='ltr'>,ῘΩ</span> <span class='ocrx_word' id='word_1_206' title='bbox 577 409 893 466; x_wconf 82' lang='grc' dir='ltr'><em>Θεμιστόκλεες,</em></span> <span class='ocrx_word' id='word_1_207' title='bbox 926 410 972 453; x_wconf 80' lang='grc' dir='ltr'><em>ἐν</em></span> <span class='ocrx_word' id='word_1_208' title='bbox 1001 416 1114 453; x_wconf 85' lang='grc' dir='ltr'><em>τοῖσι</em></span> <span class='ocrx_word' id='word_1_209' title='bbox 1141 410 1278 467; x_wconf 78' lang='grc' dir='ltr'><em>α’γῶσι</em></span> <span class='ocrx_word' id='word_1_210' title='bbox 1310 414 1354 456; x_wconf 82' lang='grc' dir='ltr'>οἱ</span> <span class='ocrx_word' id='word_1_211' title='bbox 1382 414 1567 468; x_wconf 78' lang='grc' dir='ltr'><em>προεξα-</em></span> 
     </span>
    </p>
   </div>
   <div class='ocr_carea' id='block_1_13' title="bbox 960 476 1626 539">
    <p class='ocr_par' dir='ltr' id='par_1_14' title="bbox 960 476 1626 539">
     <span class='ocr_line' id='line_1_52' title="bbox 960 476 1626 539; baseline 0.002 -17"><span class='ocrx_word' id='word_1_212' title='bbox 960 476 984 522; x_wconf 91' lang='grc' dir='ltr'>ὁ</span> <span class='ocrx_word' id='word_1_213' title='bbox 1015 480 1076 531; x_wconf 74' lang='grc' dir='ltr'>δὲ,</span> <span class='ocrx_word' id='word_1_214' title='bbox 1106 477 1432 538; x_wconf 82' lang='grc' dir='ltr'><em>ἀπολυόμενος,</em></span> <span class='ocrx_word' id='word_1_215' title='bbox 1460 482 1626 539; x_wconf 72' lang='grc' dir='ltr'>ὲ’φη·4ο</span> 
     </span>
    </p>
   </div>
   <div class='ocr_carea' id='block_1_14' title="bbox 945 685 1624 2839">
    <p class='ocr_par' dir='ltr' id='par_1_15' title="bbox 945 685 1624 2839">
     <span class='ocr_line' id='line_1_53' title="bbox 1412 685 1623 731; baseline 0.009 -16"><span class='ocrx_word' id='word_1_216' title='bbox 1412 685 1527 731; x_wconf 84' lang='lat' dir='ltr'>atque</span> <span class='ocrx_word' id='word_1_217' title='bbox 1578 693 1623 717; x_wconf 79' lang='lat' dir='ltr'>ea</span> 
     </span>
     <span class='ocr_line' id='line_1_54' title="bbox 956 735 1624 790; baseline 0.001 -16"><span class='ocrx_word' id='word_1_218' title='bbox 956 737 1073 774; x_wconf 86' lang='lat' dir='ltr'>verbo</span> <span class='ocrx_word' id='word_1_219' title='bbox 1095 737 1213 773; x_wconf 86' lang='lat' dir='ltr'>virtus</span> <span class='ocrx_word' id='word_1_220' title='bbox 1230 736 1299 773; x_wconf 86' lang='lat' dir='ltr'>VII</span> <span class='ocrx_word' id='word_1_221' title='bbox 1321 766 1330 783; x_wconf 84' lang='lat'>‚</span> <span class='ocrx_word' id='word_1_222' title='bbox 1352 738 1447 776; x_wconf 80' lang='grc'><strong>223.</strong></span> <span class='ocrx_word' id='word_1_223' title='bbox 1471 737 1511 776; x_wconf 82' lang='grc' dir='ltr'>οἱ</span> <span class='ocrx_word' id='word_1_224' title='bbox 1528 735 1624 790; x_wconf 75' lang='grc' dir='ltr'><em>ἦγε-</em></span> 
     </span>
     <span class='ocr_line' id='line_1_55' title="bbox 957 790 1622 845; baseline 0 -13"><span class='ocrx_word' id='word_1_225' title='bbox 957 790 1073 845; x_wconf 84' lang='grc' dir='ltr'><em>μόνες</em></span> <span class='ocrx_word' id='word_1_226' title='bbox 1119 818 1170 822; x_wconf 89' lang='lat'>——-</span> <span class='ocrx_word' id='word_1_227' title='bbox 1215 792 1367 843; x_wconf 74' lang='grc' dir='ltr'><em>ἔχοντες</em></span> <span class='ocrx_word' id='word_1_228' title='bbox 1419 790 1622 845; x_wconf 68' lang='grc' dir='ltr'><em>μάστιγας,</em></span> 
     </span>
     <span class='ocr_line' id='line_1_56' title="bbox 955 907 1622 959; baseline -0.003 -13"><span class='ocrx_word' id='word_1_229' title='bbox 955 912 1033 959; x_wconf 77' lang='lat' dir='ltr'>gris</span> <span class='ocrx_word' id='word_1_230' title='bbox 1085 909 1337 959; x_wconf 74' lang='lat' dir='ltr'>percutvebant.</span> <span class='ocrx_word' id='word_1_231' title='bbox 1351 908 1375 927; x_wconf 74' lang='lat'>‘⁶</span> <span class='ocrx_word' id='word_1_232' title='bbox 1433 907 1622 949; x_wconf 69' lang='lat' dir='ltr'>Valcloeu,</span> 
     </span>
     <span class='ocr_line' id='line_1_57' title="bbox 955 964 1623 1003; baseline -0.001 0"><span class='ocrx_word' id='word_1_233' title='bbox 955 966 1003 1003; x_wconf 85' lang='lat' dir='ltr'>ad</span> <span class='ocrx_word' id='word_1_234' title='bbox 1026 965 1119 1003; x_wconf 88' lang='lat' dir='ltr'>haec</span> <span class='ocrx_word' id='word_1_235' title='bbox 1134 964 1357 1002; x_wconf 87' lang='lat' dir='ltr'>illustranda</span> <span class='ocrx_word' id='word_1_236' title='bbox 1377 964 1487 1002; x_wconf 87' lang='lat' dir='ltr'>affert</span> <span class='ocrx_word' id='word_1_237' title='bbox 1508 965 1623 1002; x_wconf 88' lang='lat' dir='ltr'>Thu-</span> 
     </span>
     <span class='ocr_line' id='line_1_58' title="bbox 955 1023 1621 1075; baseline 0 -14"><span class='ocrx_word' id='word_1_238' title='bbox 955 1023 1084 1075; x_wconf 82' lang='lat' dir='ltr'>cydid.</span> <span class='ocrx_word' id='word_1_239' title='bbox 1119 1023 1172 1069; x_wconf 88' lang='lat' dir='ltr'>V,</span> <span class='ocrx_word' id='word_1_240' title='bbox 1215 1023 1283 1064; x_wconf 87' lang='lat'>50.</span> <span class='ocrx_word' id='word_1_241' title='bbox 1321 1023 1406 1062; x_wconf 88' lang='lat' dir='ltr'>coll.</span> <span class='ocrx_word' id='word_1_242' title='bbox 1439 1023 1621 1075; x_wconf 86' lang='lat' dir='ltr'>Xenoph.</span> 
     </span>
     <span class='ocr_line' id='line_1_59' title="bbox 953 1081 1622 1131; baseline -0.004 -13"><span class='ocrx_word' id='word_1_243' title='bbox 953 1081 1182 1128; x_wconf 77' lang='lat' dir='ltr'>Hellen‚III‚</span> <span class='ocrx_word' id='word_1_244' title='bbox 1203 1094 1240 1131; x_wconf 86' lang='lat' dir='ltr'>p.</span> <span class='ocrx_word' id='word_1_245' title='bbox 1273 1082 1368 1127; x_wconf 78' lang='grc'>287,</span> <span class='ocrx_word' id='word_1_246' title='bbox 1391 1083 1445 1122; x_wconf 89' lang='grc'>28</span> <span class='ocrx_word' id='word_1_247' title='bbox 1471 1081 1563 1129; x_wconf 88' lang='lat'>[111,</span> <span class='ocrx_word' id='word_1_248' title='bbox 1595 1083 1622 1121; x_wconf 79' lang='lat'>2</span> 
     </span>
     <span class='ocr_line' id='line_1_60' title="bbox 954 1137 1623 1188; baseline -0.003 -12"><span class='ocrx_word' id='word_1_249' title='bbox 954 1141 991 1185; x_wconf 58' lang='grc' dir='ltr'>ξ.</span> <span class='ocrx_word' id='word_1_250' title='bbox 1014 1137 1082 1188; x_wconf 82' lang='grc'>21]</span> <span class='ocrx_word' id='word_1_251' title='bbox 1104 1145 1140 1175; x_wconf 89' lang='lat' dir='ltr'>et</span> <span class='ocrx_word' id='word_1_252' title='bbox 1151 1139 1315 1174; x_wconf 87' lang='lat' dir='ltr'>Pausan.</span> <span class='ocrx_word' id='word_1_253' title='bbox 1337 1138 1410 1185; x_wconf 83' lang='lat' dir='ltr'>VI,</span> <span class='ocrx_word' id='word_1_254' title='bbox 1434 1141 1479 1187; x_wconf 79' lang='lat'>2,</span> <span class='ocrx_word' id='word_1_255' title='bbox 1499 1137 1623 1174; x_wconf 85' lang='lat' dir='ltr'>idem-</span> 
     </span>
     <span class='ocr_line' id='line_1_61' title="bbox 955 1191 1621 1248; baseline 0 -15"><span class='ocrx_word' id='word_1_256' title='bbox 955 1210 1029 1248; x_wconf 86' lang='lat' dir='ltr'>que</span> <span class='ocrx_word' id='word_1_257' title='bbox 1044 1202 1176 1233; x_wconf 82' lang='lat' dir='ltr'>monet</span> <span class='ocrx_word' id='word_1_258' title='bbox 1187 1195 1367 1246; x_wconf 74' lang='grc' dir='ltr'><em>ῥαπίζειν</em></span> <span class='ocrx_word' id='word_1_259' title='bbox 1380 1208 1460 1232; x_wconf 85' lang='lat' dir='ltr'>esse</span> <span class='ocrx_word' id='word_1_260' title='bbox 1481 1191 1621 1246; x_wconf 71' lang='grc' dir='ltr'><em>ῥάβδῳ</em></span> 
     </span>
     <span class='ocr_line' id='line_1_62' title="bbox 954 1252 1622 1300; baseline -0.006 -7"><span class='ocrx_word' id='word_1_261' title='bbox 954 1252 1127 1300; x_wconf 78' lang='grc' dir='ltr'><em>πατάξαι</em></span> <span class='ocrx_word' id='word_1_262' title='bbox 1164 1253 1225 1289; x_wconf 82' lang='lat' dir='ltr'>vel</span> <span class='ocrx_word' id='word_1_263' title='bbox 1264 1257 1450 1291; x_wconf 72' lang='grc' dir='ltr'><em>πταῖσαιε</em></span> <span class='ocrx_word' id='word_1_264' title='bbox 1497 1253 1622 1290; x_wconf 80' lang='lat' dir='ltr'>baculo</span> 
     </span>
     <span class='ocr_line' id='line_1_63' title="bbox 947 1310 1623 1362; baseline -0.001 -14"><span class='ocrx_word' id='word_1_265' title='bbox 947 1311 1084 1362; x_wconf 69' lang='lat' dir='ltr'>ferere,</span> <span class='ocrx_word' id='word_1_266' title='bbox 1113 1310 1266 1347; x_wconf 79' lang='lat' dir='ltr'>caedere.</span> <span class='ocrx_word' id='word_1_267' title='bbox 1316 1311 1365 1346; x_wconf 84' lang='lat' dir='ltr'>Et</span> <span class='ocrx_word' id='word_1_268' title='bbox 1397 1310 1499 1347; x_wconf 87' lang='lat' dir='ltr'>conf.</span> <span class='ocrx_word' id='word_1_269' title='bbox 1522 1323 1623 1362; x_wconf 87' lang='lat' dir='ltr'>quo-</span> 
     </span>
     <span class='ocr_line' id='line_1_64' title="bbox 956 1365 1622 1434; baseline 0.002 -29"><span class='ocrx_word' id='word_1_270' title='bbox 956 1382 1030 1420; x_wconf 84' lang='lat' dir='ltr'>que</span> <span class='ocrx_word' id='word_1_271' title='bbox 1065 1366 1238 1404; x_wconf 78' lang='lat' dir='ltr'>Lobeck.</span> <span class='ocrx_word' id='word_1_272' title='bbox 1270 1366 1318 1404; x_wconf 84' lang='lat' dir='ltr'>ad</span> <span class='ocrx_word' id='word_1_273' title='bbox 1339 1365 1550 1434; x_wconf 85' lang='lat' dir='ltr'>Phrynicll.</span> <span class='ocrx_word' id='word_1_274' title='bbox 1580 1381 1622 1419; x_wconf 81' lang='lat' dir='ltr'>p.</span> 
     </span>
     <span class='ocr_line' id='line_1_65' title="bbox 956 1419 1620 1476; baseline 0 -12"><span class='ocrx_word' id='word_1_275' title='bbox 956 1424 1035 1465; x_wconf 83' lang='lat'>175</span> <span class='ocrx_word' id='word_1_276' title='bbox 1077 1438 1158 1476; x_wconf 86' lang='lat' dir='ltr'>seq.</span> <span class='ocrx_word' id='word_1_277' title='bbox 1228 1446 1285 1452; x_wconf 88' lang='lat'>—-</span> <span class='ocrx_word' id='word_1_278' title='bbox 1339 1419 1620 1475; x_wconf 70' lang='grc' dir='ltr'><em>ἀπολυόμενος</em></span> 
     </span>
     <span class='ocr_line' id='line_1_66' title="bbox 955 1481 1617 1532; baseline -0.002 -13"><span class='ocrx_word' id='word_1_279' title='bbox 955 1489 1028 1519; x_wconf 82' lang='lat' dir='ltr'>est:</span> <span class='ocrx_word' id='word_1_280' title='bbox 1047 1495 1081 1518; x_wconf 78' lang='lat' dir='ltr'>se</span> <span class='ocrx_word' id='word_1_281' title='bbox 1092 1481 1294 1532; x_wconf 66' lang='lat' dir='ltr'>defendens,</span> <span class='ocrx_word' id='word_1_282' title='bbox 1309 1494 1486 1531; x_wconf 78' lang='lat' dir='ltr'>purgans.</span> <span class='ocrx_word' id='word_1_283' title='bbox 1505 1482 1617 1521; x_wconf 89' lang='lat' dir='ltr'>Conf.</span> 
     </span>
     <span class='ocr_line' id='line_1_67' title="bbox 953 1538 1619 1589; baseline 0 -13"><span class='ocrx_word' id='word_1_284' title='bbox 953 1538 1092 1576; x_wconf 72' lang='lat' dir='ltr'>Suiclas</span> <span class='ocrx_word' id='word_1_285' title='bbox 1120 1553 1149 1575; x_wconf 91' lang='lat' dir='ltr'>s.</span> <span class='ocrx_word' id='word_1_286' title='bbox 1175 1553 1209 1575; x_wconf 82' lang='lat' dir='ltr'>v.</span> <span class='ocrx_word' id='word_1_287' title='bbox 1235 1539 1252 1573; x_wconf 91' lang='lat'>1</span> <span class='ocrx_word' id='word_1_288' title='bbox 1278 1551 1365 1589; x_wconf 83' lang='lat' dir='ltr'>pag.</span> <span class='ocrx_word' id='word_1_289' title='bbox 1390 1541 1486 1579; x_wconf 80' lang='lat'>283.</span> <span class='ocrx_word' id='word_1_290' title='bbox 1521 1540 1619 1576; x_wconf 90' lang='lat' dir='ltr'>Plu-</span> 
     </span>
     <span class='ocr_line' id='line_1_68' title="bbox 951 1594 1616 1637; baseline -0.003 -4"><span class='ocrx_word' id='word_1_291' title='bbox 951 1595 1074 1633; x_wconf 86' lang='lat' dir='ltr'>tarch.</span> <span class='ocrx_word' id='word_1_292' title='bbox 1106 1596 1242 1634; x_wconf 87' lang='lat' dir='ltr'>Pericl.</span> <span class='ocrx_word' id='word_1_293' title='bbox 1282 1599 1346 1636; x_wconf 89' lang='lat'>10.</span> <span class='ocrx_word' id='word_1_294' title='bbox 1373 1594 1529 1634; x_wconf 84' lang='lat' dir='ltr'>Aristid.</span> <span class='ocrx_word' id='word_1_295' title='bbox 1565 1598 1616 1637; x_wconf 80' lang='lat'>13</span> 
     </span>
     <span class='ocr_line' id='line_1_69' title="bbox 951 1651 1618 1693; baseline 0 -3"><span class='ocrx_word' id='word_1_296' title='bbox 951 1654 1018 1690; x_wconf 89' lang='lat' dir='ltr'>fin.</span> <span class='ocrx_word' id='word_1_297' title='bbox 1042 1654 1084 1691; x_wconf 84' lang='lat' dir='ltr'>C.</span> <span class='ocrx_word' id='word_1_298' title='bbox 1107 1651 1268 1690; x_wconf 75' lang='lat' dir='ltr'>Gracci).</span> <span class='ocrx_word' id='word_1_299' title='bbox 1292 1655 1316 1693; x_wconf 81' lang='lat'><strong>3</strong></span> <span class='ocrx_word' id='word_1_300' title='bbox 1341 1654 1422 1691; x_wconf 87' lang='lat' dir='ltr'>init.</span> <span class='ocrx_word' id='word_1_301' title='bbox 1444 1654 1618 1691; x_wconf 87' lang='lat' dir='ltr'>Demetr.</span> 
     </span>
     <span class='ocr_line' id='line_1_70' title="bbox 951 1710 1618 1752; baseline 0 -4"><span class='ocrx_word' id='word_1_302' title='bbox 951 1710 1118 1752; x_wconf 74' lang='grc' dir='ltr'>32111εά.</span> <span class='ocrx_word' id='word_1_303' title='bbox 1141 1711 1364 1751; x_wconf 83' lang='lat' dir='ltr'>Ant0n.73.</span> <span class='ocrx_word' id='word_1_304' title='bbox 1393 1711 1496 1747; x_wconf 86' lang='lat' dir='ltr'>Male</span> <span class='ocrx_word' id='word_1_305' title='bbox 1517 1724 1618 1748; x_wconf 82' lang='lat' dir='ltr'>unus</span> 
     </span>
     <span class='ocr_line' id='line_1_71' title="bbox 949 1764 1621 1820; baseline 0 -14"><span class='ocrx_word' id='word_1_306' title='bbox 949 1769 1046 1806; x_wconf 87' lang='lat' dir='ltr'>liber</span> <span class='ocrx_word' id='word_1_307' title='bbox 1101 1764 1440 1820; x_wconf 79' lang='grc' dir='ltr'><em>οἷπολογούμενος.</em></span> <span class='ocrx_word' id='word_1_308' title='bbox 1479 1790 1536 1796; x_wconf 97' lang='lat'>—</span> <span class='ocrx_word' id='word_1_309' title='bbox 1578 1767 1621 1807; x_wconf 82' lang='grc' dir='ltr'>οἵ</span> 
     </span>
     <span class='ocr_line' id='line_1_72' title="bbox 949 1821 1618 1878; baseline -0.006 -13"><span class='ocrx_word' id='word_1_310' title='bbox 949 1821 1323 1878; x_wconf 80' lang='grc' dir='ltr'><em>ἐγκαταλειπόμενοι</em></span> <span class='ocrx_word' id='word_1_311' title='bbox 1342 1826 1441 1873; x_wconf 83' lang='lat' dir='ltr'>sive,</span> <span class='ocrx_word' id='word_1_312' title='bbox 1461 1832 1505 1862; x_wconf 87' lang='lat' dir='ltr'>ut</span> <span class='ocrx_word' id='word_1_313' title='bbox 1524 1826 1618 1862; x_wconf 89' lang='lat' dir='ltr'>Plu-</span> 
     </span>
     <span class='ocr_line' id='line_1_73' title="bbox 949 1878 1618 1931; baseline 0.001 -11"><span class='ocrx_word' id='word_1_314' title='bbox 949 1882 1102 1921; x_wconf 83' lang='lat' dir='ltr'>tarchus</span> <span class='ocrx_word' id='word_1_315' title='bbox 1144 1881 1280 1931; x_wconf 82' lang='lat' dir='ltr'>habet,</span> <span class='ocrx_word' id='word_1_316' title='bbox 1321 1882 1362 1922; x_wconf 80' lang='grc' dir='ltr'>οἵ</span> <span class='ocrx_word' id='word_1_317' title='bbox 1400 1878 1618 1921; x_wconf 72' lang='grc' dir='ltr'><em>ἄπολειπό-</em></span> 
     </span>
     <span class='ocr_line' id='line_1_74' title="bbox 951 1936 1618 1992; baseline -0.006 -13"><span class='ocrx_word' id='word_1_318' title='bbox 951 1956 1063 1992; x_wconf 85' lang='grc' dir='ltr'><em>μενοι</em></span> <span class='ocrx_word' id='word_1_319' title='bbox 1091 1948 1127 1978; x_wconf 92' lang='lat' dir='ltr'>et</span> <span class='ocrx_word' id='word_1_320' title='bbox 1142 1936 1374 1990; x_wconf 77' lang='grc' dir='ltr'><em>λειπόμενοι</em></span> <span class='ocrx_word' id='word_1_321' title='bbox 1401 1947 1502 1987; x_wconf 78' lang='lat' dir='ltr'>suut,</span> <span class='ocrx_word' id='word_1_322' title='bbox 1528 1953 1618 1976; x_wconf 87' lang='lat' dir='ltr'>mo-</span> 
     </span>
     <span class='ocr_line' id='line_1_75' title="bbox 948 1998 1618 2048; baseline 0.001 -14"><span class='ocrx_word' id='word_1_323' title='bbox 948 2006 1065 2035; x_wconf 87' lang='lat' dir='ltr'>nente</span> <span class='ocrx_word' id='word_1_324' title='bbox 1082 1998 1353 2048; x_wconf 78' lang='lat' dir='ltr'>Wesselingio,</span> <span class='ocrx_word' id='word_1_325' title='bbox 1370 2011 1447 2034; x_wconf 87' lang='lat' dir='ltr'>non</span> <span class='ocrx_word' id='word_1_326' title='bbox 1462 1998 1530 2044; x_wconf 74' lang='lat' dir='ltr'>illi,</span> <span class='ocrx_word' id='word_1_327' title='bbox 1555 2000 1618 2048; x_wconf 77' lang='lat' dir='ltr'>qui</span> 
     </span>
     <span class='ocr_line' id='line_1_76' title="bbox 950 2053 1616 2106; baseline -0.002 -14"><span class='ocrx_word' id='word_1_328' title='bbox 950 2056 1045 2092; x_wconf 78' lang='lat' dir='ltr'>domi</span> <span class='ocrx_word' id='word_1_329' title='bbox 1071 2057 1321 2106; x_wconf 71' lang='lat' dir='ltr'>relinquuntur</span> <span class='ocrx_word' id='word_1_330' title='bbox 1344 2053 1409 2091; x_wconf 86' lang='lat' dir='ltr'>sed</span> <span class='ocrx_word' id='word_1_331' title='bbox 1445 2055 1547 2103; x_wconf 79' lang='lat' dir='ltr'>longe</span> <span class='ocrx_word' id='word_1_332' title='bbox 1576 2057 1616 2091; x_wconf 82' lang='lat' dir='ltr'>in</span> 
     </span>
     <span class='ocr_line' id='line_1_77' title="bbox 950 2111 1616 2163; baseline -0.002 -14"><span class='ocrx_word' id='word_1_333' title='bbox 950 2126 1056 2149; x_wconf 77' lang='lat' dir='ltr'>cursu</span> <span class='ocrx_word' id='word_1_334' title='bbox 1072 2116 1154 2163; x_wconf 82' lang='lat' dir='ltr'>post</span> <span class='ocrx_word' id='word_1_335' title='bbox 1173 2117 1310 2160; x_wconf 75' lang='lat' dir='ltr'>tergum</span> <span class='ocrx_word' id='word_1_336' title='bbox 1329 2111 1447 2149; x_wconf 76' lang='lat' dir='ltr'>relicti</span> <span class='ocrx_word' id='word_1_337' title='bbox 1462 2113 1616 2161; x_wconf 71' lang='lat' dir='ltr'>victique</span> 
     </span>
     <span class='ocr_line' id='line_1_78' title="bbox 951 2167 1616 2209; baseline -0.002 -4"><span class='ocrx_word' id='word_1_338' title='bbox 951 2169 1060 2209; x_wconf 70' lang='lat' dir='ltr'>adeo.</span> <span class='ocrx_word' id='word_1_339' title='bbox 1121 2169 1289 2207; x_wconf 85' lang='lat' dir='ltr'>Sintenis</span> <span class='ocrx_word' id='word_1_340' title='bbox 1334 2167 1383 2204; x_wconf 90' lang='lat' dir='ltr'>ad</span> <span class='ocrx_word' id='word_1_341' title='bbox 1416 2167 1616 2207; x_wconf 83' lang='lat' dir='ltr'>Plutarch.</span> 
     </span>
     <span class='ocr_line' id='line_1_79' title="bbox 952 2226 1617 2276; baseline 0.005 -13"><span class='ocrx_word' id='word_1_342' title='bbox 952 2226 1145 2264; x_wconf 72' lang='lat' dir='ltr'>Themist.</span> <span class='ocrx_word' id='word_1_343' title='bbox 1175 2230 1219 2266; x_wconf 84' lang='lat'>11</span> <span class='ocrx_word' id='word_1_344' title='bbox 1239 2238 1326 2276; x_wconf 70' lang='lat' dir='ltr'>pag·</span> <span class='ocrx_word' id='word_1_345' title='bbox 1344 2227 1411 2272; x_wconf 79' lang='lat'>77,</span> <span class='ocrx_word' id='word_1_346' title='bbox 1433 2226 1481 2262; x_wconf 84' lang='lat' dir='ltr'>Ob</span> <span class='ocrx_word' id='word_1_347' title='bbox 1503 2239 1617 2276; x_wconf 73' lang='lat' dir='ltr'>prae-</span> 
     </span>
     <span class='ocr_line' id='line_1_80' title="bbox 950 2283 1617 2334; baseline 0.003 -14.009"><span class='ocrx_word' id='word_1_348' title='bbox 950 2297 1122 2334; x_wconf 83' lang='lat' dir='ltr'>gressum</span> <span class='ocrx_word' id='word_1_349' title='bbox 1169 2283 1210 2322; x_wconf 85' lang='grc' dir='ltr'>οἷ</span> <span class='ocrx_word' id='word_1_350' title='bbox 1236 2297 1331 2334; x_wconf 75' lang='grc' dir='ltr'><em>προε</em></span> <span class='ocrx_word' id='word_1_351' title='bbox 1318 2284 1408 2330; x_wconf 68' lang='grc' dir='ltr'><em>εξαι</em></span> <span class='ocrx_word' id='word_1_352' title='bbox 1412 2295 1617 2333; x_wconf 83' lang='grc' dir='ltr'><em>ιστααενοι</em></span> 
     </span>
     <span class='ocr_line' id='line_1_81' title="bbox 950 2338 1619 2391; baseline 0 -14"><span class='ocrx_word' id='word_1_353' title='bbox 950 2343 1098 2378; x_wconf 84' lang='lat' dir='ltr'>mavult</span> <span class='ocrx_word' id='word_1_354' title='bbox 1119 2340 1179 2378; x_wconf 88' lang='lat' dir='ltr'>hic</span> <span class='ocrx_word' id='word_1_355' title='bbox 1203 2341 1369 2391; x_wconf 77' lang='lat' dir='ltr'>cogitare</span> <span class='ocrx_word' id='word_1_356' title='bbox 1388 2338 1435 2376; x_wconf 91' lang='lat' dir='ltr'>de</span> <span class='ocrx_word' id='word_1_357' title='bbox 1458 2341 1524 2387; x_wconf 88' lang='lat' dir='ltr'>iis,</span> <span class='ocrx_word' id='word_1_358' title='bbox 1555 2342 1619 2390; x_wconf 80' lang='lat' dir='ltr'>qui</span> 
     </span>
     <span class='ocr_line' id='line_1_82' title="bbox 950 2397 1615 2447; baseline -0.003 -11"><span class='ocrx_word' id='word_1_359' title='bbox 950 2403 1154 2436; x_wconf 71' lang='lat' dir='ltr'>cunctanter</span> <span class='ocrx_word' id='word_1_360' title='bbox 1174 2399 1222 2436; x_wconf 86' lang='lat' dir='ltr'>ad</span> <span class='ocrx_word' id='word_1_361' title='bbox 1245 2402 1419 2435; x_wconf 76' lang='lat' dir='ltr'>certamen</span> <span class='ocrx_word' id='word_1_362' title='bbox 1435 2397 1615 2447; x_wconf 76' lang='lat' dir='ltr'>prodeunt</span> 
     </span>
     <span class='ocr_line' id='line_1_83' title="bbox 948 2455 1614 2508; baseline -0.002 -16"><span class='ocrx_word' id='word_1_363' title='bbox 948 2469 1072 2508; x_wconf 84' lang='lat' dir='ltr'>eoque</span> <span class='ocrx_word' id='word_1_364' title='bbox 1088 2455 1245 2493; x_wconf 55' lang='lat' dir='ltr'>victoria}</span> <span class='ocrx_word' id='word_1_365' title='bbox 1260 2455 1503 2506; x_wconf 78' lang='lat' dir='ltr'>frustrantur,</span> <span class='ocrx_word' id='word_1_366' title='bbox 1537 2467 1614 2491; x_wconf 84' lang='lat' dir='ltr'>mo-</span> 
     </span>
     <span class='ocr_line' id='line_1_84' title="bbox 945 2512 1614 2563; baseline -0.003 -13"><span class='ocrx_word' id='word_1_367' title='bbox 945 2517 1093 2550; x_wconf 79' lang='lat' dir='ltr'>ratores.</span> <span class='ocrx_word' id='word_1_368' title='bbox 1131 2512 1193 2549; x_wconf 85' lang='lat' dir='ltr'>Ad</span> <span class='ocrx_word' id='word_1_369' title='bbox 1213 2513 1318 2548; x_wconf 86' lang='lat' dir='ltr'>verbi</span> <span class='ocrx_word' id='word_1_370' title='bbox 1340 2513 1455 2563; x_wconf 89' lang='lat' dir='ltr'>ipsius</span> <span class='ocrx_word' id='word_1_371' title='bbox 1482 2513 1614 2548; x_wconf 85' lang='lat' dir='ltr'>notio-</span> 
     </span>
     <span class='ocr_line' id='line_1_85' title="bbox 945 2569 1612 2621; baseline 0 -15"><span class='ocrx_word' id='word_1_372' title='bbox 945 2584 1036 2607; x_wconf 89' lang='lat' dir='ltr'>nem</span> <span class='ocrx_word' id='word_1_373' title='bbox 1058 2578 1144 2621; x_wconf 81' lang='lat' dir='ltr'>apte</span> <span class='ocrx_word' id='word_1_374' title='bbox 1174 2569 1360 2607; x_wconf 79' lang='lat' dir='ltr'>Valcken.</span> <span class='ocrx_word' id='word_1_375' title='bbox 1387 2569 1534 2606; x_wconf 86' lang='lat' dir='ltr'>confert</span> <span class='ocrx_word' id='word_1_376' title='bbox 1562 2570 1612 2606; x_wconf 92' lang='lat' dir='ltr'>II.</span> 
     </span>
     <span class='ocr_line' id='line_1_86' title="bbox 945 2626 1613 2678; baseline 0.001 -14"><span class='ocrx_word' id='word_1_377' title='bbox 945 2629 1020 2678; x_wconf 84' lang='lat' dir='ltr'>Ep.</span> <span class='ocrx_word' id='word_1_378' title='bbox 1041 2627 1089 2664; x_wconf 81' lang='lat' dir='ltr'>ad</span> <span class='ocrx_word' id='word_1_379' title='bbox 1116 2626 1285 2665; x_wconf 86' lang='lat' dir='ltr'>Corinth.</span> <span class='ocrx_word' id='word_1_380' title='bbox 1301 2627 1364 2674; x_wconf 85' lang='lat' dir='ltr'>IV,</span> <span class='ocrx_word' id='word_1_381' title='bbox 1387 2628 1425 2666; x_wconf 83' lang='grc'>9.</span> <span class='ocrx_word' id='word_1_382' title='bbox 1448 2648 1501 2653; x_wconf 87' lang='lat'>--</span> <span class='ocrx_word' id='word_1_383' title='bbox 1526 2638 1613 2665; x_wconf 78' lang='grc' dir='ltr'><em>στε·</em></span> 
     </span>
     <span class='ocr_line' id='line_1_87' title="bbox 946 2680 1613 2734; baseline -0.007 -10"><span class='ocrx_word' id='word_1_384' title='bbox 946 2687 1169 2734; x_wconf 81' lang='grc' dir='ltr'><em>φανεῦνται</em></span> <span class='ocrx_word' id='word_1_385' title='bbox 1194 2699 1214 2721; x_wconf 93' lang='lat' dir='ltr'>e</span> <span class='ocrx_word' id='word_1_386' title='bbox 1238 2684 1387 2721; x_wconf 86' lang='lat' dir='ltr'>duobus</span> <span class='ocrx_word' id='word_1_387' title='bbox 1415 2680 1528 2720; x_wconf 78' lang='lat' dir='ltr'>codd.</span> <span class='ocrx_word' id='word_1_388' title='bbox 1553 2697 1613 2720; x_wconf 85' lang='lat' dir='ltr'>re-</span> 
     </span>
     <span class='ocr_line' id='line_1_88' title="bbox 945 2743 1612 2795; baseline 0.001 -15"><span class='ocrx_word' id='word_1_389' title='bbox 945 2749 1100 2793; x_wconf 86' lang='lat' dir='ltr'>ceptum</span> <span class='ocrx_word' id='word_1_390' title='bbox 1125 2756 1194 2795; x_wconf 82' lang='lat' dir='ltr'>pro</span> <span class='ocrx_word' id='word_1_391' title='bbox 1224 2743 1329 2794; x_wconf 77' lang='lat' dir='ltr'>vulg.</span> <span class='ocrx_word' id='word_1_392' title='bbox 1362 2743 1612 2792; x_wconf 83' lang='grc' dir='ltr'><em>στεφανοῦν-</em></span> 
     </span>
     <span class='ocr_line' id='line_1_89' title="bbox 945 2814 1022 2839; baseline -0.013 0"><span class='ocrx_word' id='word_1_393' title='bbox 945 2814 1022 2839; x_wconf 85' lang='grc' dir='ltr'><em>ται.</em></span> 
     </span>
    </p>
   </div>
  </div>
 </body>
</html>
