1996 3238
147 1499 200 1527 sed
218 1505 322 1539 parum
346 1500 400 1528 illa

472 255 555 294 166

883 244 1337 284 HERODOTI

475 360 585 405 ὥστε
613 358 682 402 ἐπὶ
709 360 790 401 τοῦ
805 355 1163 411 καταστρώματος
1187 354 1401 398 ἐπεόντων
1422 354 1596 407 συχνῶν
1617 357 1733 409 Περ-

477 428 587 472 σέων
615 429 704 470 τῶν
733 425 817 469 σύν
846 424 981 481 Ξέρξῃ
1013 423 1328 480 κομιζομένων,
1357 421 1551 465 ἐνθαῦτα
1580 422 1624 473 ἐς
1654 424 1733 466 δεῖ·
1746 429 1790 463 10

475 513 536 553 μα
563 493 753 539 πεσόντα
772 494 849 537 τὸν
877 495 1068 550 βασιλέα,
1097 493 1290 546 εἴρεσθαι
1319 489 1523 546 βώσαντα
1553 491 1631 534 τὸν
1659 507 1734 534 κυ-

445 569 468 604 3
479 562 710 619 βερνήτεα,
756 564 796 606 εἴ
830 578 893 612 τις
923 562 1009 604 ἐστι’
1039 570 1118 614 σφι
1148 560 1348 614 σωτηρίη.
1386 559 1458 601 καὶ
1488 558 1566 601 τὸν
1595 556 1733 602 εἶπαι·

474 630 718 682 ,,Δέσποτα,
749 628 831 673 οὐκ
861 629 976 672 ἔστιν
1008 626 1200 682 οὐδεμία,
1230 625 1284 681 ἢν
1313 625 1370 682 μὴ
1400 626 1568 670 τούτων
1603 626 1736 670 ἀπαλ-

475 696 621 755 ,,λαγή
667 715 733 749 τις
770 696 946 752 γένηται
986 701 1074 739 τῶν
1110 698 1287 739 πολλῶν
1327 695 1576 750 ἐπιβατέων.
1593 699 1624 718 “
1663 695 1737 738 καὶ

449 765 644 820 4Ξέρξεα
680 766 846 821 λέγεται
885 764 1136 807 ἀκούσαντα
1175 765 1312 805 ταῦτα
1340 760 1475 805 εἶπαι·
1533 762 1737 817 ,,”Ανδρες
1754 768 1792 804 15

476 834 698 890 ,,Πέρσαι,
735 838 820 877 νῦν
849 849 912 883 τις
939 830 1173 883 διαδεξάτω
1209 829 1356 885 ὑμέων
1386 830 1584 886 βασιλέος
1613 831 1739 886 κηδό-

450 909 662 958 5,,μενος·
702 902 749 945 ἐν
793 900 899 956 ὑμῖν
937 899 1022 955 γάρ
1062 896 1151 943 οἶκε
1181 895 1293 942 εἶναι
1323 898 1418 954 ἐμοὶ
1446 897 1474 955 ἡ
1505 900 1740 955 σωτηρίη.“

475 970 555 1013 τόν
583 970 662 1024 μὲν
692 972 829 1012 ταῦτα
858 968 1021 1023 λέγειν·
1053 967 1156 1018 τοὺς
1186 967 1243 1018 δὲ,
1274 967 1638 1021 προσκυνέοντας,
1669 968 1742 1011 ἐκ.-

473 1036 651 1092 πηδέειν
688 1036 731 1088 ἐς
767 1037 848 1093 τήν
876 1035 1124 1080 θάλασσαν·
1173 1035 1246 1078 καὶ
1275 1034 1355 1091 τὴν
1392 1039 1478 1091 νῆα
1517 1036 1742 1090 ἐπικουφι-

447 1108 675 1155 6σθεῐσαν,
705 1104 821 1149 οὕτω
852 1105 904 1161 δὴ
934 1102 1223 1159 ἀποσωθῆναι
1259 1104 1301 1154 ές
1341 1103 1422 1159 τὴν
1448 1102 1607 1159 Ἀσίην.
1664 1102 1741 1155 Ὡς
1753 1111 1799 1144 20

475 1171 523 1214 δὲ
553 1170 732 1227 ἐκβῆναι
761 1171 936 1228 τάχιστα
960 1171 1002 1223 ἐς
1029 1175 1110 1228 γῆν
1137 1172 1215 1215 τὸν
1244 1171 1416 1226 Ξέρξεα,
1448 1175 1629 1228 ποιῆσαι
1657 1189 1743 1216 τοι-

477 1238 602 1283 όνδε·
639 1239 708 1282 ὅτι
736 1239 815 1295 μὲν
845 1239 974 1284 ἔσωσε
1003 1238 1203 1297 βασιλέος
1232 1239 1312 1295 τήν
1342 1239 1506 1296 ψυχήν,
1546 1240 1746 1296 δωρήσα-
1796 1284 1799 1287 ,

476 1311 581 1350 σθαι
609 1308 770 1365 χρυσέῃ
801 1307 994 1365 στεφάνῃ
1021 1307 1099 1351 τὸν
1136 1307 1424 1363 κυβερνήτεα·
1468 1308 1536 1351 ὅτι
1566 1308 1612 1351 δὲ
1637 1311 1747 1362 Περ-

479 1374 592 1419 σέων
621 1373 815 1427 πολλούς
849 1375 1056 1428 ἀπώλεσε,
1087 1374 1327 1431 ἀποταμεῖν
1355 1376 1435 1433 τήν
1453 1376 1649 1432 κεφαλήν
1670 1375 1748 1420 αυ’-

313 1433 414 1480 119
480 1446 575 1487 τοῦ.
633 1437 773 1495 Οὗτος
806 1445 853 1488 δὲ
883 1444 1012 1496 ἄλλος
1039 1444 1206 1500 λέγεται
1245 1442 1374 1499 λόγος
1402 1444 1500 1498 περὶ
1531 1448 1613 1488 τοῦ
1643 1445 1749 1500 Ξέρ-
1804 1439 1887 1479 676

147 1533 298 1561 “edwine
329 1510 568 1564 Ηθῐοζὲξεω
605 1511 792 1567 νόστου,
835 1512 1041 1570 οὐδαμοῖς
1079 1513 1222 1569 ἔμοιγε
1257 1511 1430 1565 πιστὸς,
1462 1510 1563 1557 οὕτε
1594 1513 1803 1566 ἄλλως,Ξὸ

147 1566 217 1596 doto
234 1567 310 1596 visa·

478 1637 534 1691 ἢν
581 1639 637 1693 μή
685 1638 839 1683 τούτων
875 1638 1083 1696 ἀπαλλαγή

424 1711 483 1744 τις
519 1712 557 1736 κ.
579 1712 610 1736 τ.
647 1698 701 1746 λ.]
751 1698 850 1735 Dedi
881 1696 934 1748 ἢν
973 1697 1026 1750 μὴ
1062 1712 1085 1735 a

424 1753 617 1791 Saucrosti
656 1752 789 1791 codice
850 1756 1009 1792 allatum
1049 1762 1085 1792 et

423 1811 628 1861 probatum
675 1811 855 1849 Werfero
902 1813 942 1848 iu
981 1813 1085 1849 Actt.

423 1864 532 1917 phin.
572 1868 745 1904 Monacc.
797 1869 815 1903 I
863 1881 949 1919 pag.
991 1871 1084 1909 100.

425 1922 564 1960 Matth.
595 1925 662 1960 Gr.
684 1925 751 1960 Gr.
783 1925 822 1969 §.
844 1925 948 1973 525,
981 1929 1031 1973 7,
1062 1926 1086 1962 b

424 1992 515 2030 pag.
547 1982 665 2020 1020.
713 1981 838 2030 Vulgo
881 1981 991 2020 εἰ-
1014 1978 1083 2033 μή,

430 2035 534 2088 quod
555 2049 644 2072 cum
665 2035 872 2075 Schaefero
894 2051 993 2076 unus
1026 2052 1091 2075 re-

429 2093 542 2131 tinuit
561 2091 775 2133 Bekkerus.

487 2147 633 2200 Ξέρξεα
668 2149 816 2201 λέγεται
851 2172 899 2178 -
940 2145 1090 2203 εἶπαι]

426 2206 562 2256 Attigit
594 2205 727 2243 Matth.
759 2208 825 2243 Gr.
857 2208 923 2244 Gr.
945 2208 983 2252 ξ.
1007 2207 1088 2248 537

428 2276 516 2314 pag.
542 2262 660 2304 1056.
674 2284 726 2290 ——-
748 2263 810 2299 Ad
827 2264 988 2300 verbum
1009 2264 1092 2303 δια-

429 2315 579 2367 δεξάτω
600 2320 700 2356 conf.
723 2327 817 2360 nott.
840 2319 887 2356 ad
911 2320 975 2368 Vl,
999 2322 1092 2360 136.

431 2376 538 2422 Quae
567 2377 749 2413 continuo
770 2384 1002 2428 sequuntur,
1034 2383 1093 2412 at-

432 2433 518 2483 tigit
536 2434 608 2469 Dio
630 2431 892 2485 Chrysostom.
915 2434 979 2470 Or.
1003 2432 1093 2470 XIV

432 2502 471 2540 p.
495 2491 573 2530 231
596 2490 642 2530 Β.

489 2543 838 2596 προσκυνέοντας]
887 2543 973 2583 Vid.
1016 2543 1095 2582 citt.

434 2599 592 2651 adV11‚
623 2605 714 2643 136.
772 2605 866 2640 Mox
897 2616 917 2638 e
947 2600 1096 2639 duobus

434 2655 547 2695 codd.
569 2672 637 2709 pro
658 2658 831 2699 ἔκπεδᾶν
848 2659 1024 2696 revocavi
1034 2657 1097 2697 ε’κ-

433 2712 622 2764 πηδέειν,
681 2715 786 2767 quod
842 2715 931 2753 hinc
976 2716 1099 2766 attigit

434 2769 569 2808 Matth.
596 2773 661 2810 Gr.
683 2774 751 2813 Gr.
773 2774 810 2819 §.
847 2776 898 2814 10
920 2785 1007 2824 pag.
1028 2773 1096 2821 44,

435 2827 502 2879 qui
530 2826 634 2864 idem
663 2841 751 2879 pag.
778 2830 853 2871 195
881 2831 1097 2870 conferatur

1142 1641 1191 1679 ad
1220 1642 1384 1679 formam
1421 1639 1680 1694 κνβερνήτεα.
1747 1644 1806 1679 De

1141 1699 1300 1735 notione
1328 1699 1430 1736 vocis
1460 1695 1572 1749 ψυχή
1610 1698 1688 1737 vid.
1708 1706 1807 1737 nott.

1142 1753 1191 1791 ad
1210 1755 1304 1801 VII,
1327 1756 1390 1794 39.
1449 1756 1524 1791 Pro
1545 1754 1689 1810 χρυσέῃ
1719 1767 1807 1794 στε-

1143 1805 1256 1864 φάνῃ
1290 1809 1365 1847 duo
1397 1810 1509 1852 codd.
1538 1811 1690 1866 χρυσέῳ
1721 1825 1808 1851 στε-

1143 1863 1292 1918 φάνῳ,
1343 1867 1447 1919 quod
1486 1870 1623 1905 merito
1664 1869 1810 1919 respuit

1144 1923 1395 1961 Valckenaer.
1411 1953 1421 1972 ,
1451 1938 1572 1976 quum
1594 1925 1810 1962 Herodotus

1146 1981 1307 2017 Homeri
1326 1993 1434 2018 more
1455 1980 1522 2029 (de
1542 1995 1617 2034 quo
1638 1982 1714 2019 vid.
1725 1983 1811 2018 Eu-

1148 2035 1260 2076 stath.
1281 2036 1329 2074 ad
1348 2038 1393 2075 Il.
1415 2039 1565 2088 XVIII,
1600 2038 1695 2080 597.
1732 2039 1809 2074 Ca-

1148 2095 1308 2132 saubon.
1341 2093 1389 2131 ad
1409 2094 1551 2132 Athen.
1572 2096 1617 2141 V,
1648 2096 1673 2134 8
1707 2107 1737 2132 S.
1759 2093 1812 2134 34

1151 2150 1200 2188 ad
1220 2163 1308 2201 pag.
1323 2153 1403 2191 202
1414 2152 1479 2198 Β.)
1500 2150 1702 2187 semininas
1717 2151 1814 2187 sub-

1146 2206 1238 2244 inde
1268 2207 1487 2257 praetulerit
1525 2207 1678 2245 formas.
1746 2208 1812 2244 Tu

1149 2263 1252 2301 conf.
1293 2263 1408 2299 etiam
1448 2262 1497 2299 ad
1530 2264 1569 2310 1,
1619 2265 1644 2304 9
1684 2264 1812 2302 allata.

1151 2321 1276 2370 Supra
1297 2319 1373 2367 VI,
1405 2322 1456 2360 69
1488 2319 1529 2359 οἱ
1550 2318 1755 2370 στέφανοι.

1219 2371 1437 2424 ἀποταμεῖν
1487 2373 1561 2428 την
1629 2374 1813 2427 κεφαλήν

1155 2429 1296 2483 αὐτοῦ]
1327 2432 1413 2470 vid.
1434 2440 1530 2470 nott.
1555 2431 1604 2470 ad
1624 2434 1715 2483 VII,
1745 2433 1813 2475 35.

1353 2523 1446 2574 cap.
1477 2523 1615 2564 CXIX.

1212 2599 1304 2642 οὔτε
1322 2599 1476 2650 ἄλλως,
1509 2600 1600 2642 οὔτε
1628 2616 1663 2641 κ.
1694 2617 1725 2641 τ.
1759 2602 1813 2651 λ.]

1154 2660 1181 2697 i.
1203 2673 1236 2697 e.
1258 2673 1366 2710 neque
1395 2659 1443 2697 ad
1471 2663 1607 2696 caetera
1629 2659 1722 2709 quod
1753 2663 1815 2696 at-

1153 2719 1260 2766 tinet,
1290 2730 1397 2766 neque
1439 2715 1530 2766 quod
1564 2716 1613 2752 ad
1636 2715 1815 2754 Persicam

1153 2773 1254 2812 illam
1269 2773 1417 2810 cladem.
1450 2774 1544 2809 Mox
1564 2785 1632 2823 pro
1653 2768 1813 2824 ἒρῤήθη

1152 2844 1243 2870 cum
1263 2829 1379 2869 Gaisf.
1401 2842 1451 2866 ex
1471 2842 1547 2867 uuo
1578 2828 1664 2867 cod.
1689 2829 1813 2880 recepi
