1879 3222
403 131 486 172 218

794 122 1250 162 IIERODOTI

405 236 526 291 παρὰ
555 235 600 278 δέ
632 246 711 290 σφι
739 234 920 288 εὕροντο
951 232 1068 286 παρὰ
1092 234 1352 276 Παυσανίεω
1371 231 1545 279 ἑστάναι
1562 243 1651 283 Ho-

404 301 656 358 τιδαιητέων
683 306 771 345 τῶν
800 302 845 345 ἐκ
876 300 1102 356 Παλλήνης
1130 302 1231 351 τούς
1270 301 1510 355 παρεόντας
1538 317 1651 355 τριη-

403 371 589 420 κοσίους.
633 368 803 414 τούτων
832 369 876 413 ὁὲ
905 367 1098 424 ἐχόμενοι
1127 370 1300 412 ἵσταντο
1326 367 1536 423 Ἀρκάδες
1560 368 1655 424 Ὀρ-
1667 374 1710 408 10

351 577 448 617 quae
475 564 687 602 Plataeensi
706 576 858 615 pugnae
887 564 1003 600 inter-

352 622 491 658 fuerint
517 622 580 657 ille
600 620 724 672 prodit
751 621 906 657 nomina
938 620 1006 655 tri-

351 677 443 729 podi
481 678 678 728 Olympico
705 677 900 726 inscripta3
932 687 1006 726 qua

353 734 401 771 de
431 747 471 770 re
509 733 651 771 disserit
679 729 926 769 Broendsted.
967 731 1006 766 in

352 790 440 827 ltin.
479 790 496 826 Ι
535 804 574 840 p.
609 791 687 829 106
717 801 822 839 seqq.
861 788 1008 823 Desunt

354 847 456 883 enim
477 845 578 895 apud
599 843 835 881 Herodotum
859 844 1008 880 incolae

353 903 521 954 quinque
541 901 747 937 insularum
767 900 909 949 Aegaei
925 912 1010 936 ma-

354 960 425 995 ris:
457 958 544 1004 Cei,
573 957 705 1005 Naxiij,
726 957 863 1002 Tenii,
889 954 1010 1007 Cyth-

354 1015 421 1061 nii,
441 1014 557 1061 Melii,
581 1025 744 1064 quorum
763 1014 919 1049 nomina
941 1025 1009 1048 ex-

355 1069 533 1107 hibentur
571 1070 610 1106 in
648 1070 712 1105 illa
756 1069 1010 1119 inscriptione,

357 1139 529 1178 quosque
562 1138 641 1162 non
671 1132 750 1162 tam
774 1139 843 1176 per
882 1138 1012 1162 socor-

357 1182 460 1219 diam
494 1183 541 1219 ab
590 1180 783 1218 Herodoto
819 1182 1012 1231 neglectos

356 1245 509 1290 putem,
548 1250 665 1290 quam
694 1239 818 1288 potius
848 1250 933 1274 eam
963 1238 1011 1274 ob

357 1307 522 1341 causam,
544 1293 646 1346 quod
659 1295 769 1344 pauci
779 1294 918 1332 suerint
937 1307 1013 1330 nu-

356 1364 463 1388 mero
483 1364 553 1387 nec
573 1351 705 1400 magni
724 1351 923 1398 momenti,
947 1363 1013 1387 ac-

359 1408 461 1444 censi
479 1410 561 1453 τοῖς
582 1410 729 1456 ψιλοῖς,
751 1420 845 1458 quos
866 1408 963 1458 ipsos
973 1408 1012 1442 in

360 1464 577 1501 universum
598 1462 714 1500 modo
734 1463 875 1500 indicat
894 1465 1016 1500 Hero-

362 1519 484 1567 dotus,
496 1521 705 1557 accuratius
716 1533 912 1557 recensens
921 1515 1015 1566 τούς

361 1573 522 1622 ὁπλίτας
533 1589 562 1612 5.
578 1577 700 1625 gravis
713 1583 924 1613 armaturae
944 1577 1016 1612 mi-

361 1632 456 1668 lites.
514 1630 625 1676 Quod
661 1644 751 1668 vero
792 1631 893 1681 apud
924 1644 1016 1667 eun-

362 1686 452 1724 dem
478 1687 706 1723 Pausaniam
734 1687 821 1724 Elei
847 1687 1017 1723 referun-

363 1751 435 1788 tur,
457 1755 549 1794 quos
560 1749 643 1793 post
657 1756 824 1793 pugnam
844 1743 1019 1780 advenis-

361 1813 401 1837 se
420 1798 533 1836 tradit
553 1798 770 1836 Herodotus
790 1800 859 1847 IX,
881 1801 946 1847 77,
979 1798 1019 1835 id

362 1854 637 1892 Broendstedio
678 1863 830 1893 auctore
869 1856 929 1891 vel
968 1856 1019 1892 ita

363 1911 645 1962 explicandum,
681 1918 725 1948 ut
753 1925 832 1949 non
867 1911 955 1948 Elei
979 1913 1020 1947 in

362 1969 627 2018 Peloponneso
648 1967 715 2005 sed
734 1968 820 2005 Elei
831 1968 1021 2005 Eretrien-

365 2037 418 2062 ses
437 2025 706 2074 intelligantur,
747 2025 810 2061 vel
851 2031 1022 2061 statuen-

368 2079 483 2128 dum,
514 2094 638 2117 errore
665 2081 810 2118 factum
839 2093 937 2129 esse,
981 2087 1023 2117 ut

366 2138 570 2174 Pausanias
589 2150 656 2188 pro
674 2136 936 2185 Palaeetzsz‘bus,
957 2137 1024 2188 qui

369 2206 500 2230 revera
512 2192 658 2239 desunt,
676 2194 810 2244 legerit
827 2195 865 2229 in
886 2194 947 2229 illa
963 2195 1022 2229 in-

369 2250 572 2301 scriptione
611 2249 740 2286 Eleos:
792 2250 1031 2288 FAAEIOI

372 2318 441 2357 pro
474 2308 697 2349 ΓΑΛΕΙΣ,
723 2306 935 2343 Eretrienses
954 2319 1024 2342 au-

373 2369 451 2398 tem
480 2369 593 2414 atque
636 2361 831 2398 Leucadios
864 2375 948 2398 eam
974 2362 1022 2398 ob

374 2430 526 2455 causam
570 2419 725 2455 omissos
772 2424 878 2468 putat
921 2417 1023 2454 idem

375 2473 624 2511 Broendsted.
653 2475 677 2511 l.
699 2475 747 2521 l.,
769 2473 872 2526 qnod
893 2472 932 2510 hi
948 2487 1024 2510 una

376 2542 465 2566 cum
485 2532 643 2568 aliarum
672 2529 833 2567 duarum
854 2532 1026 2580 gentium

380 2586 557 2623 militibus
593 2587 763 2624 collocati
802 2588 941 2623 fuerint
979 2600 1027 2623 ex

379 2654 489 2679 causa
518 2644 716 2693 quapiam,
746 2656 863 2695 quam
901 2650 1030 2680 tamen

379 2698 488 2736 nobis
508 2700 689 2748 expiscari
710 2698 811 2736 haud
833 2701 953 2738 liceat.

1116 560 1223 613 παρά
1249 561 1291 603 δέ
1312 575 1382 612 σφι
1407 561 1589 614 εὕροντο]
1617 564 1643 600 i.
1675 577 1712 605 e.

1061 631 1084 654 α
1105 617 1290 656 Pausania
1322 621 1418 672 (qui
1435 622 1546 658 totius
1567 621 1713 657 exerci-

1061 680 1120 711 tus
1147 673 1218 711 fuit
1243 674 1350 722 dux)
1382 679 1633 726 impetrarunt,
1672 679 1712 713 ut

1060 733 1166 768 iuxta
1187 732 1279 780 ipsos
1303 733 1333 768 iz·
1361 731 1615 777 Poticlaeatae,
1656 734 1716 783 qui

1063 787 1214 823 aderant
1242 790 1387 824 trecenti
1405 800 1541 824 numero
1564 789 1715 827 colloca-

1063 846 1195 880 rentur.
1241 845 1297 880 De
1321 844 1436 881 verbo
1462 842 1717 895 εὑρίσκεσθαι

1063 898 1141 937 vid.
1172 900 1239 946 IX,
1270 902 1323 940 26
1352 901 1436 937 coll.
1465 902 1501 939 6.
1527 902 1592 947 ΙΙΙ,
1627 899 1741 941 148-

1065 954 1288 992 Potidaeam
1316 969 1404 993 vero
1434 956 1718 993 Corinthiorum

1065 1012 1178 1048 fuisse
1218 1013 1429 1060 coloniam,
1475 1014 1528 1049 sic
1571 1014 1658 1050 satis
1698 1026 1719 1049 e

1067 1067 1298 1118 Thucydide
1323 1070 1350 1116 Ι,
1373 1070 1425 1109 56
1452 1076 1608 1107 constat.
1649 1070 1721 1105 Ur.

1066 1125 1121 1162 bis
1131 1126 1263 1161 Noster
1283 1126 1518 1161 mentionem
1537 1125 1626 1162 facit
1640 1126 1720 1174 Vll,

1068 1183 1161 1222 123.
1181 1182 1278 1224 VIII,
1303 1184 1379 1222 126
1398 1194 1478 1233 seq.

1123 1234 1274 1276 τούτων
1304 1235 1346 1275 δὲ
1385 1235 1594 1288 ἐχόμενοι]
1628 1237 1655 1274 ἰ.
1687 1251 1722 1275 e.

1071 1293 1162 1330 hisce
1203 1295 1357 1343 proximi
1392 1295 1539 1331 stabant
1568 1295 1607 1330 in
1642 1295 1722 1330 acie

1072 1350 1295 1386 Orchomenii
1334 1350 1489 1387 Arcades
1516 1349 1622 1402 (quo
1643 1351 1724 1390 scil.

1070 1407 1116 1443 ab
1138 1404 1398 1443 Orchomeniis
1417 1408 1570 1444 Boeotis
1591 1404 1726 1443 distin-

1069 1463 1307 1512 guerentur),
1329 1461 1478 1499 oriundi
1503 1463 1725 1512 Orchomeno,

1070 1531 1168 1570 quae
1187 1519 1257 1555 fuit
1278 1519 1364 1555 urbs
1399 1532 1489 1556 sane
1509 1520 1726 1571 antiquissi-

1071 1588 1158 1622 ma,
1188 1576 1228 1611 in
1250 1576 1483 1612 Graecorum
1512 1576 1617 1612 bellis
1647 1588 1727 1612 cre-

1071 1631 1139 1666 bro
1155 1637 1364 1666 memorata
1383 1630 1449 1667 sed
1461 1644 1536 1682 quo
1557 1638 1729 1681 tempore

1074 1686 1211 1723 Strabo
1241 1687 1360 1733 vixit,
1390 1687 1468 1722 iam
1497 1686 1632 1732 diruta,
1676 1688 1728 1724 ita

1074 1749 1116 1778 ut
1154 1742 1363 1778 Pausaniae
1395 1749 1515 1779 aetate
1555 1744 1729 1790 V111,13

1074 1811 1153 1835 non
1202 1799 1274 1834 nisi
1311 1799 1472 1848 exiguae
1521 1799 1732 1836 exstiterint

1074 1855 1273 1891 moenium
1314 1861 1426 1905 atque
1461 1853 1614 1891 aedium
1642 1855 1733 1891 reli-

1077 1912 1200 1962 quiae,
1209 1923 1287 1947 uon
1301 1911 1414 1960 longe
1435 1918 1602 1948 remotae
1615 1924 1636 1948 a
1647 1911 1731 1949 vico

1080 1967 1230 2017 Calpaci
1255 1980 1285 2003 s.
1333 1966 1515 2017 Calpacliz',
1545 1967 1593 2005 ad
1617 1981 1733 2020 quem

1079 2024 1126 2060 ab
1147 2024 1240 2059 urbe
1260 2023 1469 2073 Tripolitza
1490 2037 1556 2074 per
1571 2025 1733 2074 Capsam

1080 2079 1302 2117 devenimus
1321 2081 1439 2130 spatio
1472 2087 1633 2130 quatuor
1661 2078 1733 2117 ho-

1080 2149 1209 2172 rarum
1249 2143 1284 2172 et
1333 2136 1506 2185 amplius.
1566 2137 1733 2173 Testan-

1079 2200 1141 2229 tur
1179 2192 1276 2228 Gell.
1313 2198 1349 2227 et
1387 2190 1595 2240 Dodwe11.‚
1667 2193 1734 2244 qui

1079 2249 1195 2286 tribus
1224 2248 1343 2283 ferme
1372 2245 1472 2284 horis
1501 2261 1522 2285 a
1541 2250 1735 2285 Mantinea

1078 2318 1118 2342 se
1155 2302 1229 2340 linc
1260 2304 1471 2354 profectum
1499 2317 1577 2341 esse
1597 2306 1735 2342 scribit.

1079 2361 1193 2397 Plura
1207 2362 1393 2397 Mavmert.
1412 2362 1497 2397 *1111
1513 2374 1551 2411 p,
1563 2360 1642 2402 438
1654 2374 1736 2412 seq·

1080 2418 1217 2454 was-se
1251 2417 1299 2453 ad
1319 2415 1537 2467 Thucydid.
1559 2418 1602 2465 V,
1623 2419 1672 2456 61
1697 2422 1735 2452 et

1081 2475 1215 2524 Poppo
1236 2472 1284 2509 ad
1305 2471 1482 2524 Thucyd.
1499 2475 1527 2519 Ι,
1548 2476 1574 2513 2
1594 2473 1737 2522 p.189.

1083 2529 1199 2580 Apud
1238 2529 1475 2567 Herodotum
1522 2529 1608 2574 Vll,
1655 2530 1736 2569 202

1084 2585 1253 2623 eiusdem
1273 2587 1393 2636 gentis
1414 2585 1554 2622 mentio
1570 2585 1664 2620 inter
1677 2597 1738 2621 eas

1084 2650 1216 2694 gentes
1232 2673 1242 2690 ‚
1274 2655 1371 2694 quae
1393 2641 1440 2678 ad
1460 2639 1739 2691 Thermopylas

1087 2700 1269 2737 miseruut
1289 2699 1426 2749 copias.
1474 2698 1530 2733 De
1551 2697 1739 2748 Sicyoniis
