1879 3222
492 195 576 236 870

882 195 1341 233 HERODOTI

487 300 593 359 ,,βέο
622 301 671 345 τό
701 301 825 359 τέρας
853 306 1006 347 τοῦτο·
1041 303 1095 347 οὐ
1123 304 1205 360 γαρ
1229 304 1296 348 σοὶ
1312 304 1497 360 πέφῃνε·
1530 302 1615 348 ἀλλ’
1639 305 1734 361 ἐμοὶ

484 372 715 427 ,,σημαίνει
759 370 783 414 ὁ
832 372 878 415 ἐν
905 371 1153 415 Ἐλαιοῦντι
1182 375 1504 425 Πρωτεσίλεως,
1555 372 1621 415 ὅτι
1658 375 1732 417 καὶ

483 439 697 490 „novenis
726 439 799 482 καὶ
823 438 993 495 τάριχος
1022 439 1104 481 ἐών
1133 439 1323 495 δύναμιν
1351 438 1459 493 πρὸς
1487 442 1604 481 θεῶν
1648 439 1730 494 ἔχει

456 504 593 557 4,,τόν
633 505 858 550 ἀδικέοντα
898 509 1106 550 τίνεσθαι-

1162 510 1245 550 νῦν
1275 505 1338 550 ὦν
1367 506 1527 550 ἄποινά
1559 508 1602 549 οἵ
1630 505 1786 551 void-590

482 573 644 625 ,,ἐθέλω
683 574 914 618 ἐπιθεῖναι·
954 572 1051 617 ἀντὶ
1082 572 1160 627 μὲν
1199 574 1427 629 χρημάτων
1452 579 1538 618 τῶν
1573 574 1730 629 ἔλαβον

481 641 556 695 „fix
585 645 666 685 τοῦ
696 644 809 696 ἱροῦ,
841 641 993 685 ἑκατὸν
1022 642 1209 684 τάλαντα
1239 647 1492 685 καταθεῖναι
1532 645 1590 699 τῷ
1618 646 1729 700 θεῷ·

481 707 608 761 ,,οἶντ“ι
627 707 662 753 δ’
697 710 914 764 ἐμεωυτοῦ
944 710 1015 752 καὶ
1048 713 1126 752 τοῦ
1154 710 1308 758 παιδὸς
1338 707 1551 752 ἀποδώσω
1575 708 1732 752 τάλαν-

453 783 564 829 5,,τα
598 776 797 832 διηκόσια
823 774 1116 830 Ἀθηναίοισι,
1157 775 1523 831 περιγενόμενος.“
1585 780 1731 819 Ταῦτα

479 843 778 898 ὑπισχόμενος,
808 842 884 886 τὸν
914 842 1153 898 στρατηγὸν
1175 842 1436 891 Ξάνθιππον
1467 841 1548 885 οὐκ
1577 842 1784 886 ἔπειθε.95

479 912 523 953 οἷ
533 911 614 965 γὰρ
625 907 888 952 Ἐλαιούσιοι
899 913 959 966 τῷ
977 913 1257 968 Πρωτεσίλεῳ
1269 909 1730 967 τιμωρέοντεςέδέοντό
1778 964 1781 965 ⁷

478 992 554 1032 μιν
564 981 929 1033 καταχρησθῆναι,
942 978 1014 1021 καὶ
1033 977 1171 1021 αὐτοῦ
1190 982 1270 1022 τοῦ
1289 981 1529 1034 στρατηγοῦ
1547 978 1680 1035 ταύτῃ
1702 977 1728 1022 ὁ

451 1043 584 1094 σνόος
596 1043 734 1099 ἔφερε.
763 1044 1057 1100 ἀπαγαγόντες
1079 1046 1123 1089 δὲ
1136 1045 1270 1090 αὐτὸν
1283 1047 1323 1097 ἐς
1343 1047 1420 1102 τὴν
1440 1045 1573 1102 ἀκτὴν
1593 1046 1634 1097 ἐς
1652 1045 1730 1103 τὴν

476 1112 637 1168 Ξέρξης
667 1113 799 1165 ἔζευξε
827 1111 905 1155 τὸν
934 1111 1085 1166 πόρον,
1115 1115 1156 1156 οἱ
1184 1113 1230 1157 δὲ
1261 1115 1435 1170 λέγουσι
1463 1113 1530 1156 ἐπὶ
1555 1113 1632 1157 τὸν
1659 1130 1730 1157 κο-

477 1180 621 1224 λωνὸν
648 1179 727 1224 τὸν
754 1179 865 1235 ’ὑπὲρ
894 1180 1114 1225 Μαδύτου
1141 1180 1306 1236 πόλιος,
1337 1184 1493 1226 σανίδα
1511 1192 1730 1236 προσπασ-

475 1363 649 1419 πὲφῃνε]
671 1365 839 1416 adparuit
849 1364 1073 1416 interpreta-

409 1419 480 1459 ¹tul·
501 1421 866 1472 Schweighaeuser„
898 1436 944 1458 ex
965 1429 1074 1458 ante-

418 1474 839 1515 cedentibus'assumens
858 1477 981 1530 τέρας.
1001 1480 1074 1515 At-

418 1535 502 1584 tigit
540 1534 643 1571 idem
680 1541 899 1585 portentum
939 1533 1074 1571 Philo-

417 1597 565 1638 stratus,
579 1589 627 1626 ad
647 1592 728 1638 vll,
741 1592 791 1630 33
808 1589 993 1637 laudatus,
1008 1592 1073 1627 ubi

417 1642 462 1684 τό
481 1641 636 1696 τάριχος
655 1641 875 1695 α’ναβιῶναι
895 1646 1071 1695 legimus.

417 1702 510 1738 Mox
530 1715 618 1738 cum
641 1700 776 1738 Matth.
804 1703 941 1737 retinui
972 1701 1072 1740 τίνε-

418 1761 515 1796 σθαι
555 1758 724 1805 (ulcisci,
762 1770 906 1806 poenam
933 1758 1070 1807 luere).

412 1814 520 1850 Unus
540 1814 729 1850 Sancrofti
742 1814 835 1849 liber
851 1812 1066 1859 σινέεσθαι,

411 1876 454 1906 ut
473 1870 541 1917 IX,
563 1872 624 1916 13,
656 1870 718 1906 alii
739 1869 934 1918 σίνεσθαι,
964 1869 1066 1921 qnod

410 1925 537 1975 ipsum
584 1939 673 1962 cum
719 1924 923 1962 Schaesero
963 1925 1067 1963 dedit

410 1980 625 2020 Bekkerus.
663 1980 956 2019 Valckenaerius
985 1995 1065 2018 ma-

410 2037 532 2075 luerat
551 2039 764 2077 τίννυσθαι
783 2039 807 2075 i.
826 2052 859 2077 e.
880 2054 942 2088 τιμ
951 2042 1064 2090 ωρεῖ-

411 2098 520 2141 σθαι,
541 2107 617 2145 quo
636 2095 716 2145 ipso
736 2094 870 2132 eadem
890 2096 926 2131 in
940 2108 979 2131 re
990 2096 1066 2132 uti-

409 2157 471 2187 tur
490 2152 653 2189 Pausan.
676 2152 740 2198 111,
762 2151 787 2191 4
810 2153 846 2197 §.
869 2152 906 2192 5.

465 2203 615 2245 ἄποινά
647 2206 688 2246 οἱ
707 2204 801 2245 τάδε
832 2207 955 2246 ἐθέλω
978 2206 1064 2246 ἔπι-

407 2261 569 2313 θεΐναι]
591 2264 647 2299 Ita
666 2261 846 2299 exhibens
863 2263 1063 2313 Schweig-

408 2317 538 2357 haeus.
558 2320 600 2355 in
619 2325 710 2355 nota
737 2321 787 2355 ait
814 2321 883 2356 sibi
912 2321 1061 2369 probari

407 2376 556 2412 Pauwii
599 2376 856 2412 coniecturam
909 2373 1059 2415 ἄποινά

406 2447 463 2482 μο
478 2447 503 2480 ι,
549 2444 665 2483 quam
686 2431 846 2468 eandem
868 2433 906 2468 in
927 2434 1060 2468 Latina

407 2489 578 2525 versione
599 2490 799 2538 expressit:
837 2502 930 2526 nnnc
947 2491 1060 2537 igitur

408 2556 471 2591 ego
493 2544 581 2581 lianc
604 2545 772 2594 mz'lziipse
786 2545 961 2591 mulctam,
985 2545 1058 2594 qud

407 2600 571 2636 redimam
592 2601 751 2650 culpam,
787 2602 862 2638 volo
885 2604 1057 2649 irrogare.

406 2653 500 2689 Mihi
522 2654 621 2692 haud
638 2670 731 2707 opus
750 2657 897 2694 videtur
917 2671 938 2694 a
958 2659 1060 2694 libris

407 2710 550 2760 scriptis
585 2711 788 2750 discedere.
846 2711 952 2750 Nunc
984 2716 1060 2762 igi-

408 2770 478 2814 tur,
510 2767 631 2818 inquit
657 2769 877 2820 Artayctes,
898 2770 981 2807 haec
1008 2783 1063 2807 re-

1129 1365 1308 1403 donationis
1322 1368 1440 1415 pretia
1457 1368 1502 1403 ei
1530 1363 1592 1418 (οἷ
1608 1366 1631 1402 i.
1653 1379 1687 1403 e.
1708 1361 1783 1404 αὕ-

1129 1425 1196 1476 τῷ,
1229 1423 1434 1459 Protesilao
1471 1423 1566 1471 scil.)
1608 1422 1784 1472 adponam

1129 1493 1159 1515 s.
1201 1479 1341 1527 solvam,
1379 1486 1563 1531 tanquam
1599 1479 1784 1516 mulctam

1128 1536 1206 1573 scii.
1228 1534 1322 1572 mihi
1340 1543 1474 1586 sponte
1494 1537 1710 1585 irrogatam.
1738 1532 1782 1573 ἅ-

1127 1606 1248 1630 ποινα
1289 1592 1457 1628 invenies
1486 1593 1548 1640 VI,
1579 1593 1646 1632 79.
1695 1589 1782 1630 ἔπι-

1127 1651 1261 1684 θεῖναι
1282 1660 1350 1683 cur
1369 1648 1507 1692 solvere,
1536 1647 1681 1696 pendere
1701 1659 1779 1682 esse

1125 1709 1241 1752 neget
1260 1701 1658 1752 Schweighaeuserus,
1676 1701 1780 1739 haud

1125 1759 1310 1808 intelligo.
1376 1760 1440 1796 Sic
1469 1772 1562 1795 mox
1596 1762 1779 1797 καταθεῖ-

1127 1829 1192 1853 ναι
1222 1815 1384 1864 deponere
1413 1816 1451 1851 in
1482 1814 1543 1851 dei
1571 1816 1650 1851 scil.
1678 1821 1778 1851 tem-

1122 1871 1198 1921 plo,
1219 1869 1258 1906 id
1280 1877 1334 1907 est
1359 1871 1499 1908 solvere.
1537 1870 1621 1915 Quo
1642 1869 1778 1907 eodem

1121 1939 1230 1964 sensu
1251 1927 1339 1963 alibi
1354 1923 1622 1979 καταβάλλειν.
1651 1927 1710 1964 Cf.
1727 1928 1777 1976 11,

1123 1984 1218 2023 159.

1176 2035 1450 2091 τιμωρέοντες]
1464 2038 1663 2076 ulturiscil.
1684 2040 1775 2076 Pro-

1121 2096 1296 2132 tesilaum
1320 2096 1366 2131 ab
1400 2097 1580 2146 Artaycta
1616 2096 1775 2134 laesum.

1120 2151 1181 2188 Ad
1203 2152 1361 2189 verbum
1381 2153 1704 2202 καταχρησθῆναι
1724 2151 1774 2189 cf.

1120 2215 1214 2246 nott.
1238 2206 1285 2243 ad
1306 2208 1367 2254 IV,
1397 2207 1483 2247 146.
1539 2208 1597 2244 De
1617 2207 1774 2259 Illud-esto

1121 2264 1199 2300 dixi
1220 2262 1269 2300 ad
1283 2264 1363 2308 vu,
1385 2265 1450 2303 33.

1176 2320 1317 2358 σανίδα
1372 2317 1769 2370 προσπασσαλεύσαν-

1116 2377 1195 2424 τες]
1227 2375 1312 2413 vid.
1333 2377 1412 2423 Vll,
1434 2378 1485 2416 33
1524 2376 1653 2428 ibique
1673 2382 1768 2413 nott.

1115 2433 1271 2484 Aliquot
1290 2433 1374 2469 libri
1392 2432 1568 2478 σανίδας.
1625 2433 1687 2468 Tu
1717 2431 1766 2468 cf.

1114 2487 1208 2526 haec
1246 2490 1474 2526 excitantem
1510 2486 1680 2525 Eustath.
1716 2486 1766 2524 ad

1115 2544 1246 2596 Odys&
1267 2559 1305 2596 p.
1327 2547 1444 2590 1923,
1466 2542 1555 2583 46s.
1566 2544 1645 2582 780
1660 2542 1764 2582 med.

1114 2601 1223 2646 Quod
1262 2614 1351 2640 vero
1385 2597 1764 2648 Schweighaeuserus

1113 2659 1173 2695 vel
1194 2654 1292 2710 πρὸς
1312 2663 1397 2694 ante
1425 2655 1565 2694 σανίδα
1592 2655 1763 2692 inseren-

1115 2714 1207 2751 dum
1228 2715 1286 2751 vel
1321 2712 1453 2752 σανίδι
1479 2711 1762 2750 rescribendum

1114 2776 1240 2807 censet
1260 2771 1317 2819 (in
1337 2767 1440 2821 quod
1458 2765 1561 2804 idem
1577 2766 1760 2806 inciderat
