1847 3272
110 648 141 693 5

585 207 913 243 URANIA
972 205 1095 242 VIII.
1443 206 1470 244 7

214 333 295 362 νον
326 317 485 371 ὀλίγον,
515 314 590 359 ἔστ’
630 314 685 358 ἂν
715 313 842 358 αὐτοὶ
868 313 997 356 τέκνα
1017 330 1061 357 τε
1081 313 1154 357 καὶ
1179 313 1282 365 τούς
1303 313 1469 364 οἰκέτας

184 392 205 426 3
214 383 521 429 ὑπεκθέωνται.

208 445 448 508 Ἀθηναίων
505 449 747 508 στρατηγὸν
791 451 992 494 πείθουσι
1044 450 1334 503 Θεμιστοκλέα

1401 448 1471 492 ἐπὶ

208 522 355 576 μισθῷ
384 517 617 573 τριήκοντα
646 518 918 570 ταλάντοισι,
949 511 1086 584 Q
1107 532 1151 560 τε
1180 517 1467 572 καταμείναν-

207 603 274 638 τες
310 584 397 641 πρὸ
435 590 508 642 τῆς
545 585 740 643 Εὐβοίης
784 584 1040 641 ποιήσονται
1085 584 1166 641 τήν
1208 587 1465 641 ναυμαχίην.

205 654 253 697 Ὁ
301 654 347 697 δὲ
392 653 701 710 Θεμιστοκλέης
749 653 853 705 τούς
889 652 1100 708 ΓΈλληνας
1142 652 1329 707 ἐπισχεῖν
1382 646 1467 695 ὦδε

207 722 355 766 ποιέει.

416 721 677 779 Εὐρυβιάδῃ
715 721 886 766 τούτων
915 724 1004 764 τῶν
1031 718 1262 776 χρημάτων
1290 721 1463 775 μεταδι-

201 792 275 833 δοῖ
300 788 424 834 πέντε
460 790 661 843 τάλαντα,
692 789 751 841 ὥς
786 787 883 844 παρ’
916 789 1084 832 ἑωυτοῦ
1123 789 1260 843 δῆθεν
1299 785 1463 838 διδούς.

175 856 262 909 Ξῶς
300 856 344 902 δέ
392 859 434 901 οἱ
477 853 606 910 οὗτος
644 857 950 912 ἀνεπέπειστο,
1002 855 1270 912 Ἀδείμαντος
1312 853 1398 910 γάρ
1440 853 1463 897 ὁ

202 1049 275 1093 ἔστ’
306 1049 357 1093 ἂν
388 1049 502 1094 αὐτοὶ
530 1052 648 1094 τέκνα
676 1068 717 1094 τε
735 1052 802 1092 καὶ

144 1108 239 1157 τούς
259 1110 411 1158 οἰκέτας
426 1107 720 1159 ὑπεκθέωνται]
743 1112 802 1147 De

144 1169 259 1206 verbo
270 1166 564 1208 ὖπεκτίθεσθαι
590 1169 692 1206 conf.
703 1174 800 1204 nott.

144 1223 192 1261 ad
214 1224 260 1273 V,
283 1223 336 1265 65
358 1232 395 1262 et
415 1224 613 1271 add.V111‚
627 1225 693 1265 41.
722 1226 801 1261 Nec

145 1282 218 1317 alio
248 1283 413 1332 pertinet
444 1282 602 1320 verbum
631 1280 800 1320 ὑπεκκο-

145 1337 328 1388 μίξεσθαι
347 1340 415 1386 ΙΧ,
438 1341 462 1379 6
484 1345 520 1376 et
535 1337 801 1378 ὑπεκκεῖσθαι

144 1395 243 1439 VIII,
277 1397 330 1435 60
361 1397 397 1440 ξ.
420 1399 458 1436 2.
503 1395 652 1432 Similia
681 1407 802 1446 quae-

145 1449 235 1487 dam
253 1451 369 1488 verba
389 1452 550 1488 excitavi
566 1450 614 1487 ad
630 1451 693 1498 IV,
708 1452 802 1490 120„

146 1505 298 1554 οἰκέτας
316 1521 395 1544 non
425 1520 537 1545 servos
558 1515 706 1544 tantum
727 1506 801 1543 dici

143 1576 186 1600 ac
209 1565 398 1613 mancipia,
418 1576 551 1601 verum
568 1576 712 1610 omnes,
735 1563 801 1614 qui

142 1618 190 1656 ad
219 1620 406 1656 familiam
434 1619 643 1658 domumve
679 1619 799 1670 perti-

140 1683 268 1724 neant,
300 1677 499 1728 ipsamque
528 1676 623 1713 adeo
655 1688 797 1713 uxorem

139 1740 176 1770 et
196 1734 337 1778 liberos,
360 1747 380 1770 e
401 1733 578 1772 Thomae
598 1735 703 1783 Mag.
724 1733 796 1769 ob—

139 1791 350 1827 servatione
393 1805 432 1842 p.
462 1790 541 1831 644
576 1789 638 1827 hic
682 1789 795 1826 tradit

138 1847 425 1897 VVesselingius.
461 1848 526 1885 Tu
545 1846 623 1884 vid.
644 1847 795 1897 potissi-

137 1916 246 1940 mum
266 1905 364 1952 VIII,
390 1906 480 1952 106,
499 1904 565 1959 ubi
584 1901 793 1950 τούςοίκέ-

138 1975 206 2007 τας
234 1961 313 2011 ipse
343 1960 544 2011 postmodo
567 1962 793 2011 iuterpreta—

139 2023 199 2053 tur
218 2014 265 2055 τὰ
286 2015 404 2056 τέκνα
424 2017 490 2056 καὶ
516 2014 589 2068 τήν
609 2020 791 2068 γυναῖκα,

139 2079 181 2109 ut
200 2073 298 2120 VIII,
321 2075 372 2113 60
394 2075 431 2119 ξ.
453 2077 479 2114 2
499 2075 584 2111 coll.
605 2075 702 2121 VIII,
724 2072 794 2112 44

140 2126 233 2168 142.
256 2127 349 2167 144.

193 2178 432 2235 μεταβάντες
479 2181 549 2221 τόν
566 2179 794 2233 Ἀθηναίων

139 2236 354 2293 στρατηγὸν
375 2255 409 2278 κ.
429 2241 527 2288 *ar-L]
556 2238 705 2276 Eadem
716 2240 793 2276 fer-

137 2310 201 2334 me
250 2303 398 2333 enarrat
439 2294 634 2334 Plutarch.
683 2295 793 2332 The-

137 2354 299 2391 mistocl.
320 2357 345 2394 7
366 2367 453 2404 pag.
480 2353 570 2400 115,
592 2353 792 2393 Euboeen-

137 2424 194 2447 ses
214 2412 412 2458 timentes,
444 2423 493 2446 ne
515 2408 793 2453 Graeci-disce-

138 2466 283 2516 derent,
306 2467 403 2504 clam
428 2480 517 2504 cum
533 2465 792 2503 Themistocle

138 2525 270 2574 egisse,
301 2525 415 2561 misso
447 2537 534 2560 cum
557 2524 722 2573 pecuniis
744 2522 793 2560 ad

137 2582 263 2631 ipsum
283 2582 504 2631 Pelagonte,
532 2581 680 2631 aliaque
700 2579 793 2617 adii-

139 2639 188 2674 cit
220 2651 241 2674 e
269 2635 417 2674 Phania
445 2638 580 2674 Lesbio
607 2637 793 2674 desumta.

139 2693 238 2731 Add.
258 2694 414 2732 Aristid.
441 2693 560 2732 schol.
582 2692 629 2730 ad
656 2694 707 2731 T.
726 2695 791 2741 III,

138 2764 177 2801 p.
196 2754 275 2792 313
293 2763 380 2802 pag.
397 2753 476 2791 233
493 2749 714 2799 FrommeL,
728 2724 794 2787 ubi

141 2806 274 2845 eadem
301 2807 524 2859 produntur.
579 2808 795 2858 Displicue-

858 1060 946 1090 runt
986 1059 1114 1089 autem
1144 1050 1364 1089 Herodotea
1375 1081 1386 1099 ,
1429 1063 1518 1087 cum

859 1111 1012 1147 Graecis
1041 1110 1276 1160 principibus
1307 1120 1385 1144 non
1406 1106 1520 1145 valde

855 1168 930 1204 sint
950 1165 1171 1214 honorifica,
1185 1163 1514 1203 Pseudo-Plutar-

857 1222 929 1261 cho
961 1222 1031 1274 (T.
1051 1224 1086 1259 II
1121 1236 1209 1274 pag.
1238 1224 1321 1264 867
1341 1222 1428 1269 B.);
1469 1219 1517 1257 de

857 1294 934 1332 quo
954 1282 1005 1317 ita
1027 1279 1173 1317 disserit
1195 1277 1518 1317 Valckenaer..·

857 1339 900 1375 Si
927 1350 1016 1375 vera
1044 1344 1152 1385 sunt,
1174 1344 1216 1373 ut
1232 1348 1309 1373 esse
1325 1333 1514 1381 videntur,

857 1395 999 1432 veracis
1020 1391 1188 1430 historici
1213 1390 1367 1430 laudem
1387 1403 1516 1426 mere-

857 1457 918 1487 tur
955 1448 1190 1486 Herodotus:
1243 1447 1516 1485 verisimillima

856 1505 980 1542 reddit
995 1504 1148 1541 aliunde
1164 1510 1255 1541 nota
1270 1504 1340 1539 viri
1356 1503 1515 1539 maximi

857 1561 1127 1599 Themistoclis
1179 1560 1356 1606 avaritia,
1417 1571 1515 1610 quae

854 1612 1004 1657 sumn'm
1019 1619 1167 1669 saepius
1184 1618 1337 1667 ingenia
1347 1614 1515 1652 dedeco-

854 1683 920 1713 rat
926 1677 948 1696 “
988 1698 1038 1704 -—-
1080 1673 1142 1711 Ad
1178 1674 1416 1711 locutionem
1448 1669 1512 1711 ἐπὶ

853 1734 988 1785 μισθῷ
1018 1732 1119 1768 conf.
1143 1731 1185 1778 V,
1208 1730 1276 1777 65,
1308 1729 1374 1765 ubi
1395 1729 1509 1765 etiam

851 1790 1087 1827 locutionem
1108 1783 1167 1828 ἐπ’
1188 1784 1218 1841 ᾧ
1238 1801 1277 1825 τε
1299 1786 1419 1836 attigi.
1453 1786 1511 1821 De

852 1846 978 1884 dativo
993 1840 1205 1898 τριήκοντα
1220 1839 1447 1882 ταλάντοισι
1461 1842 1510 1878 cf.

848 1902 986 1940 Matth.
1037 1903 1103 1939 Gr.
1249 1901 1286 1946 ξ.
1325 1897 1431 1947 428,
1483 1896 1508 1937 5

849 1974 938 2012 pag
973 1957 1067 2001 794.

1081 2014 1142 2051 Ca
1152 2027 1191 2064 p
1221 2013 1268 2049 V.

905 2071 1111 2124 μεταδιδοῖ
1153 2068 1268 2109 πέντε
1318 2063 1506 2114 τάλαντα]

849 2132 906 2166 De
927 2128 1137 2165 accusativo
1158 2125 1232 2163 hoc
1255 2124 1322 2165 Cr.
1345 2123 1507 2160 conferri

849 2186 931 2221 vult
961 2183 1154 2219 Schaefer.
1174 2182 1316 2217 Melett.
1350 2181 1446 2215 critt.
1467 2192 1506 2227 p.

851 2243 918 2280 21..
947 2240 1012 2276 Tu
1034 2237 1110 2276 vid.
1134 2235 1269 2274 matth.
1292 2236 1358 2272 Gr.
1380 2236 1446 2271 Gr.
1467 2236 1505 2279 ξ.

850 2299 944 2342 528,
967 2298 990 2335 3
1008 2302 1085 2332 not.
1104 2307 1191 2345 pag.
1211 2294 1305 2339 634,
1325 2292 1391 2343 qui
1406 2289 1508 2327 idem

851 2354 888 2398 ξ.
912 2352 1061 2393 558111.
1082 2363 1170 2402 pag.
1196 2351 1301 2389 1172
1330 2347 1378 2384 de
1397 2348 1506 2384 locu—

850 2411 952 2447 tione
983 2403 1073 2459 παρ’
1103 2406 1256 2446 ἑωυτοῦ
1287 2402 1368 2455 (ubi
1405 2404 1505 2440 male

850 2467 943 2503 olim
963 2462 1053 2517 παρ’
1070 2463 1218 2516 ἑωυτῷ)
1240 2459 1506 2498 consulendus.

849 2522 950 2561 Add.
972 2520 1115 2558 Herod.
1143 2521 1191 2566 ΙΙ,
1218 2519 1307 2558 129.
1339 2517 1507 2565 V11,29.

849 2579 911 2616 Ad
932 2592 1044 2616 usum
1065 2577 1222 2615 voculae
1254 2574 1383 2623 δῆθεν
1403 2573 1505 2610 conf.

851 2638 928 2673 (itt.
959 2634 1007 2671 ad
1037 2636 1109 2682 111,
1141 2630 1206 2674 74.
1261 2629 1372 2668 Adde
1412 2642 1506 2667 mox

851 2689 1020 2740 Vfl1‚6.

908 2764 960 2795 ως
997 2745 1038 2787 ὁε
1077 2744 1117 2786 οἱ
1146 2746 1262 2790 οὗτος
1300 2739 1418 2782 [ἔνεπε
1414 2739 1504 2780 ’-πει

852 2818 918 2846 στο
949 2819 984 2844 κ.
1015 2817 1043 2843 τ.
1067 2804 1121 2852 λ.]
1185 2803 1299 2838 Deest
1332 2798 1380 2836 ad
1410 2797 1502 2835 haec

580 400 640 434 ως
677 382 713 427 δ’
754 381 834 426 οὐκ
864 380 1062 434 ἔπειθον,
1101 380 1360 438 μεταβαντες
1389 380 1467 424 τὸν
1481 387 1525 421 50

1525 647 1556 675 Id
1565 646 1793 682 quomodo'rheff

1524 682 1672 709 mistocles

1479 722 1602 759 55ctum
1621 714 1746 743 dederit.

1723 682 1780 709 effi:
1785 698 1794 701 -
