1879 3222
302 224 389 266 418
848 221 1225 262 ΟΟΜΜΕΝΤΑΤΙΟ

303 332 487 388 quasdam
516 334 619 386 leges
655 332 763 387 sequi
782 332 956 384 videtur,
995 342 1037 374 ut
1056 336 1184 374 omnia
1212 335 1260 374 ad
1288 348 1406 373 unam
1427 333 1664 389 eandemque
1682 350 1777 376 nor-

301 405 407 429 mam
427 389 577 428 dialecti
604 392 755 428 Ionicae
784 393 984 429 constituta
1007 394 1103 443 sint3
1136 395 1227 446 quin
1248 393 1321 431 hoc
1341 395 1465 443 ipsum
1483 394 1694 444 posterioris
1713 407 1777 431 ae·-

299 449 384 486 tatis
404 449 741 499 grammaticorum
759 447 925 485 studium
945 449 1078 498 fuisse,
1109 457 1150 487 ut
1165 450 1423 497 Herodotum,
1446 463 1560 501 quem
1585 451 1624 486 in
1644 451 1778 501 singu-

298 505 345 542 lis
371 505 502 542 formis
521 505 718 557 verbisque
737 517 814 542 non
834 506 962 542 omnia
984 504 1032 542 ad
1047 518 1163 542 unam
1183 508 1354 557 regulam
1370 514 1512 543 certam
1533 507 1687 558 exigere
1714 508 1778 544 in-

298 568 500 609 venerant,
532 562 761 612 corrigerent
777 568 812 598 et
832 561 880 598 ad
899 563 1049 598 Ionicae
1070 561 1218 600 dialecti
1241 576 1440 611 canonem,
1475 576 1591 615 quem
1611 563 1682 600 sibi
1701 562 1778 600 fm-

297 624 456 667 xerant,
482 619 602 668 magis
622 618 923 664 conformarent,
944 625 986 654 ut
1003 618 1188 668 suiipsius
1209 621 1329 670 magis
1361 627 1534 657 constans
1563 620 1627 657 ille
1658 631 1778 670 appa-

298 681 419 723 reret,
448 675 604 725 vestigia
624 674 812 727 quaedam
832 674 998 711 indicare
1017 673 1204 711 videntur.
1232 671 1273 724 ’ἢ
1330 677 1518 713 Nimirum
1544 677 1627 713 illos
1646 688 1779 726 gram-

297 731 456 768 maticos
484 730 587 768 idem
618 730 819 768 offendisse
839 730 1007 777 videtur,
1038 743 1113 781 quo
1136 732 1193 767 vel
1216 739 1341 769 nostra
1363 739 1482 769 aetate
1511 731 1612 769 haud
1637 744 1779 782 paucos

298 788 396 824 viros
417 786 546 824 doctos
567 787 709 824 offendi
724 786 914 832 videmus,
947 785 1050 838 quod
1070 788 1209 824 scilicet
1228 787 1441 824 Herodotus
1461 801 1539 826 non
1564 790 1692 825 omnia
1712 801 1779 825 ac-

298 850 427 885 curate
448 843 496 880 ad
514 845 665 880 Ionicae
685 843 834 880 dialecti
852 844 954 893 leges
969 856 1220 895 normamque
1236 844 1492 894 exegerit,sed
1511 845 1600 882 alias
1619 846 1780 882 aliarum

297 912 451 952 quoque
472 898 719 937 dialectorum
738 900 877 936 formas
896 901 1109 950 promiscue
1129 898 1364 949 adhibuerit,
1389 914 1438 936 ne
1457 902 1496 937 in
1516 901 1602 951 ipsis
1623 900 1780 952 quidem

296 957 434 993 Ionicis
461 956 592 993 formis
619 957 689 993 sibi
718 969 867 1006 prorsus
899 963 1092 1005 constans,
1136 970 1298 1009 quarum
1318 959 1356 994 in
1383 958 1512 994 locum
1531 957 1780 1006 vulgarisaut

298 1012 396 1062 epici
431 1013 613 1049 sermonis
642 1013 788 1050 formae
818 1011 923 1049 haud
953 1026 1036 1050 raro
1064 1013 1290 1063 succedant,
1327 1016 1379 1051 ita
1408 1020 1450 1050 ut
1478 1014 1582 1050 nulla
1602 1018 1782 1064 appareat

297 1080 428 1116 causa,
459 1082 526 1106 cur
546 1067 645 1106 hanc
663 1070 743 1107 sive
762 1070 866 1124 illam
885 1070 1049 1106 formam
1067 1072 1297 1121 praetulerit.
1352 1072 1555 1107 Auxerunt
1574 1067 1673 1107 hanc
1702 1069 1781 1106 sive

297 1125 518 1163 varietatem
547 1126 625 1163 sive
652 1126 944 1163 inconstantiam
974 1127 1115 1163 librarii
1152 1127 1327 1164 codicum
1350 1128 1540 1174 incuriosi,
1563 1122 1636 1176 Μ)
1664 1137 1781 1176 prave

296 1181 438 1218 formas
456 1182 576 1219 varias
595 1183 863 1233 permiscentes
883 1197 954 1219 nec
973 1183 1025 1220 ita
1045 1182 1309 1232 discernentes,
1330 1191 1371 1221 ut
1389 1185 1427 1219 in
1449 1184 1540 1220 locis
1564 1181 1686 1220 dubiis
1705 1182 1782 1219 cri-

297 1237 393 1275 ticus
413 1236 569 1287 habeat,
600 1238 704 1291 quod
723 1246 912 1291 sequatur,
942 1241 1161 1290 praesertim
1182 1254 1269 1277 cum
1285 1242 1349 1278 vix
1369 1239 1493 1277 adhuc
1514 1246 1615 1276 certo
1635 1243 1782 1276 constet

299 1292 347 1330 de
357 1295 513 1345 singulis
528 1294 639 1332 huius
651 1295 801 1333 dialecti
812 1296 941 1334 formis
951 1297 1251 1349 flexionibusque
1263 1311 1333 1334 nec
1354 1298 1432 1347 ipsa
1444 1297 1781 1347 grammaticorum

297 1358 497 1402 praecepta
507 1365 594 1389 cum
605 1353 660 1401 iis,
673 1366 770 1404 quae
779 1353 935 1403 singulis
947 1354 1036 1390 locis
1048 1352 1149 1404 apud
1163 1353 1344 1391 Herodot.
1362 1354 1447 1390 libri
1467 1354 1591 1403 scripti
1603 1350 1781 1394 afferunt,

297 1408 522 1456 concinantt,
554 1410 645 1460 quin
667 1409 770 1460 quod
780 1411 1250 1460 ipsigrammaticiveteres
1273 1424 1321 1447 ex
1339 1409 1521 1446 Herodoti
1543 1407 1644 1444 libriS
1661 1419 1782 1459 quae-

298 1460 389 1500 dam
426 1464 588 1504 afferunt
619 1461 743 1514 mm),
802 1467 958 1518 quaein
982 1465 1197 1514 Herodoto,
1235 1468 1386 1517 qualem
1414 1477 1518 1500 nunc
1537 1464 1663 1514 scripti
1695 1462 1783 1499 libri

298 1517 492 1567 exhibent,
521 1520 659 1557 frustra
679 1533 851 1572 quaeras.
909 1523 1014 1566 Quae
1034 1534 1152 1573 quum
1168 1522 1219 1558 ita
1241 1535 1280 1558 se
1304 1520 1469 1558 habeant
1484 1551 1494 1569 ,
1524 1519 1782 1569 WesselingIO

295 1575 410 1612 satius
424 1574 625 1613 videbatur
648 1578 810 1627 optimos
833 1590 1002 1629 quosque
1017 1579 1124 1630 sequi
1144 1577 1314 1626 codices,
1354 1583 1556 1629 praecepta
1585 1587 1782 1627 gramma-

295 1631 460 1668 ticorum
478 1638 634 1668 enotare
646 1639 682 1669 et
702 1632 749 1669 ad
759 1640 908 1670 textum
922 1635 1057 1670 melius
1080 1634 1399 1681 constituendum,
1435 1632 1562 1685 quoad
1580 1645 1648 1683 per
1665 1632 1780 1668 libros

295 1687 447 1735 liceret,
487 1685 689 1736 adhiberer,
722 1701 890 1740 eumque
912 1688 984 1726 hac
1008 1691 1047 1725 in
1069 1703 1130 1737 re,
1162 1691 1252 1726 alios
1278 1697 1320 1727 ut
1350 1697 1516 1736 taceam,
1547 1695 1699 1725 secutus
1726 1693 1781 1724 est

294 1743 470 1790 Reizius,
501 1742 665 1781 deseruit
684 1743 909 1782 Schaeferus
925 1775 935 1793 ,
968 1746 1035 1797 qui
1063 1745 1272 1782 formarum
1303 1745 1495 1798 quandam
1517 1745 1780 1792 constantiam,

295 1812 414 1850 quam
443 1800 483 1835 in
504 1799 688 1837 Herodoti
709 1801 934 1838 editionibus
955 1814 1068 1852 aegre
1097 1801 1352 1850 desiderabat,
1379 1803 1573 1839 restituere
1593 1813 1683 1838 cum
1701 1800 1782 1837 vel-

294 1855 359 1904 let,
381 1856 510 1893 omnia
535 1855 583 1893 ad
603 1869 722 1894 unam
748 1857 987 1910 eandemque
1006 1871 1182 1894 normam
1207 1865 1425 1910 certamque
1449 1858 1570 1894 Ionici
1596 1857 1780 1894 sermonis

294 1912 467 1961 regulam
495 1912 548 1949 ita
582 1915 731 1964 exegit,
760 1920 824 1961 ut,
864 1927 996 1965 parem
1011 1915 1081 1951 sibi
1099 1913 1256 1951 reddere
1281 1929 1369 1951 cum
1391 1920 1591 1951 conaretur
1608 1910 1781 1949 Herodo-

293 1974 403 2016 tum,
432 1980 526 2005 mox
549 1975 679 2006 tamen
708 1971 788 2020 ipse
808 1971 1057 2021 intelligeret,
1092 1984 1209 2022 quam
1229 1979 1371 2008 temere
1393 1971 1523 2021 egerit.
1580 1970 1713 2020 Itaque
1739 1968 1782 2004 in

294 2025 356 2063 via
381 2025 584 2063 subsistens
616 2025 665 2063 ad
697 2027 864 2078 priorem
884 2028 1131 2078 Wesselingii
1164 2028 1352 2066 rationem
1372 2033 1502 2079 utpote
1522 2025 1702 2063 tutiorem
1720 2030 1781 2061 at-

383 2234 422 2280 ²¹³)
450 2235 550 2270 eonf.
575 2236 814 2282 premeridd.
838 2238 970 2272 lenens.
997 2238 1084 2272 1817
1106 2248 1157 2270 nr.
1184 2239 1247 2273 161
1272 2250 1308 2282 p.
1332 2237 1399 2272 352
1427 2239 1462 2270 et
1484 2235 1561 2270 add.
1577 2235 1621 2269 H.
1645 2235 1778 2280 Apetz.‚

292 2280 351 2325 qui
382 2282 425 2315 ad
458 2282 622 2317 Herodot.
655 2283 702 2327 11,
741 2285 803 2318 121
837 2296 871 2329 p.
896 2286 964 2318 290
988 2295 1070 2317 suae
1094 2283 1173 2317 edit.
1204 2284 1250 2316 ita
1284 2283 1499 2327 pronuntiat:
1548 2280 1692 2324 „Nimia
1714 2281 1780 2314 fuit

292 2328 584 2370 grammaticorum
609 2340 693 2374 prae
717 2330 840 2363 ceteris
864 2341 988 2374 opera,
1015 2340 1113 2372 quam
1137 2329 1171 2362 in
1196 2341 1236 2362 eo
1261 2328 1479 2369 collocarunt,
1502 2331 1541 2360 ut
1564 2326 1684 2360 Musae
1709 2327 1779 2360 He-

292 2371 404 2405 rodoti
426 2372 598 2407 mulierum
623 2375 810 2409 Ionicarum
833 2387 924 2409 more
950 2375 1107 2419 pretiosis
1133 2374 1270 2408 indutae
1294 2373 1443 2406 vestibus
1454 2372 1657 2406 incederent.
1682 2371 1780 2406 Non-

293 2418 401 2450 nullas
424 2419 603 2452 verborum
628 2420 773 2463 formas,
810 2431 893 2465 quas
917 2421 949 2452 in
975 2424 1069 2451 textu
1095 2419 1286 2452 retinendas
1310 2419 1472 2452 editorum
1494 2417 1612 2462 religio
1636 2417 1778 2460 curavit,

293 2463 370 2496 huic
394 2463 503 2497 inutili
530 2464 642 2498 studio
667 2465 862 2499 debe1nus.“
887 2485 931 2490 —
979 2465 1057 2498 Non
1080 2463 1199 2498 dubito
1214 2490 1223 2507 ‚
1247 2464 1329 2509 quin
1353 2465 1538 2510 complures
1565 2464 1681 2497 harum
1705 2463 1779 2496 sor-

293 2518 419 2542 marum
448 2509 576 2544 ionicae
607 2510 661 2544 vel
695 2510 807 2555 potius
833 2511 987 2556 poeticae
1020 2521 1061 2543 ex
1093 2511 1248 2544 versibus
1273 2510 1410 2544 Homeri
1434 2514 1469 2543 et
1493 2508 1656 2553 Pythiae,
1693 2519 1778 2553 quos

295 2553 488 2588 Herodotus
512 2555 663 2590 historiis
685 2556 849 2600 inseruit,
873 2558 908 2591 in
932 2560 1061 2591 textum
1084 2555 1322 2603 irrepserint.“
1367 2555 1454 2590 Add.
1479 2555 1607 2589 Sti-uve
1631 2553 1777 2594 Quaest-

293 2598 443 2633 Herodd.
467 2601 614 2646 specim.
637 2602 654 2636 I
678 2613 711 2648 p.
739 2604 791 2637 10.

388 2667 435 2709 ”)
460 2669 510 2701 Ac
533 2670 652 2704 merito
676 2670 892 2716 conqueritur
925 2671 1053 2706 Sti-uve
1077 2671 1219 2712 Quaest.
1244 2668 1392 2704 Herodd.
1423 2668 1526 2714 Spec.
1557 2666 1592 2701 11
1624 2678 1703 2712 pag.
1734 2668 1775 2702 15

295 2711 474 2763 plerosque
497 2715 628 2750 codices
655 2717 820 2751 Herodoti
844 2717 879 2752 in
902 2718 1039 2761 talibus,
1063 2728 1148 2763 quas
1171 2715 1324 2751 minufiflfl
1347 2716 1447 2759 ”¹¹3⁰
1471 2714 1608 2757 lumeni,
1631 2723 1698 2747 ¹¹⁰⁰
1718 2723 1777 2748 ⁶⁸⁶

297 2761 343 2790 tis
365 2762 524 2791 accurate
547 2761 685 2795 collatos
708 2774 795 2797 esse.

390 2824 456 2869 ‘⁸‘)
481 2823 579 2859 Cons.
606 2827 807 2873 wesseling.
830 2828 922 2863 Dius.
946 2829 1073 2863 Herod.
1098 2828 1147 2862 VI
1167 2839 1203 2873 p.
1225 2828 1269 2862 48
1294 2836 1369 2872 seq.
