1879 3222
564 188 592 224 Ι.
622 188 783 224 INDEX
810 188 999 224 RERUM.
1447 186 1531 227 453

94 295 226 339 recipit,
251 308 291 331 ex
310 297 372 331 ins.
395 297 497 337 Elbo,
521 294 580 328 ubi
598 296 758 337 latuerat,

92 344 209 385 redux,
237 343 282 384 ΙΙ,
307 343 372 377 140
394 347 464 375 not.

46 390 180 432 Anysis,
205 390 295 430 urbs,
319 391 362 429 ll,
386 388 453 421 137
476 390 545 420 not.
574 390 607 421 et
630 385 759 430 Anysia

91 435 306 478 praefectura
335 435 370 468 in
399 435 572 478 Aegypto,
611 433 655 473 ΙΙ,
690 432 757 465 166

90 484 161 514 not.

44 527 186 569 Auysus,
208 528 305 569 pater
328 524 572 565 Tetramnesti,
603 523 676 567 vll,
701 523 756 557 98.

43 574 145 611 Aous,
168 571 303 611 fluvius,
327 571 387 610 lx,
405 570 450 603 92
472 576 539 604 not.

42 619 214 661 Aparytae
236 627 326 658 pop.,
348 617 411 657 Ill,
435 616 473 649 91
503 620 572 649 not.

40 663 209 706 Apaturia
232 662 331 703 festa,
355 663 383 703 I,
409 662 475 695 3147
499 667 568 696 not.
592 662 630 705 >i)

40 708 206 752 Apcliotes
229 712 350 741 ventus
373 710 429 750 lv,
452 708 497 741 22
521 713 588 744 not.
610 708 668 752 >kal‘)

39 756 128 797 Aper
177 752 338 787 immanis
384 756 564 798 Mysorum
600 755 755 788 devastat

81 809 179 839 arva,
205 799 232 841 I,
255 799 312 832 36.
337 800 373 833 in
396 801 515 834 Al'rica
543 802 669 842 nullus,
695 802 753 843 lv,

81 843 148 877 192
174 850 242 879 not.
271 846 351 889 ***)

34 890 122 934 Apes
156 890 234 924 loca
276 895 370 925 trans
410 892 534 926 Istrum
567 903 750 934 occupare,

79 936 237 970 Thraces
259 940 410 980 narrant,
443 950 563 981 parum
589 938 750 979 probabi-

77 981 157 1015 liter
178 984 348 1017 Herodoti
371 984 549 1026 scntentia,
566 985 606 1025 V,
624 983 678 1016 10.
704 985 749 1017 cf.

76 1032 147 1060 not.

31 1072 186 1117 Aphetae
220 1071 411 1119 (Ἀφέται,
438 1074 461 1108 i.
485 1086 514 1109 e.
541 1076 633 1107 locus
659 1075 748 1108 unde

75 1120 175 1152 navis
207 1121 380 1163 solvitur),
415 1121 458 1154 ad
491 1121 682 1154 Maliacum
700 1121 746 1153 si-

73 1176 171 1206 num,
205 1166 296 1207 VllI,
328 1165 362 1206 4,
386 1166 419 1200 6.
451 1168 540 1200 unde
563 1178 688 1201 nomen
714 1166 746 1200 ei

75 1210 287 1254 impositum,
312 1212 385 1252 VH,
411 1212 477 1245 193
501 1216 570 1246 not.

28 1256 209 1300 Aphidnae
232 1257 266 1290 in
298 1258 409 1291 Attica
435 1258 642 1302 'l'yndaridis
664 1269 745 1301 pro-

74 1302 177 1345 ditae,
205 1303 268 1343 IX,
291 1303 347 1336 73.
373 1305 463 1344 vlu,
488 1304 555 1337 125
582 1308 652 1339 not.

26 1348 245 1391 Aphirlnaeus
259 1350 505 1391 Callimachus,
519 1351 575 1390 VI,
590 1350 656 1383 109
666 1352 735 1384 not.

26 1395 252 1438 Aphrodisias
275 1394 398 1437 insula,
422 1397 480 1436 IV,
504 1396 571 1429 169
595 1401 665 1429 not.

25 1440 243 1484 Aphthitana
267 1443 488 1483 praefectura
510 1442 546 1475 in
570 1443 743 1486 Aegypto,

71 1486 116 1525 ΙΙ,
141 1485 208 1517 166
235 1491 306 1520 not.

24 1532 260 1575 Aphytisopp.
277 1533 309 1565 in
321 1533 474 1575 Pallene,
503 1533 576 1574 VH,
598 1534 743 1567 123n0t.

24 1577 124 1621 Apin,
155 1577 179 1610 i.
208 1589 237 1612 e.
262 1579 394 1621 Tellus,
418 1581 483 1613 dea
506 1579 657 1623 Scythis,
684 1580 742 1622 IV,

67 1621 113 1655 59
137 1626 205 1656 not.
231 1625 274 1668 †)

21 1668 212 1712 ApidanuS,
256 1680 284 1703 ε.

66 1714 186 1755 saliae,
211 1714 284 1756 VII,
312 1716 379 1749 129
402 1721 470 1749 not.
493 1716 567 1757 VII,
593 1716 670 1750 196.

21 1760 114 1838 ΑΡΙὶΙε,
135 1760 298 1838 &egypti
325 1763 405 1795 urbs
428 1762 561 1807 Libyae
584 1762 737 1804 confinis,

102 1831 111 1846 ,
202 1813 271 1840 not.

21 1852 113 1895 Apis,
137 1852 286 1896 Aegypt.
309 1853 414 1894 Dens,
439 1853 653 1887 Graecorum
685 1854 734 1886 Ε-

64 1897 211 1940 paphus,
235 1897 278 1938 lI,
304 1897 382 1932 153.
418 1901 553 1941 quando
575 1903 731 1941 apparet,

64 1943 319 1986 Aegyptiorum
343 1945 480 1984 festum,
513 1945 574 1985 III,
600 1944 645 1977 27
661 1950 729 1977 not.

64 1988 138 2021 eius
160 1988 344 2032 descriptio
365 1993 400 2022 et
431 1994 530 2023 notae
558 1991 733 2033 significa-

63 2034 124 2073 tio,
149 2047 177 2066 c.
204 2034 249 2067 28
272 2041 342 2068 not.
368 2036 508 2068 Excurs.
535 2036 626 2068 '1'.ll
650 2047 734 2080 pag.

63 2079 131 2112 641
155 2080 194 2113 ff.
222 2080 345 2113 illusus
367 2092 388 2114 a
415 2082 587 2124 Cambyse
607 2087 640 2115 ct
653 2084 729 2115 vul-

62 2131 200 2159 neratus
235 2128 423 2166 contabuit,
457 2140 487 2161 e.
527 2128 571 2160 29
604 2132 673 2161 not.
697 2128 731 2161 ei

61 2172 143 2204 nula
166 2173 324 2214 Memphi
348 2184 370 2206 a
392 2173 644 2208 l'sammiticho
669 2185 728 2208 ae-

61 2217 211 2262 dificata,
236 2218 283 2260 II,
309 2218 390 2254 153.

320 1670 513 1713 Epidanus,
548 1671 584 1703 ss.
628 1671 742 1704 Thes-

815 298 946 340 Apollo,
971 295 1222 340 Aegyptiorum
1246 296 1376 336 notus,
1407 294 1530 339 Osiris,

862 343 889 381 (i
922 355 951 377 c.
986 343 1129 386 Bacchi)
1153 347 1188 376 et
1212 343 1311 375 Isidis
1333 342 1382 375 fil.
1417 352 1438 375 a
1461 343 1531 376 Im-

859 392 940 420 tona
971 389 1102 421 nutrice
1149 390 1348 429 occultatus,
1392 388 1437 429 11,
1462 387 1529 421 144

858 437 928 466 not.
959 433 1026 467 156
1060 439 1130 468 not.
1160 435 1232 467 eius
1266 434 1457 474 oraculum,
1483 434 1528 476 ll,

857 478 914 512 83.
956 480 1121 521 templum
1145 480 1249 521 Bato,
1274 480 1318 523 Il,
1344 479 1422 513 155.
1449 478 1527 512 156.

857 525 933 557 fons
960 526 1112 568 Apollini
1145 536 1240 559 sacer
1262 525 1296 558 in
1320 526 1446 569 Libya,
1469 526 1527 567 lv,

855 569 923 603 158
959 576 1028 604 not.
1070 572 1194 613 Apollo
1225 570 1333 604 Sileni
1364 573 1529 615 Marsyae

858 618 985 658 pellem
1022 618 1114 659 apud
1150 617 1308 660 Phryges
1339 618 1526 660 suspendit,

855 663 929 703 ΥΠ,
964 662 1019 695 26.
1044 663 1089 695 cl'.
1125 665 1192 696 not.
1242 663 1286 695 ad
1309 663 1399 696 solos
1415 663 1526 697 Meta-

853 708 1012 752 pontinos
1035 707 1068 740 in
1090 708 1228 741 Italiam
1253 707 1358 749 venit,
1389 708 1526 743 Aristea

854 754 992 795 comite,
1027 755 1084 795 lv,
1118 752 1174 787 15.
1216 753 1341 797 Apollo
1384 753 1525 797 Scythis

855 801 1046 844 Oetosyrus
1070 800 1276 840 nominatus,
1307 800 1365 840 IV,
1389 799 1445 833 59.
1478 801 1524 833 A-

853 847 975 890 pollini
985 846 1127 888 Triopio
1152 846 1249 879 ludos
1266 846 1440 879 celebrant
1451 847 1523 879 Do-

852 894 990 933 rienses,
1007 892 1125 933 I,144.
1148 892 1318 934 Apollinis
1341 892 1522 926 delubrum

852 939 944 981 apud
983 939 1075 972 Abas
1107 939 1307 980 opulentum
1332 943 1366 971 et
1398 949 1519 971 oracu-

854 985 938 1025 lum,
964 984 1056 1025 vm,
1080 983 1135 1019 33.
1158 985 1202 1018 cl’.
1223 997 1252 1018 e.
1285 984 1364 1018 134.
1397 984 1521 1028 Apollo

850 1031 1039 1064 Panionius
1061 1031 1088 1071 1,
1113 1030 1268 1064 148110t.
1293 1031 1427 1073 Apollo'
1450 1030 1521 1074 Ly—

850 1076 935 1115 cius,
958 1076 985 1117 I,
1011 1075 1078 1108 182
1101 1080 1169 1109 not.
1191 1077 1314 1119 Apollo
1332 1077 1521 1119 Didymae-

848 1133 889 1155 us
913 1122 955 1154 T.
985 1122 999 1153 Ι
1020 1133 1051 1164 p.
1071 1121 1152 1154 927.
1178 1123 1302 1164 Apollo
1323 1119 1521 1166 Ἑκηβόλος

847 1172 881 1201 et
918 1164 1123 1208 Εὕσκοπος,
1157 1168 1196 1208 V,
1220 1168 1266 1200 60
1291 1172 1359 1200 not.
1392 1168 1521 1210 Apollo

846 1214 1038 1255 Laconum,
1056 1212 1166 1253 vJ‚57
1178 1217 1245 1249 not.
1264 1213 1433 1256 Apollinis
1444 1213 1519 1246 cul-

847 1264 901 1293 tus
916 1260 1074 1303 Spartae,
1100 1258 1240 1297 unm.
1266 1260 1339 1292 eius
1358 1264 1470 1292 statua
1483 1259 1519 1292 in

845 1306 1033 1339 Thornace
1044 1306 1225 1348 Laconica,
1239 1306 1264 1346 Ι,
1276 1305 1321 1338 69
1330 1317 1361 1338 η.
1377 1305 1517 1338 Ismenii

844 1351 1015 1393 Apollinis
1046 1351 1180 1384 Thebis
1214 1352 1396 1394 templum,
1420 1351 1447 1391 Ι,
1472 1351 1518 1384 52

844 1402 915 1432 not.
952 1396 997 1429 92
1029 1402 1097 1430 not.
1140 1398 1178 1437 V,
1209 1397 1254 1430 59
1283 1400 1353 1430 not.
1393 1396 1442 1429 ibi
1475 1408 1518 1430 ex

845 1443 990 1475 victima
1028 1454 1191 1485 responsa
1234 1442 1298 1476 Dei
1343 1446 1517 1485 petuntur,

845 1489 938 1529 VIII,
963 1488 1030 1521 134
1054 1493 1124 1522 not.
1163 1489 1240 1523 Ptoi
1272 1488 1439 1530 Apollinis
1463 1489 1517 1522 fa-

843 1547 927 1568 num
958 1535 1218 1575 Thebanorum,
1240 1535 1333 1575 VIII,
1355 1534 1422 1568 135
1445 1539 1515 1569 not.

842 1581 1030 1623 Delphicus
1055 1582 1191 1623 Apollo,
1216 1592 1237 1614 a.
1257 1582 1383 1614 Croeso
1405 1582 1515 1614 Grae-

843 1638 963 1659 corum
989 1628 1078 1659 Deus
1094 1627 1301 1667 nominatus,
1323 1630 1357 1660 et
1382 1627 1515 1667 praeci-

842 1684 909 1716 pue
940 1673 1063 1713 cultus,
1096 1672 1123 1714 I,
1148 1671 1203 1705 90.
1241 1672 1286 1706 cf.
1319 1684 1348 1704 c.
1372 1670 1418 1705 50
1442 1683 1513 1715 seq.

844 1730 866 1752 a
889 1719 1016 1750 Croeso
1041 1718 1230 1758 invocatus,
1264 1729 1372 1762 pyrae
1396 1718 1514 1762 ignem

841 1763 1041 1807 exstinguit,
1090 1765 1118 1804 Ι,
1164 1763 1220 1797 87.
1267 1764 1512 1797 vaticiniorum

839 1821 980 1843 snorum
1000 1811 1220 1851 exprobranti
1240 1810 1409 1843 rationem
1435 1811 1512 1843 red-

837 1856 900 1896 dit,
939 1856 967 1897 I,
1004 1855 1058 1888 90,
1092 1855 1150 1889 91.
1197 1855 1367 1898 Apollinis
1411 1866 1513 1889 arma

835 1905 957 1942 sponte
989 1901 1190 1944 apparentia
1219 1901 1389 1944 Delphis,
1417 1901 1511 1943 VIII,

789 1993 969 2036 Apollonia
1002 1992 1039 2025 in
1070 1993 1181 2026 Ponto
1205 1992 1357 2034 Euxino,
1381 1992 1440 2034 IV,
1464 1991 1511 2026 90

834 2043 903 2072 not.
927 2044 959 2071 et
982 2037 1038 2071 93.

787 2085 970 2129 Apollonia
994 2084 1030 2116 in
1055 2083 1131 2116 sinu
1150 2083 1256 2124 Ioni0,
1281 2083 1345 2124 Ix,
1369 2082 1415 2116 92
1439 2087 1508 2118 not.

833 2130 891 2162 ubi
916 2141 1035 2162 sacrae
1058 2129 1141 2163 solis
1165 2140 1258 2171 oves,
1282 2130 1341 2166 lx,
1367 2129 1423 2161 93.
1460 2130 1510 2161 A-

830 2175 1159 2220 p011‹1niaros·ager
1198 2172 1248 2219 {y}
1279 2172 1506 2218 Ἀπολλωνίῃ

830 2219 961 2266 χώρη),
986 2222 1071 2255 ibid.

106 2333 138 2378 ¹³)
172 2334 223 2367 Cf.
251 2333 418 2367 Heinicke
434 2335 574 2370 Homer.
588 2335 724 2369 Go'tter.
741 2346 776 2369 u.
792 2336 1114 2370 Heldendualismus
1133 2347 1168 2381 p.
1194 2335 1239 2371 83
1261 2346 1356 2380 seqq..

105 2379 162 2423 **)
187 2380 276 2413 Add.
293 2381 404 2412 Kruse
426 2381 544 2413 Hellas
561 2383 575 2413 I
596 2394 630 2424 p.
649 2382 731 2416 275.

105 2426 166 2466 ''**)
193 2426 401 2459 Add.Rozet
414 2428 559 2470 Voyage
579 2428 661 2460 dans
680 2428 714 2460 la
730 2440 876 2472 regence
894 2429 1042 2472 d'Alger.
1061 2429 1155 2461 Paris
1169 2427 1256 2462 1833
1278 2428 1320 2460 Τ.
1337 2427 1351 2459 1
1374 2438 1408 2471 p.
1427 2425 1506 2471 251,

16 2471 73 2514 qui
90 2483 193 2516 apros
212 2484 300 2505 nunc
330 2474 527 2515 frequentes
548 2485 610 2516 per
629 2474 802 2517 Algeriam
824 2476 969 2519 reperiri
988 2476 1121 2508 asserit.

104 2518 145 2560 †)
171 2519 222 2550 De
243 2520 338 2563 Apia
361 2519 452 2551 conf.
470 2530 605 2562 quoque
626 2521 775 2564 Halling.
792 2521 827 2553 in
845 2522 976 2554 Annall.
1001 2521 1184 2555 Viennens.
1206 2519 1289 2552 LIX
1319 2530 1354 2562 p.
1376 2518 1443 2552 273
1469 2522 1505 2550 et

17 2559 60 2594 G.
80 2562 317 2608 Dankowszky
337 2564 372 2596 in
390 2565 493 2605 libro,
518 2565 575 2606 qui
594 2565 788 2599 inscribitur
803 2569 1007 2609 Fragmente
1028 2579 1086 2599 zur
1108 2566 1312 2598 Geschichte
1337 2565 1399 2596 der
1418 2564 1505 2597 Vol-

16 2605 79 2638 ker
96 2619 214 2654 ungar.
233 2611 302 2643 und
321 2611 506 2644 slaviseher
521 2613 651 2655 Zunge,
674 2613 844 2656 Presburg
871 2613 968 2654 1825,
993 2613 1050 2644 ubi
1079 2609 1180 2644 Ἀπία
1199 2623 1273 2644 esse
1299 2610 1390 2644 vult:
1421 2613 1504 2643 Λιι-

10 2652 112 2697 ]n'gffi
135 2657 226 2698 quod
245 2657 426 2690 vernacule
446 2656 606 2689 reddunt:
657 2658 713 2690 die
731 2660 822 2691 nach.
842 2659 917 2691 und
936 2660 1030 2691 nacla
1053 2659 1266 2690 trt'nlcende!
1312 2657 1392 2690 Vid.
1413 2657 1503 2689 Hei-

16 2697 174 2744 delberg.
193 2703 329 2737 lahrbb.
350 2704 438 2737 1826
464 2714 514 2735 nr.
540 2703 582 2736 31.
601 2716 635 2746 p.
656 2703 734 2738 485.
758 2705 870 2737 Kruse
889 2705 924 2735 in
950 2704 1131 2746 Biisching.
1149 2703 1350 2737 Wiichentl.
1380 2703 1502 2735 Nach-

14 2742 114 2779 richt.
136 2746 193 2787 lv,
212 2747 235 2780 4
259 2761 337 2791 pag.
356 2749 422 2782 358
440 2749 484 2782 ita
497 2749 671 2792 disputat,
695 2756 733 2782 ut
751 2752 846 2796 Apia
864 2750 954 2783 idem
979 2750 1051 2783 fere
1073 2750 1120 2783 sit
1141 2760 1265 2783 nomen
1293 2755 1396 2794 atque
1415 2750 1502 2793 Opis

17 2801 46 2822 ε.
73 2792 173 2837 Upis,
196 2800 372 2839 utrumque
394 2797 528 2829 Terrae
546 2807 681 2828 nomen.
