1879 3222
301 195 385 235 384
850 192 1130 231 COMMENTA
1137 194 1223 231 TlO

304 305 370 343 tiat
390 305 578 343 Lucianus
598 305 623 344 l.
644 318 756 356 supra
775 306 815 354 l.,
836 319 914 343 rem
934 320 1002 358 pro
1017 320 1124 344 more
1145 320 1342 345 exornasse
1365 314 1400 344 et
1421 309 1615 359 ampliasse
1634 316 1768 360 putan-
1820 351 1822 357 Ι

305 363 374 399 dus
398 364 463 409 sit3
494 375 541 398 ex
562 375 637 413 quo
660 370 788 398 tamen
811 365 967 399 minime
988 364 1025 400 id
1044 367 1230 416 sequitur,
1262 378 1414 400 omnem
1439 367 1661 403 recitationis
1680 380 1769 403 nar-
1820 365 1834 402 f.

304 420 488 469 rationem
513 419 693 455 contiuuo
714 432 780 469 pro
798 420 887 457 falsa
909 427 944 456 vt
964 420 1095 456 ficticia
1113 435 1189 457 esse
1214 420 1440 457 hahendam.
1471 418 1512 469 ἡ)
1816 455 1835 465 „

416 476 520 520 Quae
540 488 659 526 quum
678 477 728 511 ita
747 476 839 522 sint,
871 478 910 512 iis
932 475 1225 527 haudquaquam
1247 479 1412 514 assentiri
1434 489 1583 527 possum
1598 505 1608 523 ,
1641 477 1705 527 qui
1725 477 1770 512 il-

302 530 381 566 lam
400 532 653 568 narrationem
673 530 720 568 de
740 534 954 568 recitatione
976 539 1011 568 et
1033 532 1080 568 de
1101 532 1328 583 Thucydide
1349 547 1464 583 puero
1490 540 1682 583 praesente
1707 544 1770 567 ae-

303 599 378 637 que
398 589 499 624 reiici
521 594 556 624 et
586 600 653 638 pro
674 587 759 623 fictzi
779 587 907 624 haberi
927 589 1056 624 velint.
1113 590 1169 624 De
1192 589 1419 640 Thucydide
1450 593 1590 638 primus
1623 588 1771 624 dubita-

303 643 369 679 bat
401 645 616 680 Heilmann.
641 644 678 680 in
700 645 772 681 vit.
797 643 1052 694 Thucydidis,
1091 657 1206 695 quam
1235 647 1527 696 interpretationi
1551 645 1773 681 vernaculae
1826 679 1829 686 ,

303 700 497 749 praefixitt,
526 702 692 751 itemque
720 702 851 750 Poppo
884 702 921 735 in
952 701 1126 749 proleg-g.
1148 700 1196 736 ad
1215 701 1423 751 Thucyd.l
1452 716 1485 752 p.
1509 702 1587 741 335
1609 715 1637 737 s.
1661 715 1696 750 p.
1721 703 1773 739 30

303 755 363 792 ed.
386 757 539 794 Gervin.
595 758 693 792 Nam
725 757 877 805 ingenio
900 755 1158 806 Thucydidis,
1189 758 1253 807 qui
1273 758 1376 806 vulgi
1405 757 1532 794 iudicii
1562 763 1775 794 contemto—

303 825 387 848 rem
415 826 455 849 se
481 814 581 849 sistat
609 825 679 848 nec
707 812 824 847 ullam
851 810 985 862 prodat
1006 811 1242 848 Herodoteae
1270 811 1444 849 historiae
1472 812 1774 858 admirationem,

301 866 397 905 haec
418 881 628 919 repugnare
650 874 860 906 autumant.
929 868 1029 913 Quos
1049 875 1176 905 tamen
1194 882 1281 906 cum
1306 870 1391 906 satis
1410 870 1584 905 refutavit
1612 869 1775 920 Heysel.

301 925 330 962 l.
345 938 383 975 p.
404 926 457 964 28
476 937 569 975 seq.,
589 923 766 975 equidem
785 922 880 960 nihil
899 926 1059 975 amplius
1079 924 1217 962 addere
1238 924 1371 961 habeo.
1428 927 1505 961 Nec
1526 925 1672 972 melius,
1687 925 1777 975 ,opi-
1829 936 1837 966 f

302 993 388 1028 nor,
423 993 480 1016 res
509 981 685 1017 successit
704 979 946 1017 Dahlmanno
972 979 1028 1031 ἑὲ),
1059 983 1125 1033 qui
1150 983 1189 1018 in
1209 983 1303 1018 libro
1324 995 1435 1032 supra
1456 980 1606 1018 laudato
1627 982 1777 1031 copiosa

304 1035 552 1086 disputatione
570 1036 609 1073 id
625 1036 772 1073 efficere
792 1036 946 1084 studuit,
967 1045 1010 1074 ut
1032 1036 1129 1075 hanc
1149 1038 1388 1075 traditionem
1411 1037 1456 1074 de
1474 1037 1663 1074 Herodoto
1684 1049 1778 1087 opus

301 1105 415 1129 suum
433 1094 673 1143 praelegente
691 1106 846 1130 omnem
869 1106 890 1130 a
904 1095 1086 1142 Luciano,
1106 1096 1282 1145 scriptore
1302 1094 1478 1130 mendaci
1502 1107 1572 1130 nec
1599 1094 1675 1130 ulla
1704 1091 1779 1129 fide

303 1148 442 1199 digno,
474 1151 675 1186 confictam
705 1164 782 1186 esse
812 1157 1003 1200 putemus.
1062 1153 1116 1187 Ac
1151 1153 1211 1187 vel
1247 1165 1290 1187 eo
1312 1164 1432 1202 usque
1465 1149 1703 1200 progreditur
1723 1150 1780 1185 vir
1830 1172 1833 1201 3

305 1205 553 1254 doctissimus,
591 1213 632 1242 ut
653 1208 813 1243 Graecos
834 1207 916 1243 talis
945 1208 1066 1258 operis
1089 1208 1346 1244 recitationem
1367 1206 1496 1243 audire
1527 1207 1689 1257 potuisse
1708 1218 1780 1240 ne-
1827 1211 1846 1248 ᾖ

303 1269 387 1311 get,
433 1264 526 1313 quin
564 1262 732 1299 taedium
760 1262 848 1299 inde
869 1265 1055 1313 ceperint
1084 1265 1229 1315 virique
1266 1264 1410 1300 iuvenis
1449 1262 1779 1314 reprehensionem
1823 1271 1838 1283 ‘-

304 1319 467 1355 Graecas
487 1333 544 1356 res
564 1321 742 1356 elevantis
762 1332 874 1369 aegre
893 1318 1062 1356 tulerint!
1095 1334 1213 1372 quum
1230 1321 1423 1356 neminem
1438 1333 1527 1356 sane
1548 1320 1678 1369 fugiat,
1700 1320 1781 1353 He-

303 1374 427 1411 rodoti
448 1374 616 1413 historias
635 1389 714 1412 non
735 1376 783 1412 ad
806 1376 1029 1412 elevandam
1044 1376 1109 1412 sed
1130 1376 1177 1413 ad
1197 1376 1457 1413 illustrandam
1488 1377 1623 1412 Graeci
1652 1375 1780 1410 nomi-

302 1432 361 1468 nis
391 1431 551 1481 gloriam
577 1433 617 1468 in
650 1433 760 1469 rebus
790 1433 946 1469 Persicis
974 1435 1142 1469 maxime
1171 1434 1415 1483 conspicuam
1443 1445 1520 1469 esse
1541 1432 1781 1481 conscriptas.

301 1489 337 1524 N
340 1500 381 1525 ec
400 1487 566 1526 firmiora
582 1502 660 1526 esse
673 1502 770 1541 quae
789 1490 860 1525 alia
871 1490 993 1526 attulit
1008 1489 1111 1525 idem
1127 1488 1389 1526 Dahlmannus
1403 1495 1639 1539 argumenta,
1654 1494 1781 1524 osteu-

305 1543 360 1581 dit
389 1546 513 1596 Heyse
543 1546 693 1595 copiosa
722 1552 759 1582 et
784 1552 957 1582 accurata
985 1545 1234 1596 disputatione
1254 1559 1341 1596 pag.
1366 1544 1542 1591 30—49,
1584 1556 1699 1595 quam
1719 1541 1788 1586 hiel
1831 1556 1834 1558 ·

303 1607 473 1650 repetere
505 1615 583 1638 non
603 1608 723 1638 vacat.
785 1602 859 1637 Ubi
879 1603 1013 1638 merito
1035 1604 1091 1639 vir
1111 1601 1241 1638 doctus
1260 1603 1420 1638 Luciani
1437 1601 1598 1650 suscepit
1618 1600 1782 1650 patroci-

304 1657 415 1692 nium
433 1670 473 1706 Ρ.
495 1660 560 1703 38,
593 1670 708 1708 quem
731 1656 895 1692 eundem
914 1659 1134 1707 scriptorem
1162 1656 1234 1694 hac
1255 1659 1293 1693 in
1315 1669 1425 1693 causa
1444 1656 1607 1692 studiose
1627 1662 1782 1692 tuentur

304 1713 419 1748 Iacob
447 1713 486 1747 in
509 1713 606 1749 libro
631 1712 679 1749 de
697 1713 840 1761 scriptis
862 1719 898 1748 et
917 1712 1043 1749 indole
1064 1714 1222 1749 Luciani
1252 1727 1289 1762 p.
1315 1711 1390 1752 134
1412 1725 1490 1762 seq.
1511 1712 1596 1748 coll.
1619 1712 1660 1749 C.
1683 1713 1783 1747 Her-

305 1780 438 1804 mann.
465 1767 513 1804 ad
534 1769 715 1807 Luciam:
747 1769 828 1812 Quo
849 1767 965 1805 modo
980 1767 1108 1806 histor.
1129 1782 1198 1805 scr.
1220 1768 1346 1818 p-257
1368 1775 1403 1803 et
1426 1769 1661 1818 potissimum
1683 1769 1782 1803 Krii-

306 1836 387 1873 ger,
406 1824 446 1859 in
465 1825 618 1863 Annall.
641 1824 893 1861 Beroliuenss.
928 1826 1031 1864 1828
1058 1838 1116 1861 nr.
1137 1826 1190 1864 29
1223 1831 1260 1860 et
1284 1826 1321 1859 in
1356 1824 1451 1860 libro
1474 1823 1520 1859 de
1543 1822 1783 1875 Thucydidis

306 1881 383 1917 Vit.
413 1892 500 1930 pag.
523 1882 698 1920 12—21
714 1908 723 1925 ,
759 1881 823 1931 qui
855 1881 968 1916 etiam
989 1882 1131 1932 reliqua
1152 1879 1384 1916 Dahlmanni
1404 1879 1516 1929 fregit
1545 1886 1782 1930 argumenta.

308 1936 408 1982 Quin
422 1937 460 1971 in
475 1937 560 1986 ipsis
580 1935 763 1973 Herodoti
783 1936 906 1973 verbis
921 1938 984 1983 III,
1003 1937 1055 1976 80
1076 1944 1112 1973 et
1136 1937 1196 1983 VI,
1214 1936 1265 1976 43
1288 1938 1446 1985 Kriiger.
1476 1937 1502 1972 l.
1522 1936 1547 1972 l.
1578 1950 1613 1986 p.
1637 1938 1688 1975 23
1716 1949 1784 1972 ve-

305 1993 461 2043 stigium
489 1994 666 2043 cognosci
686 2005 793 2043 posse
814 1999 945 2043 putat,
977 2005 1025 2028 ex
1052 2005 1126 2044 quo
1149 1991 1389 2029 Herodotum
1410 1999 1496 2028 ante
1523 2004 1617 2042 opus
1633 1992 1784 2028 finitum

307 2057 421 2101 atque
442 2050 621 2085 emissum
641 2050 806 2098 singulas
829 2048 1011 2100 quasdam
1032 2047 1271 2085 historiarum
1301 2055 1422 2099 partes
1452 2048 1603 2099 publice
1633 2049 1784 2099 praele-

308 2107 405 2156 gisse
425 2107 632 2156 suspiceris.
690 2105 800 2150 Quod
824 2107 878 2142 uti
899 2105 978 2141 fieri
1007 2106 1349 2155 potuisse‘miniine
1369 2117 1479 2154 nego,
1511 2117 1559 2140 ex
1578 2104 1635 2142 his
1655 2111 1784 2142 tamen

310 2163 400 2200 locis
420 2164 485 2199 vix
506 2170 606 2199 certo
629 2163 754 2211 colligi
772 2175 877 2212 posse
898 2163 973 2197 iam
995 2161 1072 2198 dixi
1093 2163 1130 2198 in
1153 2168 1229 2197 not.
1260 2163 1310 2197 T.
1335 2162 1386 2196 Ill
1407 2175 1444 2210 p.
1467 2163 1561 2201 281.

420 2220 517 2254 Huic
546 2232 635 2256 vero
664 2220 871 2255 recitationi
900 2219 1097 2268 Olympiae
1126 2217 1274 2254 habitae
1295 2218 1451 2253 alteram
1471 2218 1672 2267 iungamus
1691 2223 1785 2254 teste

309 2275 512 2312 Plutarcho
540 2278 596 2312 De
616 2276 802 2326 malignit.
831 2274 973 2313 Herod.
996 2287 1078 2325 cap.
1098 2276 1151 2314 26
1171 2287 1208 2325 p.
1231 2275 1311 2314 862
1331 2275 1376 2313 Β.
1401 2269 1500 2325 ΜΨ)
1531 2280 1644 2326 atque
1662 2275 1784 2310 Euse-
1824 2296 1828 2305 ›

403 2476 433 2519 ⁸)
458 2475 537 2509 Vid.
562 2477 677 2520 Heyse
700 2476 722 2512 l.
745 2475 769 2509 l.
793 2487 825 2521 p.
850 2476 904 2510 27.
928 2475 1064 2519 Kriiger
1088 2474 1143 2507 l.l.
1169 2486 1201 2519 p.
1226 2475 1281 2510 30.

402 2543 458 2586 Η)
484 2555 561 2588 pag.
591 2545 632 2578 12
655 2555 725 2588 seq.
751 2544 968 2584 Dahhnanno,
993 2543 1076 2576 alios
1101 2547 1137 2575 nt
1162 2547 1302 2582 taceam,
1332 2552 1438 2586 nuper
1461 2537 1603 2573 accessit
1617 2537 1784 2579 hegenl,

313 2587 437 2677 klpsagl.
471 2591 598 2624 8—19
626 2593 660 2623 et
693 2591 744 2623 vir
766 2591 885 2624 doctus
908 2589 941 2622 in
962 2588 1199 2633 Ephemeridd.
1234 2588 1383 2621 lenenss.
1419 2587 1503 2620 1828
1539 2595 1590 2618 nr.
1618 2586 1680 2619 187
1705 2595 1782 2629 pag.

406 2700 486 2743 **'*)
499 2702 621 2735 Locum
645 2703 751 2746 ipsum
774 2703 873 2747 paulo
898 2702 1121 2736 obscuriorem
1145 2701 1329 2735 adscribam
1353 2700 1535 2741 integrum:
1561 2695 1653 2732 ἀλλὰ
1671 2695 1781 2732 τοῦτό

315 2756 352 2788 γε
376 2745 427 2787 (ἱιι
451 2747 602 2790 proxime
624 2749 898 2781 antecedentibus
922 2748 1126 2781 Herodotum
1151 2747 1198 2779 ait.
1221 2745 1487 2783 Atheniensibus,
1518 2756 1616 2788 quum
1642 2744 1782 2777 omnium

316 2793 523 2826 Graecorum
547 2803 601 2825 res
624 2795 774 2827 scribere
797 2796 969 2837 professus
993 2794 1057 2834 sit,
1081 2792 1203 2836 insigni
1226 2791 1320 2824 modo
1343 2801 1426 2834 prae
1450 2790 1570 2823 ceteris
1600 2790 1781 2830 studuisse)
