1996 3238
667 192 1012 230 URANIA.

141 307 206 352 23
275 303 466 358 μαχιέ-ων
503 299 666 352 αὐτούς
705 299 888 357 ἀπόσχῃ.

1070 194 1200 231 V111.
1487 194 1540 233 31

959 301 1268 358 Θεμιστοκλέης
1298 303 1376 358 μὲν
1404 305 1541 345 ταῦτα

1597 312 1798 340 harbarorum

1598 346 1703 374 classis
1722 346 1759 373 ad
1788 350 1806 372 Α
1814 350 1857 373 rte

273 371 494 437 ἐνέγραψέ.
551 373 662 412 τοῖσι
694 369 739 412 δὲ
770 368 1036 424 βαρβάροισι
1081 369 1236 414 αὐτίκα
1271 369 1375 426 μετὰ
1405 375 1540 414 ταῦτα
1553 377 1680 425 95530

274 440 410 496 πλοίῳ
440 439 549 492 ἠλθε
580 436 690 493 ἀνὴρ
716 436 957 490 Ἱστιαιεύς,
990 437 1207 494 ἀγγέλλων
1235 438 1313 481 τὸν
1343 438 1540 494 δρησμὸν

243 504 350 549 Ξτὸν
380 503 451 548 ἀπ’
478 504 748 561 Ἀρτεμισίου
777 511 866 550 τῶν
890 505 1121 562 Ἑλλήνων.

1183 508 1225 550 οἱ
1264 506 1306 549 δ’
1337 505 1409 549 ὑπ’
1439 504 1541 549 ἀπι-

271 574 390 629 στίης
429 572 508 616 τόν
553 575 632 630 μὲν
671 574 934 630 ἀγγέλλοντα
976 574 1091 631 εἶχον
1131 573 1178 616 ἐν
1208 577 1400 630 φυλακῇ,
1431 577 1540 629 νῆας

273 640 319 684 δὲ
356 642 524 696 ταχείας
568 639 824 686 ἀπέστειλαν
861 643 1267 698 προκατοψομένας.

1336 640 1539 697 ἀπαγγει-

269 708 441 752 λάντων
472 709 517 752 δὲ
547 710 718 754 τούτων
747 711 799 754 τοὶ
827 707 904 768 ἦν,
937 711 1052 755 οὕτω
1084 713 1136 767 δή
1168 710 1255 766 ἅμα
1284 710 1391 766 ἡλίῳ
1423 712 1538 753 σκιδ-

268 777 442 834 ναμένῳ
472 780 591 820 πᾶσα
620 776 647 834 ἡ
679 780 858 836 στρατιὴ
889 781 1025 823 ἔπλωε
1057 779 1161 835 ἁλὴς
1201 779 1268 822 ἐπὶ
1310 777 1358 821 τὸ
1386 775 1538 832 Ἀρτε-

239 847 432 900 3μίσιον.
463 845 707 901 ἐπισχόντες
736 848 781 891 δὲ
811 848 858 891 έν
887 847 1027 904 τούτῳ
1056 852 1116 905 τῷ
1145 846 1268 903 χώρῳ
1305 845 1429 902 μέχρι
1458 845 1563 900 μέ-1

269 926 352 956 σου
391 911 572 969 ἡμέρης,
612 912 660 956 τό
702 912 788 958 ἀπὸ
826 915 988 959 τούτου
1030 916 1197 959 ἔπλωον
1235 915 1277 965 ἐς
1322 914 1537 970 Ἱστιαίην.

240 980 531 1037 4ᾰπικόμενοι
562 982 620 1034 δὲ,
649 982 731 1038 τήν
749 982 881 1027 πόλιν
910 983 1036 1039 ἔσχον
1065 988 1154 1027 τῶν
1178 981 1431 1026 Ἱστιαιέων·
1461 982 1535 1026 καὶ

416 1158 508 1209 Cap.
529 1158 675 1194 xxm.

264 1234 489 1285 Ἵστιαιεῦς]
515 1238 569 1273 Ita
591 1237 763 1288 plerique
784 1237 869 1273 libri

206 1294 333 1345 scripti
355 1307 443 1331 cum
465 1292 658 1330 Plutarch.
680 1296 714 1330 11
736 1308 772 1344 p.
786 1296 867 1334 867

205 1351 254 1388 E.
310 1352 354 1387 In
370 1352 587 1388 Florentino
610 1358 730 1387 exstat
752 1346 869 1388 Ἰστι-

208 1404 288 1455 εΰς,
309 1408 348 1443 in
365 1409 445 1444 aliis
456 1407 604 1445 duobus
617 1407 730 1444 codd.
750 1405 867 1445 Ἰστι-

207 1461 288 1513 ἐΰς,
311 1471 516 1516 utrumque
538 1464 733 1501 mendose.
767 1465 868 1499 Hinc

203 1522 302 1557 infra
323 1535 477 1573 quoque
504 1535 608 1558 nunc
640 1522 776 1558 rectius
797 1532 866 1570 pro

203 1579 308 1628 vulg.
328 1576 500 1618 Ἱστιαίω
509 1593 540 1625 ν,
563 1577 686 1614 editur
705 1576 868 1616 Ἵστιαι-

203 1632 293 1682 ἔων,
315 1642 355 1671 ut
377 1634 523 1671 dudum
544 1636 582 1671 in
602 1641 775 1671 mentem
797 1648 868 1670 ve-

201 1699 310 1728 nerat
328 1691 603 1729 Valckenaerio
615 1723 624 1740 ‚
664 1693 868 1743 probatum

202 1762 306 1786 nunc
328 1748 413 1788 cod.
437 1750 628 1787 Sancrofti
650 1757 686 1786 et
707 1747 865 1785 Diodor.

202 1807 271 1854 XI,
290 1808 338 1846 13
352 1806 431 1854 fin„
462 1807 528 1843 ubi
548 1805 682 1843 eadem
702 1818 866 1842 narrau-

202 1870 285 1910 tnr,
316 1864 402 1901 coll.
437 1862 568 1901 Schol.
600 1863 752 1903 Aristid.
775 1875 862 1913 pag.

205 1922 283 1960 183
306 1921 512 1958 Froimnel.
532 1923 589 1957 De
610 1922 689 1971 ipsa
707 1922 864 1971 regione

201 1975 367 2014 vidimus
399 1977 447 2014 ad
477 1979 557 2025 vll,
592 1978 685 2019 175.
724 2000 780 2004 —
818 1978 863 2013 In

200 2045 308 2084 seqq.
334 2046 402 2083 pro
430 2035 585 2084 ταχείας
605 2035 863 2084 Vl'esselingio

201 2088 383 2126 dialectus
397 2090 563 2141 flagitare
582 2090 780 2128 videbatur
800 2105 865 2129 τα-

201 2145 306 2198 χέας.
338 2146 459 2184 codd.
481 2148 534 2184 nil
560 2155 723 2184 mutant.

240 2221 580 2278 ,ἀπαγγειλάντων
611 2223 653 2265 δὲ
688 2223 864 2276 τούτων]

202 2282 383 2328 Quamvis
406 2282 607 2334 praecedat
624 2285 737 2333 νῆας,
757 2285 864 2320 subi-

200 2346 240 2376 to
262 2339 426 2377 deflectit
445 2342 615 2391 scriptor,
637 2343 728 2377 viros
747 2341 863 2377 intel-

200 2396 334 2446 ligens,
366 2398 431 2449 qui
460 2398 499 2433 in
528 2398 598 2434 illis
618 2399 776 2435 navibus
796 2399 861 2434 in-

201 2460 321 2490 erant.
381 2455 492 2492 Conl'.
522 2453 640 2491 modo
669 2455 733 2504 lv,
768 2457 860 2504 110,

200 2523 250 2546 ne
270 2512 392 2561 plura.

259 2574 341 2627 ἅμα
357 2576 458 2632 ἡλίῳ
483 2575 749 2633 σκιδναμένῳ]
780 2580 806 2617 i.
824 2593 859 2618 e.

201 2635 306 2671 ειίηνί
342 2648 415 2673 una
443 2648 519 2673 cum
556 2636 625 2673 sole
672 2641 859 2686 spargente

200 2690 343 2740 (radios
363 2705 448 2730 suos
468 2705 582 2744 supra
601 2700 741 2730 terrain
755 2706 859 2731 eain-

202 2760 277 2799 que
296 2749 524 2799 illustrante)
541 2749 580 2787 id
591 2757 644 2787 est
659 2753 777 2800 prima
778 2751 859 2802 fere

202 2804 289 2843 luce.
318 2807 454 2858 Attigit
482 2806 699 2845 Herodotea
718 2809 860 2848 Eusta-

927 1156 1028 1196 thius
1050 1157 1097 1195 at]
1118 1158 1161 1195 11.
1182 1170 1270 1209 pag.
1292 1159 1386 1205 691,
1409 1159 1433 1197 3
1455 1171 1483 1195 S·
1507 1157 1589 1198 568

927 1223 1025 1253 extr.
1064 1216 1343 1265 WYesnelingiug.
1364 1215 1487 1250 attulit
1507 1216 1590 1250 Ho-

925 1274 1090 1310 merica:
1142 1268 1237 1311 ὅσον
1277 1266 1308 1309 τ’
1341 1270 1590 1310 ἐπικίδναται

926 1324 1010 1378 ἠώς
1047 1330 1091 1369 11,
1125 1330 1205 1376 ul,
1253 1327 1347 1369 451.
1388 1328 1470 1369 458
1502 1329 1589 1367 0011.

926 1387 1069 1432 xxm,
1082 1389 1174 1426 227.
1187 1383 1364 1435 Aeschyl.
1388 1386 1493 1421 Pers.
1507 1385 1590 1425 502

926 1441 1191 1490 (508Blomfi,
1208 1454 1323 1494 quem
1335 1441 1410 1479 vid.
1425 1442 1462 1477 in
1475 1442 1590 1478 Glos-

924 1500 1029 1549 sar.),
1062 1501 1232 1550 itemque
1266 1496 1437 1534 Philonis
1458 1499 1589 1535 locum

924 1557 998 1592 vit.
1023 1556 1236 1606 Contempl.
1264 1569 1300 1606 p.
1324 1557 1404 1595 899
1440 1556 1501 1599 F„
1524 1556 1589 1607 qui

924 1614 1038 1649 simili
1059 1613 1181 1663 ligur&
1202 1626 1288 1650 usus
1305 1610 1588 1663 dixittmet'osiv

924 1665 1099 1716 α’κτῐνας.
1131 1671 1277 1717 Latini,
1299 1668 1436 1705 eodem
1458 1670 1589 1706 obser-

922 1734 1036 1764 vante
1057 1728 1327 1777 W'esseliiigio‚
1347 1739 1513 1775 spargere
1531 1726 1587 1763 ίιι-

922 1786 1014 1821 mine
1044 1788 1176 1831 terras,
1217 1798 1254 1821 v.
1291 1797 1324 1820 c.
1354 1785 1505 1822 Lucret.
1536 1784 1584 1830 11,

925 1840 1015 1881 143.
1047 1843 1178 1892 virgil.
1199 1842 1297 1878 Aen.
1318 1841 1382 1889 IV,
1405 1840 1485 1882 584
1497 1841 1584 1878 coll.

920 1899 988 1946 IX,
1011 1897 1104 1940 459.

978 1953 1087 2006 μέχρι
1111 1953 1232 2005 μέσου
1248 1952 1430 2005 ἦμὲρης]
1465 1954 1586 1990 Exci·-

919 2018 974 2048 tat
1012 2012 1194 2049 Matthiae
1236 2013 1301 2048 Gr.
1332 2013 1398 2048 Gr.
1430 2012 1468 2056 ξ.
1502 2013 1581 2052 118

919 2076 1001 2105 not.
1026 2072 1061 2114 1,
1084 2070 1131 2105 ob
1146 2070 1310 2105 formam
1332 2067 1461 2119 μέσος,
1485 2080 1583 2118 quae

921 2124 968 2161 de
989 2127 1198 2162 masculino
1221 2132 1257 2161 et
1277 2126 1460 2161 feminino
1473 2122 1584 2160 adhi-

920 2182 1066 2220 beatur.
1124 2183 1201 2219 Nisi
1229 2183 1353 2232 potius
1375 2179 1412 2220 h.
1435 2181 1461 2217 l.
1481 2193 1580 2216 neu-

920 2245 1023 2275 truln
1044 2245 1098 2276 est
1127 2238 1268 2290 μέσον,
1291 2238 1394 2275 unde
1414 2236 1581 2288 pendeat

919 2297 1108 2346 genitivus
1129 2294 1290 2347 ἡμέρης,
1309 2303 1469 2346 utsupra
1480 2295 1579 2342 vlu,

922 2353 972 2393 15
995 2350 1093 2391 κατα
1113 2352 1232 2404 μέσον
1245 2351 1407 2403 ἡμέρης,
1430 2359 1465 2388 et
1477 2351 1580 2402 apud

917 2408 1112 2447 Plutarch.
1133 2411 1301 2446 Marcell.
1329 2412 1379 2451 18
1408 2410 1488 2446 init.
1513 2406 1579 2448 διοέ

918 2465 1040 2516 μέσου
1059 2469 1129 2517 τῆς
1148 2467 1392 2516 πολιορκίας.
1415 2488 1470 2494 --
1506 2465 1580 2502 El-

915 2523 1011 2573 lopia
1032 2531 1127 2560 terra
1142 2523 1278 2560 dicitur
1289 2523 1402 2560 fuisse
1417 2523 1578 2560 Histiae-

917 2580 1026 2617 otidis
1057 2594 1140 2631 pars
1162 2593 1339 2617 occasum
1359 2593 1486 2618 versus
1506 2581 1577 2617 sita

915 2651 1034 2688 prope
1055 2639 1248 2674 Cenaeum
1258 2638 1578 2689 promontorium,

916 2696 1014 2731 bene
1035 2693 1301 2745 distinguenda
1327 2695 1373 2731 ab
1400 2707 1455 2741 ea,
1477 2706 1576 2745 quae

915 2752 954 2787 in
974 2752 1092 2802 Epiro
1111 2752 1181 2788 fuit
1196 2751 1344 2802 Ellopia
1355 2764 1474 2803 prope
1494 2753 1576 2787 Do-

914 2808 1080 2858 donam3
1118 2821 1353 2861 quamquam
1380 2809 1576 2860 utriusque

1597 437 1713 463 minium
1729 440 1871 469 prm-enta

1597 470 1763 497 {liniacum
1782 470 1871 496 alion-

1599 512 1656 538 (μω
1675 504 1817 543 Eut—,neae
1830 504 1871 530 lo-

1598 546 1647 564 cos
1665 538 1828 564 maritimos

1598 574 1733 606 occupat.
