<?xml version="1.0" encoding="UTF-8"?>
<!DOCTYPE html PUBLIC "-//W3C//DTD XHTML 1.0 Transitional//EN"
    "http://www.w3.org/TR/xhtml1/DTD/xhtml1-transitional.dtd">
<html xmlns="http://www.w3.org/1999/xhtml" xml:lang="en" lang="en">
 <head>
  <title>
</title>
<meta http-equiv="Content-Type" content="text/html;charset=utf-8" />
  <meta name='ocr-system' content='tesseract 3.04.00' />
  <meta name='ocr-capabilities' content='ocr_page ocr_carea ocr_par ocr_line ocrx_word'/>
</head>
<body>
  <div class='ocr_page' id='page_1' title='image "./musaeherodoto04hero_0217.png"; bbox 0 0 1879 3222; ppageno 0'>
   <div class='ocr_carea' id='block_1_1' title="bbox 468 177 1109 217">
    <p class='ocr_par' dir='ltr' id='par_1_1' title="bbox 468 177 1109 217">
     <span class='ocr_line' id='line_1_1' title="bbox 468 177 1109 217; baseline 0 -1"><span class='ocrx_word' id='word_1_1' title='bbox 468 177 732 216; x_wconf 85' lang='lat' dir='ltr'>HERODOTI</span> <span class='ocrx_word' id='word_1_2' title='bbox 761 178 1009 216; x_wconf 79' lang='lat' dir='ltr'>CALLIOPE</span> <span class='ocrx_word' id='word_1_3' title='bbox 1039 178 1109 217; x_wconf 89' lang='lat' dir='ltr'><strong>IX.</strong></span> 
     </span>
    </p>
   </div>
   <div class='ocr_carea' id='block_1_2' title="bbox 1342 177 1426 218">
    <p class='ocr_par' dir='ltr' id='par_1_2' title="bbox 1342 177 1426 218">
     <span class='ocr_line' id='line_1_2' title="bbox 1342 177 1426 218; baseline 0 0"><span class='ocrx_word' id='word_1_4' title='bbox 1342 177 1426 218; x_wconf 71' lang='lat'><strong><em>207</em></strong></span> 
     </span>
    </p>
   </div>
   <div class='ocr_carea' id='block_1_3' title="bbox 173 283 1483 482">
    <p class='ocr_par' dir='ltr' id='par_1_3' title="bbox 173 283 1483 482">
     <span class='ocr_line' id='line_1_3' title="bbox 173 283 1483 346; baseline -0.004 -13"><span class='ocrx_word' id='word_1_5' title='bbox 173 306 230 333; x_wconf 88' lang='grc' dir='ltr'><strong><em>να</em></strong></span> <span class='ocrx_word' id='word_1_6' title='bbox 261 287 453 346; x_wconf 80' lang='grc' dir='ltr'><em>μετέμελε</em></span> <span class='ocrx_word' id='word_1_7' title='bbox 497 283 654 340; x_wconf 76' lang='grc' dir='ltr'><strong><em>οὐδὲν,</em></strong></span> <span class='ocrx_word' id='word_1_8' title='bbox 697 290 847 342; x_wconf 76' lang='grc' dir='ltr'><strong><em>πολλῷ</em></strong></span> <span class='ocrx_word' id='word_1_9' title='bbox 883 303 926 330; x_wconf 87' lang='grc' dir='ltr'><strong><em>τε</em></strong></span> <span class='ocrx_word' id='word_1_10' title='bbox 965 291 1129 343; x_wconf 80' lang='grc' dir='ltr'><strong><em>μᾶλλον</em></strong></span> <span class='ocrx_word' id='word_1_11' title='bbox 1156 286 1319 342; x_wconf 80' lang='grc' dir='ltr'><strong><em>ἐπῆγον</em></strong></span> <span class='ocrx_word' id='word_1_12' title='bbox 1346 285 1426 331; x_wconf 82' lang='grc' dir='ltr'><strong><em>τόν</em></strong></span> <span class='ocrx_word' id='word_1_13' title='bbox 1441 294 1483 328; x_wconf 88' lang='grc'><strong><em>10</em></strong></span> 
     </span>
     <span class='ocr_line' id='line_1_4' title="bbox 173 352 1426 413; baseline -0.002 -11"><span class='ocrx_word' id='word_1_14' title='bbox 173 359 367 413; x_wconf 79' lang='grc' dir='ltr'><strong><em>Πέρσην·</em></strong></span> <span class='ocrx_word' id='word_1_15' title='bbox 396 355 470 399; x_wconf 77' lang='grc' dir='ltr'><strong><em>καὶ</em></strong></span> <span class='ocrx_word' id='word_1_16' title='bbox 498 352 835 411; x_wconf 81' lang='grc' dir='ltr'><strong><em>συμπροέπεμψέ</em></strong></span> <span class='ocrx_word' id='word_1_17' title='bbox 855 369 899 397; x_wconf 90' lang='grc' dir='ltr'><strong><em>τε</em></strong></span> <span class='ocrx_word' id='word_1_18' title='bbox 933 356 1083 412; x_wconf 77' lang='grc' dir='ltr'><strong><em>Θώρηξ</em></strong></span> <span class='ocrx_word' id='word_1_19' title='bbox 1114 354 1137 399; x_wconf 86' lang='grc' dir='ltr'>ὁ</span> <span class='ocrx_word' id='word_1_20' title='bbox 1162 359 1426 411; x_wconf 75' lang='grc' dir='ltr'><strong><em>Ληρισσαῖος</em></strong></span> 
     </span>
     <span class='ocr_line' id='line_1_5' title="bbox 175 420 1427 482; baseline -0.001 -12"><span class='ocrx_word' id='word_1_21' title='bbox 175 427 333 482; x_wconf 79' lang='grc' dir='ltr'><strong><em>Ξέρξεα</em></strong></span> <span class='ocrx_word' id='word_1_22' title='bbox 362 422 605 479; x_wconf 81' lang='grc' dir='ltr'><strong><em>φεύγοντα,</em></strong></span> <span class='ocrx_word' id='word_1_23' title='bbox 635 423 708 466; x_wconf 84' lang='grc' dir='ltr'><strong><em>καὶ</em></strong></span> <span class='ocrx_word' id='word_1_24' title='bbox 736 420 832 466; x_wconf 83' lang='grc' dir='ltr'><strong><em>τότε</em></strong></span> <span class='ocrx_word' id='word_1_25' title='bbox 860 422 906 466; x_wconf 78' lang='grc' dir='ltr'><strong><em>ἐκ</em></strong></span> <span class='ocrx_word' id='word_1_26' title='bbox 935 427 1015 465; x_wconf 87' lang='grc' dir='ltr'><strong><em>τοῦ</em></strong></span> <span class='ocrx_word' id='word_1_27' title='bbox 1033 429 1232 480; x_wconf 80' lang='grc' dir='ltr'><strong><em>φανεροῦ</em></strong></span> <span class='ocrx_word' id='word_1_28' title='bbox 1261 429 1427 482; x_wconf 83' lang='grc' dir='ltr'><strong><em>παρῆκε</em></strong></span> 
     </span>
    </p>
   </div>
   <div class='ocr_carea' id='block_1_4' title="bbox 174 488 1759 570">
    <p class='ocr_par' dir='ltr' id='par_1_4' title="bbox 174 488 1759 570">
     <span class='ocr_line' id='line_1_6' title="bbox 174 488 1759 570; baseline -0.003 -33"><span class='ocrx_word' id='word_1_29' title='bbox 174 491 434 546; x_wconf 81' lang='grc' dir='ltr'><strong><em>Μαρδόνιον</em></strong></span> <span class='ocrx_word' id='word_1_30' title='bbox 462 490 530 534; x_wconf 84' lang='grc' dir='ltr'><strong><em>ἐπὶ</em></strong></span> <span class='ocrx_word' id='word_1_31' title='bbox 558 490 638 548; x_wconf 81' lang='grc' dir='ltr'><strong><em>τὴν</em></strong></span> <span class='ocrx_word' id='word_1_32' title='bbox 661 488 857 533; x_wconf 78' lang='grc' dir='ltr'><strong><em>Ἑλλάδα.</em></strong></span> <span class='ocrx_word' id='word_1_33' title='bbox 910 488 1025 534; x_wconf 86' lang='grc' dir='ltr'><strong><em>Ἐπεὶ</em></strong></span> <span class='ocrx_word' id='word_1_34' title='bbox 1056 493 1101 535; x_wconf 80' lang='grc' dir='ltr'><strong><em>δὲ</em></strong></span> <span class='ocrx_word' id='word_1_35' title='bbox 1129 494 1425 551; x_wconf 81' lang='grc' dir='ltr'><strong><em>πορευόμενος</em></strong></span> <span class='ocrx_word' id='word_1_36' title='bbox 1479 507 1759 570; x_wconf 51' lang='grc' dir='ltr'><strong><em>,ἳὴιὲἱὲηιιιιιὼῗωα</em></strong></span> 
     </span>
    </p>
   </div>
   <div class='ocr_carea' id='block_1_5' title="bbox 168 558 1484 692">
    <p class='ocr_par' dir='ltr' id='par_1_5' title="bbox 168 558 1484 692">
     <span class='ocr_line' id='line_1_7' title="bbox 168 558 1425 618; baseline 0.003 -14"><span class='ocrx_word' id='word_1_37' title='bbox 168 563 329 618; x_wconf 76' lang='grc' dir='ltr'><strong><em>γίνεται</em></strong></span> <span class='ocrx_word' id='word_1_38' title='bbox 359 561 385 603; x_wconf 85' lang='grc' dir='ltr'>ό</span> <span class='ocrx_word' id='word_1_39' title='bbox 414 559 593 614; x_wconf 83' lang='grc' dir='ltr'><strong><em>στρατὸς</em></strong></span> <span class='ocrx_word' id='word_1_40' title='bbox 637 558 684 602; x_wconf 87' lang='grc' dir='ltr'><strong><em>έν</em></strong></span> <span class='ocrx_word' id='word_1_41' title='bbox 714 562 964 611; x_wconf 76' lang='grc' dir='ltr'><strong><em>Βοιωτοῖσι,</em></strong></span> <span class='ocrx_word' id='word_1_42' title='bbox 1006 561 1048 603; x_wconf 84' lang='grc' dir='ltr'><strong><em>οἱ</em></strong></span> <span class='ocrx_word' id='word_1_43' title='bbox 1081 564 1266 616; x_wconf 78' lang='grc' dir='ltr'><strong><em>Θηβαῖοι</em></strong></span> <span class='ocrx_word' id='word_1_44' title='bbox 1302 580 1425 608; x_wconf 86' lang='grc' dir='ltr'><strong><em>κατε-</em></strong></span> 
     </span>
     <span class='ocr_line' id='line_1_8' title="bbox 168 627 1484 692; baseline -0.001 -19"><span class='ocrx_word' id='word_1_45' title='bbox 168 630 393 685; x_wconf 80' lang='grc' dir='ltr'><strong><em>λάμβανον</em></strong></span> <span class='ocrx_word' id='word_1_46' title='bbox 418 627 496 671; x_wconf 85' lang='grc' dir='ltr'><strong><em>τὸν</em></strong></span> <span class='ocrx_word' id='word_1_47' title='bbox 527 627 808 682; x_wconf 83' lang='grc' dir='ltr'><strong><em>Μαρδόνιον,</em></strong></span> <span class='ocrx_word' id='word_1_48' title='bbox 838 627 911 672; x_wconf 80' lang='grc' dir='ltr'><strong><em>καὶ</em></strong></span> <span class='ocrx_word' id='word_1_49' title='bbox 942 628 1264 684; x_wconf 78' lang='grc' dir='ltr'><strong><em>συνεβούλευον</em></strong></span> <span class='ocrx_word' id='word_1_50' title='bbox 1302 631 1484 692; x_wconf 79' lang='grc' dir='ltr'><strong><em>αὐτῷ,15</em></strong></span> 
     </span>
    </p>
   </div>
   <div class='ocr_carea' id='block_1_6' title="bbox 166 694 1566 754">
    <p class='ocr_par' dir='ltr' id='par_1_6' title="bbox 166 694 1566 754">
     <span class='ocr_line' id='line_1_9' title="bbox 166 694 1566 754; baseline 0.002 -14"><span class='ocrx_word' id='word_1_51' title='bbox 166 697 363 752; x_wconf 80' lang='grc' dir='ltr'><strong><em>λέγοντες</em></strong></span> <span class='ocrx_word' id='word_1_52' title='bbox 387 694 445 746; x_wconf 78' lang='grc' dir='ltr'><strong><em>ὥς</em></strong></span> <span class='ocrx_word' id='word_1_53' title='bbox 475 694 559 739; x_wconf 80' lang='grc' dir='ltr'><strong><em>οὐκ</em></strong></span> <span class='ocrx_word' id='word_1_54' title='bbox 588 698 652 752; x_wconf 78' lang='grc' dir='ltr'><strong><em>εἴη</em></strong></span> <span class='ocrx_word' id='word_1_55' title='bbox 681 701 821 753; x_wconf 79' lang='grc' dir='ltr'><strong><em>χῶρος</em></strong></span> <span class='ocrx_word' id='word_1_56' title='bbox 851 695 1181 752; x_wconf 80' lang='grc' dir='ltr'><strong><em>έπιτηδεώτερος</em></strong></span> <span class='ocrx_word' id='word_1_57' title='bbox 1200 698 1429 754; x_wconf 80' lang='grc' dir='ltr'><strong><em>ἐνστρατο-</em></strong></span> <span class='ocrx_word' id='word_1_58' title='bbox 1485 705 1566 746; x_wconf 83' lang='grc'><strong><em>692</em></strong></span> 
     </span>
    </p>
   </div>
   <div class='ocr_carea' id='block_1_7' title="bbox 137 762 1485 1094">
    <p class='ocr_par' dir='ltr' id='par_1_7' title="bbox 137 762 1485 1094">
     <span class='ocr_line' id='line_1_10' title="bbox 166 762 1428 821; baseline 0.002 -13"><span class='ocrx_word' id='word_1_59' title='bbox 166 762 428 808; x_wconf 81' lang='grc' dir='ltr'><strong><em>πεδεύεσθαι</em></strong></span> <span class='ocrx_word' id='word_1_60' title='bbox 486 764 670 816; x_wconf 78' lang='grc' dir='ltr'><strong><em>ἐκείνου,</em></strong></span> <span class='ocrx_word' id='word_1_61' title='bbox 731 763 835 808; x_wconf 78' lang='grc' dir='ltr'><strong><em>οὐδὲ</em></strong></span> <span class='ocrx_word' id='word_1_62' title='bbox 890 764 972 807; x_wconf 76' lang='grc' dir='ltr'><strong><em>ἔων</em></strong></span> <span class='ocrx_word' id='word_1_63' title='bbox 1031 763 1142 808; x_wconf 88' lang='grc' dir='ltr'><strong><em>ἰέναι</em></strong></span> <span class='ocrx_word' id='word_1_64' title='bbox 1199 765 1428 821; x_wconf 77' lang='grc' dir='ltr'><strong><em>ἑκαστέρω,</em></strong></span> 
     </span>
     <span class='ocr_line' id='line_1_11' title="bbox 167 829 1428 890; baseline 0.003 -16"><span class='ocrx_word' id='word_1_65' title='bbox 167 830 258 875; x_wconf 73' lang='grc' dir='ltr'><strong><em>ἀλλ’</em></strong></span> <span class='ocrx_word' id='word_1_66' title='bbox 271 829 407 874; x_wconf 86' lang='grc' dir='ltr'><strong><em>αὐτοῦ</em></strong></span> <span class='ocrx_word' id='word_1_67' title='bbox 427 831 635 887; x_wconf 80' lang='grc' dir='ltr'><strong><em>ἷζόμενον,</em></strong></span> <span class='ocrx_word' id='word_1_68' title='bbox 651 833 812 877; x_wconf 86' lang='grc' dir='ltr'><strong><em>ποιέειν</em></strong></span> <span class='ocrx_word' id='word_1_69' title='bbox 828 830 940 883; x_wconf 82' lang='grc' dir='ltr'><strong><em>ὅκως</em></strong></span> <span class='ocrx_word' id='word_1_70' title='bbox 969 831 1153 889; x_wconf 69' lang='grc' dir='ltr'><strong><em>ἀμαχητὶ</em></strong></span> <span class='ocrx_word' id='word_1_71' title='bbox 1172 832 1252 890; x_wconf 82' lang='grc' dir='ltr'><strong><em>τὴν</em></strong></span> <span class='ocrx_word' id='word_1_72' title='bbox 1280 837 1428 878; x_wconf 82' lang='grc' dir='ltr'><strong><em>πᾶσαν</em></strong></span> 
     </span>
     <span class='ocr_line' id='line_1_12' title="bbox 137 897 1430 958; baseline 0.005 -18"><span class='ocrx_word' id='word_1_73' title='bbox 137 897 346 942; x_wconf 74' lang='grc' dir='ltr'><strong><em>ΞἙλλάδα</em></strong></span> <span class='ocrx_word' id='word_1_74' title='bbox 386 901 740 957; x_wconf 79' lang='grc' dir='ltr'><strong><em>καταστρέψηται.</em></strong></span> <span class='ocrx_word' id='word_1_75' title='bbox 799 900 964 952; x_wconf 82' lang='grc' dir='ltr'><strong><em>,,Κατὰ</em></strong></span> <span class='ocrx_word' id='word_1_76' title='bbox 1004 900 1084 957; x_wconf 74' lang='grc' dir='ltr'><strong><em>μὲν</em></strong></span> <span class='ocrx_word' id='word_1_77' title='bbox 1121 901 1204 958; x_wconf 77' lang='grc' dir='ltr'><strong><em>γὰρ</em></strong></span> <span class='ocrx_word' id='word_1_78' title='bbox 1235 901 1284 946; x_wconf 80' lang='grc' dir='ltr'><strong><em>τό</em></strong></span> <span class='ocrx_word' id='word_1_79' title='bbox 1316 904 1430 958; x_wconf 84' lang='grc' dir='ltr'><strong><em>ἰσχυ-</em></strong></span> 
     </span>
     <span class='ocr_line' id='line_1_13' title="bbox 167 965 1485 1025; baseline 0.002 -16"><span class='ocrx_word' id='word_1_80' title='bbox 167 966 282 1021; x_wconf 83' lang='grc' dir='ltr'><strong><em>,,ρὸν</em></strong></span> <span class='ocrx_word' id='word_1_81' title='bbox 314 965 529 1024; x_wconf 58' lang='grc' dir='ltr'><strong><em>*Ἕλληνας</em></strong></span> <span class='ocrx_word' id='word_1_82' title='bbox 571 968 950 1025; x_wconf 81' lang='grc' dir='ltr'><strong><em>ὁμοφρονέοντας,</em></strong></span> <span class='ocrx_word' id='word_1_83' title='bbox 1008 970 1130 1024; x_wconf 81' lang='grc' dir='ltr'><strong><em>οἵπερ</em></strong></span> <span class='ocrx_word' id='word_1_84' title='bbox 1176 970 1250 1014; x_wconf 84' lang='grc' dir='ltr'><strong><em>καὶ</em></strong></span> <span class='ocrx_word' id='word_1_85' title='bbox 1289 969 1485 1025; x_wconf 65' lang='grc' dir='ltr'><strong><em>πάροςὲο</em></strong></span> 
     </span>
     <span class='ocr_line' id='line_1_14' title="bbox 165 1032 1431 1094; baseline 0.004 -17"><span class='ocrx_word' id='word_1_86' title='bbox 165 1032 332 1087; x_wconf 61' lang='grc' dir='ltr'><strong><em>»ταύτά</em></strong></span> <span class='ocrx_word' id='word_1_87' title='bbox 371 1034 633 1092; x_wconf 76' lang='grc' dir='ltr'><strong><em>ἐγίνωσκον,</em></strong></span> <span class='ocrx_word' id='word_1_88' title='bbox 673 1037 836 1094; x_wconf 77' lang='grc' dir='ltr'><strong><em>χαλεποὶ</em></strong></span> <span class='ocrx_word' id='word_1_89' title='bbox 879 1035 990 1081; x_wconf 81' lang='grc' dir='ltr'><strong><em>εἶναι</em></strong></span> <span class='ocrx_word' id='word_1_90' title='bbox 1028 1039 1328 1094; x_wconf 75' lang='grc' dir='ltr'><strong><em>περιγίνεσθαι</em></strong></span> <span class='ocrx_word' id='word_1_91' title='bbox 1356 1038 1431 1083; x_wconf 87' lang='grc' dir='ltr'><strong><em>καὶ</em></strong></span> 
     </span>
    </p>
   </div>
   <div class='ocr_carea' id='block_1_8' title="bbox 106 1169 384 1176">
    <p class='ocr_par' dir='ltr' id='par_1_8' title="bbox 106 1169 384 1176">
     <span class='ocr_line' id='line_1_15' title="bbox 106 1169 384 1176; baseline 0 2046"><span class='ocrx_word' id='word_1_92' title='bbox 106 1169 384 1176; x_wconf 95' lang='lat' dir='ltr'><strong><em> </em></strong></span> 
     </span>
    </p>
   </div>
   <div class='ocr_carea' id='block_1_9' title="bbox 109 1242 768 1297">
    <p class='ocr_par' dir='ltr' id='par_1_9' title="bbox 109 1242 768 1297">
     <span class='ocr_line' id='line_1_16' title="bbox 109 1242 768 1297; baseline -0.006 -13"><span class='ocrx_word' id='word_1_93' title='bbox 109 1248 293 1297; x_wconf 81' lang='grc' dir='ltr'><strong><em>φανεροῦ</em></strong></span> <span class='ocrx_word' id='word_1_94' title='bbox 331 1243 408 1284; x_wconf 79' lang='lat' dir='ltr'><strong><em>vid.</em></strong></span> <span class='ocrx_word' id='word_1_95' title='bbox 447 1249 543 1282; x_wconf 86' lang='lat' dir='ltr'><strong>nott.</strong></span> <span class='ocrx_word' id='word_1_96' title='bbox 585 1242 633 1281; x_wconf 80' lang='lat' dir='ltr'><strong><em>ad</em></strong></span> <span class='ocrx_word' id='word_1_97' title='bbox 664 1243 768 1292; x_wconf 87' lang='lat' dir='ltr'>VIII,</span> 
     </span>
    </p>
   </div>
   <div class='ocr_carea' id='block_1_10' title="bbox 111 1301 769 1409">
    <p class='ocr_par' dir='ltr' id='par_1_10' title="bbox 111 1301 769 1409">
     <span class='ocr_line' id='line_1_17' title="bbox 115 1301 769 1353; baseline -0.002 -14"><span class='ocrx_word' id='word_1_98' title='bbox 115 1305 192 1343; x_wconf 80' lang='lat'><strong><em>126</em></strong></span> <span class='ocrx_word' id='word_1_99' title='bbox 214 1310 251 1339; x_wconf 86' lang='lat' dir='ltr'><strong><em>et</em></strong></span> <span class='ocrx_word' id='word_1_100' title='bbox 271 1301 488 1340; x_wconf 83' lang='lat' dir='ltr'>adverbum</span> <span class='ocrx_word' id='word_1_101' title='bbox 508 1303 662 1353; x_wconf 81' lang='grc' dir='ltr'><strong><em>παρῆκε</em></strong></span> <span class='ocrx_word' id='word_1_102' title='bbox 673 1308 769 1340; x_wconf 85' lang='lat' dir='ltr'><strong>nott.</strong></span> 
     </span>
     <span class='ocr_line' id='line_1_18' title="bbox 111 1358 361 1409; baseline 0.004 -13"><span class='ocrx_word' id='word_1_103' title='bbox 111 1358 162 1396; x_wconf 89' lang='lat' dir='ltr'><strong><em>ad</em></strong></span> <span class='ocrx_word' id='word_1_104' title='bbox 180 1360 243 1409; x_wconf 89' lang='lat' dir='ltr'><strong><em>IV,</em></strong></span> <span class='ocrx_word' id='word_1_105' title='bbox 270 1358 361 1400; x_wconf 86' lang='lat'><strong>146.</strong></span> 
     </span>
    </p>
   </div>
   <div class='ocr_carea' id='block_1_11' title="bbox 358 1448 519 1500">
    <p class='ocr_par' dir='ltr' id='par_1_11' title="bbox 358 1448 519 1500">
     <span class='ocr_line' id='line_1_19' title="bbox 358 1448 519 1500; baseline 0.006 -14"><span class='ocrx_word' id='word_1_106' title='bbox 358 1448 451 1500; x_wconf 85' lang='lat' dir='ltr'><strong>Cap.</strong></span> <span class='ocrx_word' id='word_1_107' title='bbox 471 1449 519 1487; x_wconf 90' lang='lat' dir='ltr'><strong><em>II.</em></strong></span> 
     </span>
    </p>
   </div>
   <div class='ocr_carea' id='block_1_12' title="bbox 105 1524 770 2814">
    <p class='ocr_par' dir='ltr' id='par_1_12' title="bbox 105 1524 769 2032">
     <span class='ocr_line' id='line_1_20' title="bbox 167 1524 767 1579; baseline -0.008 -12"><span class='ocrx_word' id='word_1_108' title='bbox 167 1524 482 1579; x_wconf 67' lang='grc' dir='ltr'><strong><em>κατελάμβανον]</em></strong></span> <span class='ocrx_word' id='word_1_109' title='bbox 517 1525 767 1575; x_wconf 70' lang='lat' dir='ltr'><em>„cohibuerunt</em></span> 
     </span>
     <span class='ocr_line' id='line_1_21' title="bbox 109 1585 769 1637; baseline -0.002 -16"><span class='ocrx_word' id='word_1_110' title='bbox 109 1585 371 1637; x_wconf 83' lang='lat' dir='ltr'>pergendique</span> <span class='ocrx_word' id='word_1_111' title='bbox 401 1585 439 1620; x_wconf 87' lang='lat' dir='ltr'><strong>in</strong></span> <span class='ocrx_word' id='word_1_112' title='bbox 464 1585 631 1621; x_wconf 82' lang='lat' dir='ltr'><strong>Atticam</strong></span> <span class='ocrx_word' id='word_1_113' title='bbox 659 1586 769 1634; x_wconf 80' lang='lat' dir='ltr'>impe-</span> 
     </span>
     <span class='ocr_line' id='line_1_22' title="bbox 110 1639 766 1692; baseline -0.003 -14"><span class='ocrx_word' id='word_1_114' title='bbox 110 1645 183 1679; x_wconf 82' lang='lat' dir='ltr'><strong><em>tum</em></strong></span> <span class='ocrx_word' id='word_1_115' title='bbox 221 1645 465 1692; x_wconf 81' lang='lat' dir='ltr'>represserunt.</span> <span class='ocrx_word' id='word_1_116' title='bbox 479 1643 502 1661; x_wconf 88' lang='lat'><strong>“</strong></span> <span class='ocrx_word' id='word_1_117' title='bbox 583 1639 653 1677; x_wconf 85' lang='lat' dir='ltr'><strong><em>We</em></strong></span> <span class='ocrx_word' id='word_1_118' title='bbox 664 1653 732 1677; x_wconf 82' lang='lat' dir='ltr'>sse</span> <span class='ocrx_word' id='word_1_119' title='bbox 743 1640 766 1677; x_wconf 82' lang='lat' dir='ltr'><strong>l.</strong></span> 
     </span>
     <span class='ocr_line' id='line_1_23' title="bbox 109 1696 765 1746; baseline -0.006 -10"><span class='ocrx_word' id='word_1_120' title='bbox 109 1699 176 1736; x_wconf 90' lang='lat' dir='ltr'><strong><em>Tu</em></strong></span> <span class='ocrx_word' id='word_1_121' title='bbox 208 1698 284 1736; x_wconf 85' lang='lat' dir='ltr'><strong>vid.</strong></span> <span class='ocrx_word' id='word_1_122' title='bbox 314 1700 425 1736; x_wconf 80' lang='lat' dir='ltr'><strong>allata</strong></span> <span class='ocrx_word' id='word_1_123' title='bbox 458 1696 506 1735; x_wconf 85' lang='lat' dir='ltr'><strong><em>ad</em></strong></span> <span class='ocrx_word' id='word_1_124' title='bbox 535 1698 601 1746; x_wconf 89' lang='grc' dir='ltr'><strong><em>ΙΙΙ,</em></strong></span> <span class='ocrx_word' id='word_1_125' title='bbox 625 1699 690 1737; x_wconf 84' lang='lat'><strong><em>36.</em></strong></span> <span class='ocrx_word' id='word_1_126' title='bbox 713 1718 765 1725; x_wconf 75' lang='lat'><strong><em>—-</em></strong></span> 
     </span>
     <span class='ocr_line' id='line_1_24' title="bbox 109 1750 766 1805; baseline 0.002 -14"><span class='ocrx_word' id='word_1_127' title='bbox 109 1754 171 1792; x_wconf 90' lang='lat' dir='ltr'><strong><em>Ad</em></strong></span> <span class='ocrx_word' id='word_1_128' title='bbox 203 1757 319 1793; x_wconf 82' lang='lat' dir='ltr'>verba</span> <span class='ocrx_word' id='word_1_129' title='bbox 356 1750 660 1805; x_wconf 75' lang='grc' dir='ltr'><strong><em>ἐπιτηδειότερος</em></strong></span> <span class='ocrx_word' id='word_1_130' title='bbox 700 1752 766 1793; x_wconf 77' lang='grc' dir='ltr'><strong><em>ε’ν-</em></strong></span> 
     </span>
     <span class='ocr_line' id='line_1_25' title="bbox 111 1809 766 1864; baseline -0.006 -13"><span class='ocrx_word' id='word_1_131' title='bbox 111 1809 493 1864; x_wconf 80' lang='grc' dir='ltr'><strong><em>στρατοπεδεύεσθαι</em></strong></span> <span class='ocrx_word' id='word_1_132' title='bbox 532 1811 636 1849; x_wconf 86' lang='lat' dir='ltr'><strong>conf.</strong></span> <span class='ocrx_word' id='word_1_133' title='bbox 669 1817 766 1848; x_wconf 87' lang='lat' dir='ltr'><strong>nott.</strong></span> 
     </span>
     <span class='ocr_line' id='line_1_26' title="bbox 110 1862 767 1916; baseline 0.002 -12"><span class='ocrx_word' id='word_1_134' title='bbox 110 1867 159 1904; x_wconf 81' lang='lat' dir='ltr'><strong><em>ad</em></strong></span> <span class='ocrx_word' id='word_1_135' title='bbox 196 1869 240 1916; x_wconf 81' lang='lat' dir='ltr'><strong><em>V,</em></strong></span> <span class='ocrx_word' id='word_1_136' title='bbox 278 1872 346 1910; x_wconf 81' lang='lat'><strong><em>23.</em></strong></span> <span class='ocrx_word' id='word_1_137' title='bbox 383 1870 452 1915; x_wconf 85' lang='lat' dir='ltr'><strong><em>IX,</em></strong></span> <span class='ocrx_word' id='word_1_138' title='bbox 488 1871 527 1909; x_wconf 89' lang='lat'><strong><em>7.</em></strong></span> <span class='ocrx_word' id='word_1_139' title='bbox 578 1862 651 1908; x_wconf 71' lang='grc' dir='ltr'><strong><em>οὐκ</em></strong></span> <span class='ocrx_word' id='word_1_140' title='bbox 690 1866 767 1906; x_wconf 72' lang='grc' dir='ltr'><strong><em>ἔων</em></strong></span> 
     </span>
     <span class='ocr_line' id='line_1_27' title="bbox 109 1923 768 1964; baseline -0.003 -1"><span class='ocrx_word' id='word_1_141' title='bbox 109 1931 236 1963; x_wconf 85' lang='lat' dir='ltr'>verto:</span> <span class='ocrx_word' id='word_1_142' title='bbox 298 1925 548 1964; x_wconf 80' lang='lat' dir='ltr'><em>dissuadebant</em></span> <span class='ocrx_word' id='word_1_143' title='bbox 618 1923 768 1962; x_wconf 80' lang='lat' dir='ltr'><strong><em>ulterzus</em></strong></span> 
     </span>
     <span class='ocr_line' id='line_1_28' title="bbox 105 1981 285 2032; baseline 0.006 -15"><span class='ocrx_word' id='word_1_144' title='bbox 105 1981 285 2032; x_wconf 79' lang='lat' dir='ltr'><strong><em>progredi.</em></strong></span> 
     </span>
    </p>

    <p class='ocr_par' dir='ltr' id='par_1_13' title="bbox 109 2033 770 2657">
     <span class='ocr_line' id='line_1_29' title="bbox 169 2033 768 2088; baseline 0 -12"><span class='ocrx_word' id='word_1_145' title='bbox 169 2033 249 2076; x_wconf 70' lang='grc' dir='ltr'><strong><em>ἄλλ’</em></strong></span> <span class='ocrx_word' id='word_1_146' title='bbox 271 2033 398 2076; x_wconf 73' lang='grc' dir='ltr'><strong><em>αὐτοῦ</em></strong></span> <span class='ocrx_word' id='word_1_147' title='bbox 417 2034 598 2088; x_wconf 83' lang='grc' dir='ltr'><strong><em>ἱζόμενον</em></strong></span> <span class='ocrx_word' id='word_1_148' title='bbox 617 2034 768 2076; x_wconf 80' lang='grc' dir='ltr'><strong><em>ποιέειν</em></strong></span> 
     </span>
     <span class='ocr_line' id='line_1_30' title="bbox 110 2094 767 2142; baseline -0.005 -9"><span class='ocrx_word' id='word_1_149' title='bbox 110 2109 147 2135; x_wconf 81' lang='grc' dir='ltr'><strong>κ.</strong></span> <span class='ocrx_word' id='word_1_150' title='bbox 168 2110 201 2133; x_wconf 87' lang='grc' dir='ltr'><strong><em>τ.</em></strong></span> <span class='ocrx_word' id='word_1_151' title='bbox 223 2094 274 2142; x_wconf 85' lang='grc' dir='ltr'><strong>λ.]</strong></span> <span class='ocrx_word' id='word_1_152' title='bbox 305 2096 362 2131; x_wconf 92' lang='lat' dir='ltr'>De</span> <span class='ocrx_word' id='word_1_153' title='bbox 391 2101 577 2131; x_wconf 75' lang='lat' dir='ltr'><strong><em>structura</em></strong></span> <span class='ocrx_word' id='word_1_154' title='bbox 600 2094 648 2130; x_wconf 86' lang='lat' dir='ltr'><strong>cf.</strong></span> <span class='ocrx_word' id='word_1_155' title='bbox 671 2099 767 2130; x_wconf 83' lang='lat' dir='ltr'><strong>nott.</strong></span> 
     </span>
     <span class='ocr_line' id='line_1_31' title="bbox 113 2149 767 2201; baseline 0.002 -14"><span class='ocrx_word' id='word_1_156' title='bbox 113 2150 163 2187; x_wconf 81' lang='lat' dir='ltr'><strong><em>ad</em></strong></span> <span class='ocrx_word' id='word_1_157' title='bbox 186 2150 268 2198; x_wconf 80' lang='lat' dir='ltr'>Vll,</span> <span class='ocrx_word' id='word_1_158' title='bbox 293 2150 384 2191; x_wconf 82' lang='lat'><strong>104.</strong></span> <span class='ocrx_word' id='word_1_159' title='bbox 416 2151 552 2201; x_wconf 83' lang='lat' dir='ltr'><strong>Suppl.</strong></span> <span class='ocrx_word' id='word_1_160' title='bbox 575 2149 767 2197; x_wconf 76' lang='grc' dir='ltr'><strong><em>ἐκέλευον,</em></strong></span> 
     </span>
     <span class='ocr_line' id='line_1_32' title="bbox 110 2205 770 2260; baseline -0.005 -15"><span class='ocrx_word' id='word_1_161' title='bbox 110 2206 214 2260; x_wconf 87' lang='lat' dir='ltr'><strong><em>quod</em></strong></span> <span class='ocrx_word' id='word_1_162' title='bbox 234 2208 358 2258; x_wconf 77' lang='lat' dir='ltr'><strong>ipsum</strong></span> <span class='ocrx_word' id='word_1_163' title='bbox 370 2220 543 2258; x_wconf 80' lang='lat' dir='ltr'><strong>expresse</strong></span> <span class='ocrx_word' id='word_1_164' title='bbox 554 2205 657 2243; x_wconf 81' lang='lat' dir='ltr'>addit</span> <span class='ocrx_word' id='word_1_165' title='bbox 669 2208 770 2242; x_wconf 80' lang='lat' dir='ltr'><strong><em>Pau-</em></strong></span> 
     </span>
     <span class='ocr_line' id='line_1_33' title="bbox 109 2264 769 2314; baseline -0.005 -12"><span class='ocrx_word' id='word_1_166' title='bbox 109 2278 190 2302; x_wconf 86' lang='lat' dir='ltr'><strong>san.</strong></span> <span class='ocrx_word' id='word_1_167' title='bbox 212 2266 281 2311; x_wconf 80' lang='lat' dir='ltr'><strong><em>lx,</em></strong></span> <span class='ocrx_word' id='word_1_168' title='bbox 306 2267 369 2312; x_wconf 80' lang='lat'><strong><em>13,</em></strong></span> <span class='ocrx_word' id='word_1_169' title='bbox 392 2267 428 2305; x_wconf 80' lang='lat'><strong><em>3.</em></strong></span> <span class='ocrx_word' id='word_1_170' title='bbox 447 2286 504 2292; x_wconf 94' lang='lat'>—</span> <span class='ocrx_word' id='word_1_171' title='bbox 529 2265 572 2300; x_wconf 86' lang='lat' dir='ltr'><strong><em>Iu</em></strong></span> <span class='ocrx_word' id='word_1_172' title='bbox 593 2264 769 2314; x_wconf 85' lang='lat' dir='ltr'>proxime</span> 
     </span>
     <span class='ocr_line' id='line_1_34' title="bbox 109 2320 769 2374; baseline -0.005 -15"><span class='ocrx_word' id='word_1_173' title='bbox 109 2335 215 2374; x_wconf 86' lang='lat' dir='ltr'><strong>seqq.</strong></span> <span class='ocrx_word' id='word_1_174' title='bbox 246 2322 326 2359; x_wconf 89' lang='lat' dir='ltr'>sine</span> <span class='ocrx_word' id='word_1_175' title='bbox 341 2333 451 2358; x_wconf 81' lang='lat' dir='ltr'><strong>causa</strong></span> <span class='ocrx_word' id='word_1_176' title='bbox 473 2321 609 2371; x_wconf 81' lang='lat' dir='ltr'>opinor</span> <span class='ocrx_word' id='word_1_177' title='bbox 629 2320 769 2370; x_wconf 80' lang='lat' dir='ltr'>Stege-</span> 
     </span>
     <span class='ocr_line' id='line_1_35' title="bbox 109 2376 768 2416; baseline 0.002 -1"><span class='ocrx_word' id='word_1_178' title='bbox 109 2392 172 2415; x_wconf 85' lang='lat' dir='ltr'><strong><em>rus</em></strong></span> <span class='ocrx_word' id='word_1_179' title='bbox 185 2385 220 2415; x_wconf 88' lang='lat' dir='ltr'><strong><em>et</em></strong></span> <span class='ocrx_word' id='word_1_180' title='bbox 235 2376 434 2415; x_wconf 83' lang='lat' dir='ltr'>Bekkerus</span> <span class='ocrx_word' id='word_1_181' title='bbox 446 2379 681 2414; x_wconf 80' lang='lat' dir='ltr'>refluxerunt</span> <span class='ocrx_word' id='word_1_182' title='bbox 695 2393 768 2416; x_wconf 76' lang='grc' dir='ltr'><strong><em>κα-</em></strong></span> 
     </span>
     <span class='ocr_line' id='line_1_36' title="bbox 110 2434 767 2487; baseline -0.003 -13"><span class='ocrx_word' id='word_1_183' title='bbox 110 2434 381 2487; x_wconf 73' lang='grc' dir='ltr'><strong><em>ταστρέψεται</em></strong></span> <span class='ocrx_word' id='word_1_184' title='bbox 409 2447 478 2485; x_wconf 88' lang='lat' dir='ltr'><strong><em>pro</em></strong></span> <span class='ocrx_word' id='word_1_185' title='bbox 508 2435 613 2484; x_wconf 77' lang='lat' dir='ltr'><strong>vulg.</strong></span> <span class='ocrx_word' id='word_1_186' title='bbox 652 2449 767 2472; x_wconf 78' lang='grc' dir='ltr'><strong><em>κατα-</em></strong></span> 
     </span>
     <span class='ocr_line' id='line_1_37' title="bbox 112 2491 767 2543; baseline -0.006 -11"><span class='ocrx_word' id='word_1_187' title='bbox 112 2491 342 2543; x_wconf 81' lang='grc' dir='ltr'><strong><em>στρέψηται,</em></strong></span> <span class='ocrx_word' id='word_1_188' title='bbox 362 2491 465 2543; x_wconf 90' lang='lat' dir='ltr'><strong><em>quod</em></strong></span> <span class='ocrx_word' id='word_1_189' title='bbox 476 2492 651 2528; x_wconf 85' lang='lat' dir='ltr'><strong>omuibus</strong></span> <span class='ocrx_word' id='word_1_190' title='bbox 665 2492 767 2528; x_wconf 88' lang='lat' dir='ltr'><strong>libris</strong></span> 
     </span>
     <span class='ocr_line' id='line_1_38' title="bbox 110 2549 768 2600; baseline -0.002 -15"><span class='ocrx_word' id='word_1_191' title='bbox 110 2549 318 2600; x_wconf 85' lang='lat' dir='ltr'><strong><em>probatum</em></strong></span> <span class='ocrx_word' id='word_1_192' title='bbox 348 2550 429 2585; x_wconf 86' lang='lat' dir='ltr'>iure</span> <span class='ocrx_word' id='word_1_193' title='bbox 467 2555 596 2585; x_wconf 86' lang='lat' dir='ltr'>tuetur</span> <span class='ocrx_word' id='word_1_194' title='bbox 626 2549 768 2585; x_wconf 83' lang='lat' dir='ltr'>Censor</span> 
     </span>
     <span class='ocr_line' id='line_1_39' title="bbox 111 2604 585 2657; baseline 0 -15"><span class='ocrx_word' id='word_1_195' title='bbox 111 2606 310 2657; x_wconf 81' lang='lat' dir='ltr'><strong>Lipsiensis</strong></span> <span class='ocrx_word' id='word_1_196' title='bbox 335 2607 438 2645; x_wconf 75' lang='lat'><strong>1833</strong></span> <span class='ocrx_word' id='word_1_197' title='bbox 460 2619 498 2656; x_wconf 89' lang='lat' dir='ltr'><strong><em>p.</em></strong></span> <span class='ocrx_word' id='word_1_198' title='bbox 518 2604 585 2646; x_wconf 91' lang='lat'><strong><em>48.</em></strong></span> 
     </span>
    </p>

    <p class='ocr_par' dir='ltr' id='par_1_14' title="bbox 112 2659 768 2814">
     <span class='ocr_line' id='line_1_40' title="bbox 167 2659 768 2714; baseline -0.002 -14"><span class='ocrx_word' id='word_1_199' title='bbox 167 2660 265 2701; x_wconf 74' lang='grc' dir='ltr'><strong><em>κατά</em></strong></span> <span class='ocrx_word' id='word_1_200' title='bbox 286 2659 395 2701; x_wconf 80' lang='grc' dir='ltr'><strong><em>-τό</em></strong></span> <span class='ocrx_word' id='word_1_201' title='bbox 417 2659 595 2714; x_wconf 83' lang='grc' dir='ltr'><strong><em>ἰσχυρὸν]</em></strong></span> <span class='ocrx_word' id='word_1_202' title='bbox 632 2663 768 2713; x_wconf 79' lang='lat' dir='ltr'><strong>Auigit</strong></span> 
     </span>
     <span class='ocr_line' id='line_1_41' title="bbox 112 2717 767 2770; baseline 0.005 -17"><span class='ocrx_word' id='word_1_203' title='bbox 112 2717 246 2758; x_wconf 79' lang='lat' dir='ltr'><strong>matth.</strong></span> <span class='ocrx_word' id='word_1_204' title='bbox 269 2720 334 2757; x_wconf 82' lang='lat' dir='ltr'><strong>Gr.</strong></span> <span class='ocrx_word' id='word_1_205' title='bbox 356 2719 423 2755; x_wconf 82' lang='lat' dir='ltr'><strong>Gr.</strong></span> <span class='ocrx_word' id='word_1_206' title='bbox 446 2719 623 2770; x_wconf 79' lang='lat' dir='ltr'><strong>§.581p.</strong></span> <span class='ocrx_word' id='word_1_207' title='bbox 648 2719 767 2759; x_wconf 88' lang='lat'><strong>1155.</strong></span> 
     </span>
     <span class='ocr_line' id='line_1_42' title="bbox 114 2774 767 2814; baseline 0.005 -4"><span class='ocrx_word' id='word_1_208' title='bbox 114 2774 258 2814; x_wconf 83' lang='lat' dir='ltr'><strong><em>Iudicat</em></strong></span> <span class='ocrx_word' id='word_1_209' title='bbox 311 2776 416 2812; x_wconf 82' lang='lat' dir='ltr'>enlm</span> <span class='ocrx_word' id='word_1_210' title='bbox 461 2775 556 2813; x_wconf 82' lang='lat' dir='ltr'><strong><em>haec</em></strong></span> <span class='ocrx_word' id='word_1_211' title='bbox 603 2775 767 2813; x_wconf 78' lang='lat' dir='ltr'>formula</span> 
     </span>
    </p>
   </div>
   <div class='ocr_carea' id='block_1_13' title="bbox 813 1244 1488 2087">
    <p class='ocr_par' dir='ltr' id='par_1_15' title="bbox 820 1244 1488 1921">
     <span class='ocr_line' id='line_1_43' title="bbox 826 1244 1486 1295; baseline 0.002 -14"><span class='ocrx_word' id='word_1_212' title='bbox 826 1244 940 1292; x_wconf 81' lang='lat' dir='ltr'><strong><em>valde,</em></strong></span> <span class='ocrx_word' id='word_1_213' title='bbox 970 1245 1139 1292; x_wconf 77' lang='lat' dir='ltr'><strong><em>maxime,</em></strong></span> <span class='ocrx_word' id='word_1_214' title='bbox 1165 1257 1232 1295; x_wconf 81' lang='lat' dir='ltr'><strong><em>pro</em></strong></span> <span class='ocrx_word' id='word_1_215' title='bbox 1259 1244 1412 1293; x_wconf 72' lang='lat' dir='ltr'><strong><em>viribus,</em></strong></span> <span class='ocrx_word' id='word_1_216' title='bbox 1448 1251 1486 1282; x_wconf 91' lang='lat' dir='ltr'><strong><em>et</em></strong></span> 
     </span>
     <span class='ocr_line' id='line_1_44' title="bbox 824 1300 1487 1352; baseline 0.002 -15"><span class='ocrx_word' id='word_1_217' title='bbox 824 1303 998 1351; x_wconf 74' lang='lat' dir='ltr'><strong>pertinet,</strong></span> <span class='ocrx_word' id='word_1_218' title='bbox 1012 1300 1171 1337; x_wconf 84' lang='lat' dir='ltr'>docente</span> <span class='ocrx_word' id='word_1_219' title='bbox 1188 1302 1285 1338; x_wconf 86' lang='lat' dir='ltr'><strong>Gail.</strong></span> <span class='ocrx_word' id='word_1_220' title='bbox 1307 1302 1379 1350; x_wconf 91' lang='lat' dir='ltr'><strong><em>(Le</em></strong></span> <span class='ocrx_word' id='word_1_221' title='bbox 1397 1300 1487 1352; x_wconf 86' lang='lat' dir='ltr'><strong><em>phi-</em></strong></span> 
     </span>
     <span class='ocr_line' id='line_1_45' title="bbox 825 1356 1487 1426; baseline 0.005 -33"><span class='ocrx_word' id='word_1_222' title='bbox 825 1358 942 1408; x_wconf 85' lang='lat' dir='ltr'><strong>lolog.</strong></span> <span class='ocrx_word' id='word_1_223' title='bbox 971 1358 1023 1394; x_wconf 90' lang='lat' dir='ltr'><strong><em>IV</em></strong></span> <span class='ocrx_word' id='word_1_224' title='bbox 1052 1371 1090 1426; x_wconf 93' lang='lat' dir='ltr'><strong>p.</strong></span> <span class='ocrx_word' id='word_1_225' title='bbox 1112 1359 1213 1407; x_wconf 83' lang='lat'><strong>337)</strong></span> <span class='ocrx_word' id='word_1_226' title='bbox 1245 1356 1294 1394; x_wconf 85' lang='lat' dir='ltr'><strong><em>ad</em></strong></span> <span class='ocrx_word' id='word_1_227' title='bbox 1323 1359 1487 1396; x_wconf 81' lang='lat' dir='ltr'>verbum</span> 
     </span>
     <span class='ocr_line' id='line_1_46' title="bbox 813 1411 1484 1465; baseline 0.002 -13.04"><span class='ocrx_word' id='word_1_228' title='bbox 813 1411 1025 1464; x_wconf 60' lang='lat' dir='ltr'><strong><em>‘&#39;quvag</em></strong></span> <span class='ocrx_word' id='word_1_229' title='bbox 1048 1412 1391 1465; x_wconf 82' lang='grc' dir='ltr'><strong><em>ὁμοφρονέοντας,</em></strong></span> <span class='ocrx_word' id='word_1_230' title='bbox 1413 1428 1484 1452; x_wconf 88' lang='lat' dir='ltr'><strong><em>cu-</em></strong></span> 
     </span>
     <span class='ocr_line' id='line_1_47' title="bbox 827 1470 1488 1521; baseline 0.006 -15"><span class='ocrx_word' id='word_1_231' title='bbox 827 1471 884 1507; x_wconf 87' lang='lat' dir='ltr'><strong><em>ius</em></strong></span> <span class='ocrx_word' id='word_1_232' title='bbox 905 1472 989 1508; x_wconf 93' lang='lat' dir='ltr'><strong><em>loco</em></strong></span> <span class='ocrx_word' id='word_1_233' title='bbox 1010 1483 1099 1507; x_wconf 85' lang='lat' dir='ltr'>sane</span> <span class='ocrx_word' id='word_1_234' title='bbox 1122 1472 1365 1521; x_wconf 79' lang='lat' dir='ltr'><strong><em>exspectabas</em></strong></span> <span class='ocrx_word' id='word_1_235' title='bbox 1395 1470 1488 1510; x_wconf 59' lang='lat' dir='ltr'><strong><em>‘Ea-</em></strong></span> 
     </span>
     <span class='ocr_line' id='line_1_48' title="bbox 824 1523 1487 1578; baseline -0.003 -11"><span class='ocrx_word' id='word_1_236' title='bbox 824 1523 959 1578; x_wconf 82' lang='grc' dir='ltr'><strong><em>λήνων</em></strong></span> <span class='ocrx_word' id='word_1_237' title='bbox 1000 1525 1356 1578; x_wconf 85' lang='grc' dir='ltr'><strong><em>ὁμοφρονεόντων,</em></strong></span> <span class='ocrx_word' id='word_1_238' title='bbox 1414 1529 1487 1565; x_wconf 86' lang='lat' dir='ltr'><strong>nisi</strong></span> 
     </span>
     <span class='ocr_line' id='line_1_49' title="bbox 826 1583 1487 1635; baseline 0.002 -14"><span class='ocrx_word' id='word_1_239' title='bbox 826 1585 996 1622; x_wconf 78' lang='lat' dir='ltr'>absolute</span> <span class='ocrx_word' id='word_1_240' title='bbox 1017 1585 1157 1635; x_wconf 91' lang='lat' dir='ltr'><strong><em>positos</em></strong></span> <span class='ocrx_word' id='word_1_241' title='bbox 1182 1585 1342 1635; x_wconf 81' lang='lat' dir='ltr'><strong>accipias</strong></span> <span class='ocrx_word' id='word_1_242' title='bbox 1370 1583 1487 1622; x_wconf 87' lang='lat' dir='ltr'>hosce</span> 
     </span>
     <span class='ocr_line' id='line_1_50' title="bbox 824 1642 1488 1688; baseline 0 -10"><span class='ocrx_word' id='word_1_243' title='bbox 824 1642 1067 1688; x_wconf 81' lang='lat' dir='ltr'><strong><em>accusativos,</em></strong></span> <span class='ocrx_word' id='word_1_244' title='bbox 1101 1647 1143 1677; x_wconf 90' lang='lat' dir='ltr'><strong><em>ut</em></strong></span> <span class='ocrx_word' id='word_1_245' title='bbox 1169 1642 1218 1688; x_wconf 91' lang='grc' dir='ltr'><strong><em>ΙΙ,</em></strong></span> <span class='ocrx_word' id='word_1_246' title='bbox 1249 1644 1324 1682; x_wconf 87' lang='lat'><strong><em>66:</em></strong></span> <span class='ocrx_word' id='word_1_247' title='bbox 1362 1643 1488 1681; x_wconf 85' lang='grc' dir='ltr'><strong><em>ταῦτα</em></strong></span> 
     </span>
     <span class='ocr_line' id='line_1_51' title="bbox 823 1692 1487 1750; baseline -0.003 -12"><span class='ocrx_word' id='word_1_248' title='bbox 823 1692 1014 1750; x_wconf 78' lang='grc' dir='ltr'><strong><em>γινόμενα</em></strong></span> <span class='ocrx_word' id='word_1_249' title='bbox 1044 1698 1115 1734; x_wconf 78' lang='lat' dir='ltr'>alia</span> <span class='ocrx_word' id='word_1_250' title='bbox 1148 1696 1188 1735; x_wconf 87' lang='lat' dir='ltr'><strong><em>id</em></strong></span> <span class='ocrx_word' id='word_1_251' title='bbox 1207 1710 1340 1748; x_wconf 84' lang='lat' dir='ltr'>genus.</span> <span class='ocrx_word' id='word_1_252' title='bbox 1397 1697 1487 1737; x_wconf 86' lang='lat' dir='ltr'><strong>vid.</strong></span> 
     </span>
     <span class='ocr_line' id='line_1_52' title="bbox 823 1754 1485 1806; baseline 0 -13"><span class='ocrx_word' id='word_1_253' title='bbox 823 1756 868 1803; x_wconf 85' lang='lat' dir='ltr'><strong><em>V,</em></strong></span> <span class='ocrx_word' id='word_1_254' title='bbox 894 1755 1112 1806; x_wconf 76' lang='lat' dir='ltr'><strong><em>1031bique</em></strong></span> <span class='ocrx_word' id='word_1_255' title='bbox 1134 1756 1247 1791; x_wconf 81' lang='lat' dir='ltr'><strong>allata</strong></span> <span class='ocrx_word' id='word_1_256' title='bbox 1270 1762 1305 1792; x_wconf 88' lang='lat' dir='ltr'><strong><em>et</em></strong></span> <span class='ocrx_word' id='word_1_257' title='bbox 1316 1754 1485 1794; x_wconf 84' lang='lat' dir='ltr'><strong><em>Fischer.</em></strong></span> 
     </span>
     <span class='ocr_line' id='line_1_53' title="bbox 825 1811 1486 1863; baseline 0.002 -14"><span class='ocrx_word' id='word_1_258' title='bbox 825 1811 872 1849; x_wconf 86' lang='lat' dir='ltr'><strong><em>ad</em></strong></span> <span class='ocrx_word' id='word_1_259' title='bbox 909 1812 1060 1849; x_wconf 84' lang='lat' dir='ltr'>VVeller</span> <span class='ocrx_word' id='word_1_260' title='bbox 1083 1813 1149 1860; x_wconf 86' lang='lat'>111,</span> <span class='ocrx_word' id='word_1_261' title='bbox 1183 1815 1201 1851; x_wconf 90' lang='lat'>1</span> <span class='ocrx_word' id='word_1_262' title='bbox 1238 1825 1275 1863; x_wconf 89' lang='lat' dir='ltr'><strong>p.</strong></span> <span class='ocrx_word' id='word_1_263' title='bbox 1299 1814 1393 1854; x_wconf 84' lang='lat'><strong>387.</strong></span> <span class='ocrx_word' id='word_1_264' title='bbox 1417 1812 1486 1850; x_wconf 83' lang='lat' dir='ltr'><strong>Cr.</strong></span> 
     </span>
     <span class='ocr_line' id='line_1_54' title="bbox 820 1867 1487 1921; baseline 0.001 -16"><span class='ocrx_word' id='word_1_265' title='bbox 820 1869 951 1907; x_wconf 78' lang='lat' dir='ltr'><strong>laudat</strong></span> <span class='ocrx_word' id='word_1_266' title='bbox 994 1869 1119 1906; x_wconf 90' lang='lat' dir='ltr'><strong>Klotz.</strong></span> <span class='ocrx_word' id='word_1_267' title='bbox 1164 1867 1213 1905; x_wconf 80' lang='lat' dir='ltr'><strong><em>ad</em></strong></span> <span class='ocrx_word' id='word_1_268' title='bbox 1270 1869 1487 1921; x_wconf 85' lang='lat' dir='ltr'><strong><em>Tyrtaeum</em></strong></span> 
     </span>
    </p>

    <p class='ocr_par' dir='ltr' id='par_1_16' title="bbox 823 1978 1485 2087">
     <span class='ocr_line' id='line_1_55' title="bbox 879 1978 1485 2034; baseline -0.002 -13"><span class='ocrx_word' id='word_1_269' title='bbox 879 1979 1029 2034; x_wconf 73' lang='grc' dir='ltr'><strong><em>χαλεποὶ</em></strong></span> <span class='ocrx_word' id='word_1_270' title='bbox 1063 1978 1164 2021; x_wconf 79' lang='grc' dir='ltr'><strong><em>εἶναι</em></strong></span> <span class='ocrx_word' id='word_1_271' title='bbox 1205 1980 1485 2034; x_wconf 79' lang='grc' dir='ltr'><strong><em>περιγίνεσθαι</em></strong></span> 
     </span>
     <span class='ocr_line' id='line_1_56' title="bbox 823 2037 1485 2087; baseline -0.006 -9"><span class='ocrx_word' id='word_1_272' title='bbox 823 2054 861 2078; x_wconf 77' lang='grc' dir='ltr'><strong>κ.</strong></span> <span class='ocrx_word' id='word_1_273' title='bbox 883 2055 917 2077; x_wconf 88' lang='grc' dir='ltr'><strong><em>τ.</em></strong></span> <span class='ocrx_word' id='word_1_274' title='bbox 937 2040 996 2087; x_wconf 52' lang='lat' dir='ltr'><strong><em>t]</em></strong></span> <span class='ocrx_word' id='word_1_275' title='bbox 1034 2038 1121 2075; x_wconf 86' lang='lat' dir='ltr'><strong>Vid.</strong></span> <span class='ocrx_word' id='word_1_276' title='bbox 1150 2037 1286 2077; x_wconf 78' lang='lat' dir='ltr'><strong>Matth.</strong></span> <span class='ocrx_word' id='word_1_277' title='bbox 1320 2040 1385 2077; x_wconf 88' lang='lat' dir='ltr'><strong>Gr.</strong></span> <span class='ocrx_word' id='word_1_278' title='bbox 1417 2040 1485 2075; x_wconf 89' lang='lat' dir='ltr'><strong>Gr.</strong></span> 
     </span>
    </p>
   </div>
   <div class='ocr_carea' id='block_1_14' title="bbox 822 2093 1487 2829">
    <p class='ocr_par' dir='ltr' id='par_1_17' title="bbox 822 2093 1487 2829">
     <span class='ocr_line' id='line_1_57' title="bbox 826 2093 1487 2145; baseline 0.003 -13"><span class='ocrx_word' id='word_1_279' title='bbox 826 2097 863 2141; x_wconf 85' lang='lat'><strong><em>§.</em></strong></span> <span class='ocrx_word' id='word_1_280' title='bbox 885 2094 979 2143; x_wconf 81' lang='lat'><strong><em>443,</em></strong></span> <span class='ocrx_word' id='word_1_281' title='bbox 1010 2096 1029 2133; x_wconf 90' lang='lat'>1</span> <span class='ocrx_word' id='word_1_282' title='bbox 1060 2107 1099 2145; x_wconf 84' lang='lat' dir='ltr'><strong>p.</strong></span> <span class='ocrx_word' id='word_1_283' title='bbox 1130 2096 1225 2134; x_wconf 71' lang='lat'><strong>829.</strong></span> <span class='ocrx_word' id='word_1_284' title='bbox 1259 2115 1303 2121; x_wconf 91' lang='lat'>—</span> <span class='ocrx_word' id='word_1_285' title='bbox 1360 2093 1424 2131; x_wconf 87' lang='lat' dir='ltr'><strong><em>Ad</em></strong></span> <span class='ocrx_word' id='word_1_286' title='bbox 1446 2094 1487 2134; x_wconf 75' lang='grc' dir='ltr'><strong><em>ἕ-</em></strong></span> 
     </span>
     <span class='ocr_line' id='line_1_58' title="bbox 826 2149 1485 2202; baseline 0 -12"><span class='ocrx_word' id='word_1_287' title='bbox 826 2163 962 2202; x_wconf 89' lang='grc' dir='ltr'><strong><em>φασαν</em></strong></span> <span class='ocrx_word' id='word_1_288' title='bbox 1001 2149 1179 2202; x_wconf 80' lang='grc' dir='ltr'><strong><em>λέγοντες</em></strong></span> <span class='ocrx_word' id='word_1_289' title='bbox 1220 2149 1298 2188; x_wconf 88' lang='lat' dir='ltr'><strong>vid.</strong></span> <span class='ocrx_word' id='word_1_290' title='bbox 1328 2151 1380 2199; x_wconf 82' lang='lat' dir='ltr'><strong><em>V,</em></strong></span> <span class='ocrx_word' id='word_1_291' title='bbox 1415 2153 1485 2192; x_wconf 86' lang='lat'><strong><em>36.</em></strong></span> 
     </span>
     <span class='ocr_line' id='line_1_59' title="bbox 825 2202 1485 2258; baseline -0.005 -11"><span class='ocrx_word' id='word_1_292' title='bbox 825 2205 899 2258; x_wconf 72' lang='grc' dir='ltr'><strong><em>τήν</em></strong></span> <span class='ocrx_word' id='word_1_293' title='bbox 927 2204 1102 2246; x_wconf 63' lang='grc' dir='ltr'><strong><em>Ἐλλάδα</em></strong></span> <span class='ocrx_word' id='word_1_294' title='bbox 1128 2202 1351 2257; x_wconf 80' lang='grc' dir='ltr'><strong><em>διαστήσεις</em></strong></span> <span class='ocrx_word' id='word_1_295' title='bbox 1382 2209 1485 2244; x_wconf 78' lang='lat' dir='ltr'><strong>acci-</strong></span> 
     </span>
     <span class='ocr_line' id='line_1_60' title="bbox 825 2263 1486 2316; baseline 0.002 -15"><span class='ocrx_word' id='word_1_296' title='bbox 825 2267 911 2316; x_wconf 88' lang='lat' dir='ltr'><strong><em>pio:</em></strong></span> <span class='ocrx_word' id='word_1_297' title='bbox 943 2265 1130 2302; x_wconf 73' lang='lat' dir='ltr'><strong><em>Graeciam</em></strong></span> <span class='ocrx_word' id='word_1_298' title='bbox 1149 2263 1342 2312; x_wconf 81' lang='lat' dir='ltr'><strong><em>dz&#39;sz&#39;unges,</em></strong></span> <span class='ocrx_word' id='word_1_299' title='bbox 1358 2266 1398 2301; x_wconf 84' lang='lat' dir='ltr'><strong><em>in</em></strong></span> <span class='ocrx_word' id='word_1_300' title='bbox 1416 2277 1486 2302; x_wconf 84' lang='lat' dir='ltr'><strong><em>va-</em></strong></span> 
     </span>
     <span class='ocr_line' id='line_1_61' title="bbox 824 2321 1482 2373; baseline -0.003 -14"><span class='ocrx_word' id='word_1_301' title='bbox 824 2325 901 2360; x_wconf 72' lang='lat' dir='ltr'><strong><em>rias</em></strong></span> <span class='ocrx_word' id='word_1_302' title='bbox 911 2325 1033 2373; x_wconf 80' lang='lat' dir='ltr'><strong><em>partes</em></strong></span> <span class='ocrx_word' id='word_1_303' title='bbox 1058 2321 1211 2358; x_wconf 79' lang='lat' dir='ltr'><strong><em>Graecos</em></strong></span> <span class='ocrx_word' id='word_1_304' title='bbox 1228 2321 1372 2359; x_wconf 70' lang='lat' dir='ltr'><strong><em>divides.</em></strong></span> <span class='ocrx_word' id='word_1_305' title='bbox 1413 2323 1482 2358; x_wconf 91' lang='lat' dir='ltr'><strong><em>In-</em></strong></span> 
     </span>
     <span class='ocr_line' id='line_1_62' title="bbox 822 2376 1481 2429; baseline -0.002 -12"><span class='ocrx_word' id='word_1_306' title='bbox 822 2380 1016 2417; x_wconf 81' lang='lat' dir='ltr'><strong>transitivo</strong></span> <span class='ocrx_word' id='word_1_307' title='bbox 1036 2391 1148 2416; x_wconf 86' lang='lat' dir='ltr'>sensu</span> <span class='ocrx_word' id='word_1_308' title='bbox 1169 2376 1382 2429; x_wconf 76' lang='grc' dir='ltr'><strong><em>διαστήτην</em></strong></span> <span class='ocrx_word' id='word_1_309' title='bbox 1397 2380 1481 2416; x_wconf 90' lang='lat' dir='ltr'><strong><em>Ho-</em></strong></span> 
     </span>
     <span class='ocr_line' id='line_1_63' title="bbox 823 2433 1481 2487; baseline -0.002 -14"><span class='ocrx_word' id='word_1_310' title='bbox 823 2449 951 2473; x_wconf 87' lang='lat' dir='ltr'><strong><em>merus</em></strong></span> <span class='ocrx_word' id='word_1_311' title='bbox 972 2434 1069 2472; x_wconf 86' lang='lat' dir='ltr'><strong>dixit</strong></span> <span class='ocrx_word' id='word_1_312' title='bbox 1087 2436 1175 2484; x_wconf 88' lang='lat'><strong>11.1‚</strong></span> <span class='ocrx_word' id='word_1_313' title='bbox 1193 2438 1230 2482; x_wconf 90' lang='grc'><strong><em>6,</em></strong></span> <span class='ocrx_word' id='word_1_314' title='bbox 1261 2433 1364 2487; x_wconf 90' lang='lat' dir='ltr'><strong><em>quod</em></strong></span> <span class='ocrx_word' id='word_1_315' title='bbox 1384 2436 1481 2472; x_wconf 89' lang='lat' dir='ltr'><strong><em>Plu-</em></strong></span> 
     </span>
     <span class='ocr_line' id='line_1_64' title="bbox 823 2492 1483 2532; baseline 0.003 -2"><span class='ocrx_word' id='word_1_316' title='bbox 823 2492 976 2532; x_wconf 83' lang='lat' dir='ltr'><strong><em>tarchus</em></strong></span> <span class='ocrx_word' id='word_1_317' title='bbox 993 2493 1209 2530; x_wconf 82' lang='lat' dir='ltr'><strong>imitaturin</strong></span> <span class='ocrx_word' id='word_1_318' title='bbox 1220 2493 1336 2531; x_wconf 87' lang='lat' dir='ltr'><strong>Num.</strong></span> <span class='ocrx_word' id='word_1_319' title='bbox 1353 2495 1390 2532; x_wconf 84' lang='grc'><strong>2.</strong></span> <span class='ocrx_word' id='word_1_320' title='bbox 1403 2492 1483 2531; x_wconf 77' lang='grc' dir='ltr'><strong><em>διϊ-</em></strong></span> 
     </span>
     <span class='ocr_line' id='line_1_65' title="bbox 826 2546 1480 2601; baseline -0.008 -12"><span class='ocrx_word' id='word_1_321' title='bbox 826 2546 968 2589; x_wconf 73' lang='grc' dir='ltr'><strong><em>στοὲναι</em></strong></span> <span class='ocrx_word' id='word_1_322' title='bbox 986 2546 1057 2596; x_wconf 71' lang='grc' dir='ltr'><strong><em>τοὶς</em></strong></span> <span class='ocrx_word' id='word_1_323' title='bbox 1077 2546 1211 2595; x_wconf 74' lang='grc' dir='ltr'><strong><em>πόλεις</em></strong></span> <span class='ocrx_word' id='word_1_324' title='bbox 1241 2547 1378 2586; x_wconf 88' lang='lat' dir='ltr'>eodem</span> <span class='ocrx_word' id='word_1_325' title='bbox 1403 2561 1480 2601; x_wconf 90' lang='lat' dir='ltr'><strong><em>quo</em></strong></span> 
     </span>
     <span class='ocr_line' id='line_1_66' title="bbox 823 2604 1481 2644; baseline 0 -1"><span class='ocrx_word' id='word_1_326' title='bbox 823 2605 1039 2644; x_wconf 88' lang='lat' dir='ltr'>Herodotus</span> <span class='ocrx_word' id='word_1_327' title='bbox 1058 2619 1170 2643; x_wconf 88' lang='lat' dir='ltr'>sensu</span> <span class='ocrx_word' id='word_1_328' title='bbox 1190 2604 1285 2643; x_wconf 87' lang='lat' dir='ltr'><strong>dixit</strong></span> <span class='ocrx_word' id='word_1_329' title='bbox 1298 2605 1481 2643; x_wconf 82' lang='lat' dir='ltr'><strong>Aristides</strong></span> 
     </span>
     <span class='ocr_line' id='line_1_67' title="bbox 822 2662 1478 2714; baseline 0 -14"><span class='ocrx_word' id='word_1_330' title='bbox 822 2665 841 2700; x_wconf 92' lang='lat' dir='ltr'>I</span> <span class='ocrx_word' id='word_1_331' title='bbox 873 2677 910 2714; x_wconf 90' lang='lat' dir='ltr'><strong>p.</strong></span> <span class='ocrx_word' id='word_1_332' title='bbox 935 2662 1017 2703; x_wconf 81' lang='lat'><strong><em>482</em></strong></span> <span class='ocrx_word' id='word_1_333' title='bbox 1044 2675 1074 2699; x_wconf 79' lang='lat' dir='ltr'><strong><em>S.</em></strong></span> <span class='ocrx_word' id='word_1_334' title='bbox 1105 2665 1199 2704; x_wconf 90' lang='grc'><strong>718.</strong></span> <span class='ocrx_word' id='word_1_335' title='bbox 1227 2664 1245 2699; x_wconf 92' lang='grc' dir='ltr'><strong><em>Ι</em></strong></span> <span class='ocrx_word' id='word_1_336' title='bbox 1272 2676 1310 2713; x_wconf 93' lang='lat' dir='ltr'><strong><em>p.</em></strong></span> <span class='ocrx_word' id='word_1_337' title='bbox 1338 2663 1420 2704; x_wconf 85' lang='lat'><strong><em>489</em></strong></span> <span class='ocrx_word' id='word_1_338' title='bbox 1449 2676 1478 2701; x_wconf 82' lang='lat' dir='ltr'><strong><em>s,</em></strong></span> 
     </span>
     <span class='ocr_line' id='line_1_68' title="bbox 823 2717 1481 2770; baseline -0.009 -9"><span class='ocrx_word' id='word_1_339' title='bbox 823 2723 917 2761; x_wconf 83' lang='lat'><strong>727.</strong></span> <span class='ocrx_word' id='word_1_340' title='bbox 938 2721 955 2755; x_wconf 96' lang='lat' dir='ltr'>I</span> <span class='ocrx_word' id='word_1_341' title='bbox 974 2733 1012 2770; x_wconf 88' lang='lat' dir='ltr'><strong><em>p.</em></strong></span> <span class='ocrx_word' id='word_1_342' title='bbox 1026 2720 1107 2760; x_wconf 87' lang='lat'><strong><em>518</em></strong></span> <span class='ocrx_word' id='word_1_343' title='bbox 1118 2722 1238 2760; x_wconf 86' lang='lat' dir='ltr'><strong>s.769</strong></span> <span class='ocrx_word' id='word_1_344' title='bbox 1253 2719 1369 2757; x_wconf 84' lang='lat' dir='ltr'><strong>Dind.</strong></span> <span class='ocrx_word' id='word_1_345' title='bbox 1401 2717 1481 2758; x_wconf 89' lang='lat' dir='ltr'><strong><em>Sed</em></strong></span> 
     </span>
     <span class='ocr_line' id='line_1_69' title="bbox 824 2774 1481 2829; baseline -0.006 -13"><span class='ocrx_word' id='word_1_346' title='bbox 824 2777 1035 2829; x_wconf 75' lang='grc' dir='ltr'><strong><em>διαστῆναι</em></strong></span> <span class='ocrx_word' id='word_1_347' title='bbox 1054 2774 1198 2814; x_wconf 85' lang='lat' dir='ltr'>Herod.</span> <span class='ocrx_word' id='word_1_348' title='bbox 1216 2777 1281 2827; x_wconf 89' lang='lat' dir='ltr'><strong><em>1V,</em></strong></span> <span class='ocrx_word' id='word_1_349' title='bbox 1316 2780 1378 2823; x_wconf 84' lang='lat'><strong><em>11,</em></strong></span> <span class='ocrx_word' id='word_1_350' title='bbox 1414 2776 1481 2814; x_wconf 88' lang='lat' dir='ltr'><strong><em>ubi</em></strong></span> 
     </span>
    </p>
   </div>
  </div>
 </body>
</html>
