1879 3222
406 158 489 197 268

800 154 1258 191 HERODOTI

565 235 573 250 Ι

378 261 714 316 4στρατόπεδον,
735 262 807 305 καὶ
829 259 1105 315 ἀνθρώπους,
1125 265 1166 305 οἳ
1178 264 1350 306 εἵποντο
1363 266 1472 306 τοῖσι
1485 260 1656 317 ζεύγεσι.

404 330 571 380 ἑλόντες
613 330 658 372 δὲ
696 329 858 384 ταύτην
887 328 963 384 τὴν
993 328 1132 385 ἄγρην
1153 332 1195 372 οἱ
1225 331 1411 384 Πέρσαι,
1450 328 1659 384 ἀφειδέως

403 395 639 451 ἐφόνευον,
680 395 733 439 οὐ
765 395 1013 452 φειδόμενοι
1053 398 1152 440 οὔτε
1189 396 1425 453 ὑποζυγίου
1466 395 1714 448 ούδενὸς,10

374 470 394 503 5
405 461 504 506 οὔτε
536 462 789 517 ἀνθρώπου.

848 462 905 514 ὡς
953 464 997 506 δὲ
1029 463 1138 518 ἅδην
1178 461 1292 519 εἶχον
1334 466 1571 514 κτείνοντες
1607 464 1659 506 τὰ

402 531 532 573 λοιπὰ
564 531 710 574 αὐτῶν
740 531 935 589 ἤλαυνον
951 530 1308 585 περιβαλλόμενοι
1324 531 1441 584 παρά
1472 548 1514 574 τε
1534 535 1657 583 Μαρ-

278 604 345 648 40
403 596 556 641 δόνιον
585 600 657 641 καὶ
688 600 729 650 ἐς
757 599 806 643 τό
839 596 1140 650 στρατόπεδον.

1197 599 1322 640 Μετὰ
1366 600 1412 641 δὲ
1439 604 1570 643 τοῦτο
1609 598 1655 645 τὸ

403 665 531 720 ἔργον
559 665 704 718 ἑτέρας
734 665 814 709 δύο
843 665 1002 721 ἡμέρας
1033 664 1276 718 διέτριψαν,
1308 665 1529 719 οὐδέτεροι
1558 669 1658 722 βου-

401 734 578 788 λόμενοι
605 735 739 790 μάχης
769 733 908 787 ἄρξαι.

969 734 1090 787 μέχρι
1127 732 1203 787 μὲν
1237 731 1319 787 γὰρ
1359 736 1438 774 τοῦ
1462 731 1713 776 Ἀσωποῠ15

399 799 581 856 ἐπήϊσαν
612 803 654 843 οἱ
672 801 900 857 βάρβαροι,
929 799 1185 852 πειρώμενοι
1214 803 1302 842 τῶν
1317 797 1546 853 Ἑλλήνων,
1578 800 1656 842 διέ-

371 871 555 922 Ξβαινον
590 867 635 910 δὲ
666 866 902 919 οὐδέτεροι.
959 866 986 923 ἡ
1018 866 1166 921 μέντοι
1191 868 1320 916 ἵππος
1348 864 1657 922 ήΜαρδονίου

401 936 482 977 αἰεὶ
511 933 759 987 προσέκειτό
789 950 831 977 τε
861 934 934 977 καὶ
962 934 1109 977 ἐλύπεε
1139 933 1241 985 τούς
1257 934 1479 989 ’Έλληνας
1511 935 1553 975 οἰ
1573 932 1656 988 γάρ

401 1005 599 1057 Θηβαῖοι,
633 1001 704 1043 ἅτε
722 1003 969 1057 μηδίζοντες
983 1001 1196 1057 μεγάλως,
1228 1001 1468 1057 προθύμως
1497 1001 1657 1056 ἔφερον

400 1068 477 1112 τόν
506 1067 717 1124 πόλεμον,
752 1069 824 1110 καὶ
854 1069 934 1112 αἰεὶ
963 1069 1221 1125 κατηγέοντο
1261 1070 1382 1125 μέχρι.
1412 1070 1569 1126 μάχης·
1609 1069 1712 1112 τὸΞΟ

399 1135 444 1179 δὲ
473 1134 558 1179 cino·
587 1135 746 1179 τούτου
769 1136 1113 1192 παραδεκόμενοι
1131 1138 1296 1192 Πέρσαι
1324 1153 1367 1180 τε
1397 1139 1470 1182 καὶ
1493 1139 1654 1194 Μῆδοι,

395 1201 510 1259 μάλα
539 1204 669 1247 ἔσκον
699 1207 742 1248 οἳ
770 1201 1050 1249 ἀπεδείκνυτο
1082 1204 1247 1260 ἀρετάς.

398 1372 466 1413 καὶ
491 1369 738 1427 ἀνθρώπους
769 1375 809 1414 οἳ
837 1374 996 1418 εἵποντο

339 1433 440 1470 τοῖσι
461 1426 629 1483 ζεύγεσι]
652 1433 774 1469 PossiS
786 1433 996 1485 intelligere

340 1500 472 1535 servos,
504 1501 598 1539 quos
618 1487 722 1525 haud
745 1501 829 1526 raro
849 1491 997 1541 simpli-

339 1545 430 1580 citer
448 1546 572 1581 vocari
593 1540 850 1595 α’νθρώπους,
872 1554 996 1584 osten-

339 1598 455 1647 dunt,
488 1613 585 1651 quae
616 1599 663 1637 ad
684 1602 870 1651 Evangel.
898 1605 993 1642 Luc.

337 1656 432 1702 XII,
463 1658 515 1696 36
545 1656 656 1692 allata
685 1664 772 1693 sunt
802 1658 847 1693 ab
877 1659 994 1694 inter-

336 1712 503 1762 pretibus
525 1719 562 1748 et
587 1724 683 1763 quae
709 1713 788 1762 ipse
816 1714 922 1749 attuli
944 1712 992 1750 ad

337 1765 532 1804 Plutarch.
564 1768 751 1805 Alcibiad.
787 1781 873 1819 pag.
914 1771 988 1810 68:

337 1825 409 1860 nisi
445 1822 483 1862 h.
521 1825 546 1862 l.
589 1825 744 1860 omuino
779 1824 994 1862 indicantur

336 1881 428 1917 viles
469 1878 640 1916 homines
657 1910 666 1927 ‚
705 1881 890 1918 inferioris
929 1883 994 1933 qui

337 1943 444 1973 erant
482 1936 728 1986 conditionis⁷
768 1951 838 1974 nec
882 1939 994 1974 armis

336 1992 500 2030 ferendis
521 1992 627 2041 digni
647 1994 725 2030 sive
747 1995 843 2044 apti3
873 2001 913 2031 ut
938 2008 995 2031 sa-

336 2063 385 2086 ne
406 2062 475 2085 nec
498 2048 748 2086 excludantur
767 2052 885 2098 servi,
923 2064 993 2088 nec

336 2107 404 2142 soli
431 2107 468 2141 iu
491 2107 702 2155 periculum
741 2108 912 2155 veniant,
953 2114 995 2144 ut

336 2164 386 2199 ait
406 2164 634 2213 NW'esseliizg.

393 2214 590 2267 ἀφειδέως
624 2215 837 2268 ἐφόνευον]
893 2219 992 2265 Quid

337 2276 405 2312 sibi
427 2276 517 2312 velit
536 2276 670 2311 vocula
687 2270 893 2324 ἀφειδέως,
915 2283 992 2312 sta-

337 2333 406 2368 tim
435 2333 597 2381 explicat
637 2332 758 2368 verbis
794 2333 989 2369 subiectis:

338 2383 386 2426 ov'
412 2384 639 2439 φειδόμενοι
662 2385 752 2427 οὕτε
775 2387 992 2439 ’ὑποζυγίου

338 2440 515 2493 ου’ὸενὸς,
529 2441 619 2484 οὔτε
635 2438 871 2497 ἀνθρώπου.
884 2444 993 2481 Idem

337 2501 371 2547 Ι,
399 2504 484 2539 163.
516 2504 595 2541 207
625 2500 691 2538 sm.

396 2554 449 2601 ὥς
464 2555 503 2594 δὲ
519 2554 618 2606 ἅδην
637 2555 736 2608 εἶχεν
755 2554 989 2608 κτείνοντες]

338 2612 487 2648 Excitat
509 2613 643 2650 Suidas
664 2628 695 2654 s.
716 2627 753 2650 v.
777 2611 880 2663 ἄδην
915 2615 930 2649 1
951 2626 989 2663 p.

336 2668 402 2708 51.
433 2668 497 2703 Tu
517 2668 592 2707 vid.
612 2669 744 2707 Matth.
767 2672 832 2706 Gr.
854 2672 921 2707 Gr.
951 2671 991 2715 §-

335 2723 430 2772 550,
452 2723 476 2760 b
497 2736 583 2774 pag·
614 2728 724 2765 1081.
756 2726 990 2764 Valckenae-

1052 1378 1127 1416 rius
1146 1377 1193 1415 de
1213 1375 1284 1415 hac
1303 1378 1495 1414 locutione
1516 1375 1710 1411 excitave-

1052 1442 1109 1472 rat
1129 1436 1277 1472 Platon.
1299 1432 1492 1470 Chen-mid.
1520 1444 1608 1483 pag.
1633 1430 1709 1471 153

1053 1492 1096 1528 C.
1151 1494 1208 1529 De
1229 1492 1375 1542 republ.
1398 1491 1465 1527 vll
1484 1489 1550 1525 fin.
1568 1485 1710 1526 Athen.

1051 1549 1103 1586 IV
1132 1561 1218 1598 pag.
1251 1550 1329 1588 128
1361 1548 1407 1585 E.
1450 1542 1710 1582 Hemsterhus.

1051 1604 1099 1640 ad
1128 1605 1286 1641 Lucian.
1317 1604 1423 1653 Nigr.
1457 1616 1489 1639 c.
1524 1604 1585 1642 13.
1617 1599 1707 1636 T.1

1048 1672 1135 1710 pag.
1159 1659 1238 1698 947
1258 1660 1342 1708 Βῑρ.

1103 1711 1281 1764 ἤλαυνον
1309 1707 1653 1763 περιβαλλόμενοι]
1682 1712 1707 1747 ἰ.

1050 1783 1083 1806 e.
1112 1771 1249 1819 *reliqna
1277 1783 1391 1806 eorum
1433 1767 1708 1817 (iumentorum

1050 1839 1171 1878 aeque
1192 1833 1304 1877 atque
1335 1823 1552 1875 homiuum)
1582 1824 1708 1871 abige-

1049 1887 1131 1919 mnt
1170 1883 1219 1919 ad
1250 1881 1502 1927 Mardonium,
1555 1881 1708 1916 circum-

1049 1941 1241 1985 venientes,
1293 1940 1468 1986 cingentes
1514 1948 1620 1986 eaque
1670 1936 1708 1972 in

1050 2007 1152 2032 usum
1220 2006 1319 2030 suum
1386 1996 1566 2031 vertentes.
1650 1992 1708 2028 Ita

1051 2049 1404 2101 Schweighaeuser.
1435 2050 1472 2085 in
1504 2050 1597 2086 Lex,
1626 2049 1707 2083 He-

1049 2107 1131 2144 rod.
1167 2109 1223 2143 De
1255 2108 1370 2143 verbo
1398 2101 1708 2154 περιβάλλεσθαι

1050 2163 1151 2200 conf.
1204 2165 1279 2212 111,
1328 2165 1379 2202 71
1433 2162 1561 2213 ibique
1607 2166 1704 2197 nott.

1048 2221 1154 2266 VIII,
1173 2221 1212 2260 8.

1275 2308 1367 2357 cap.
1398 2307 1481 2343 XL.

1106 2386 1336 2438 μηδίζοντες
1363 2381 1552 2438 μεγάλως]
1594 2383 1702 2420 cons.

1048 2451 1143 2482 nott.
1165 2442 1213 2480 ad
1232 2444 1309 2490 IX,
1343 2445 1407 2482 17.
1455 2442 1703 2478 Locutionem

1051 2498 1188 2552 φέρειν
1207 2497 1276 2539 τόν
1295 2494 1470 2548 πόλεμον
1490 2497 1701 2534 invenimus

1046 2558 1114 2603 IX,
1138 2559 1201 2597 18.
1261 2553 1324 2592 Ad
1344 2552 1574 2606 κατηγέοντο
1591 2564 1699 2587 men-

1047 2620 1083 2650 te
1104 2611 1218 2649 addas
1245 2613 1331 2649 licet
1359 2614 1409 2664 τῇ
1440 2611 1512 2648 τοῦ
1533 2608 1699 2658 ΒῙαρδο-

1046 2670 1137 2708 νίου
1157 2668 1279 2707 ἵππω.
1308 2687 1362 2695 --
1391 2667 1568 2702 Formam
1587 2662 1700 2702 ἔσκον

1047 2710 1305 2776 attigimus‘ad
1318 2723 1381 2771 νι,
1402 2724 1492 2763 133.
1514 2721 1594 2768 vn,
1608 2722 1701 2760 119.
