<?xml version="1.0" encoding="UTF-8"?>
<!DOCTYPE html PUBLIC "-//W3C//DTD XHTML 1.0 Transitional//EN"
    "http://www.w3.org/TR/xhtml1/DTD/xhtml1-transitional.dtd">
<html xmlns="http://www.w3.org/1999/xhtml" xml:lang="en" lang="en">
 <head>
  <title>
</title>
<meta http-equiv="Content-Type" content="text/html;charset=utf-8" />
  <meta name='ocr-system' content='tesseract 3.04.00' />
  <meta name='ocr-capabilities' content='ocr_page ocr_carea ocr_par ocr_line ocrx_word'/>
</head>
<body>
  <div class='ocr_page' id='page_1' title='image "./musaeherodoto04hero/musaeherodoto04hero_0035.png"; bbox 0 0 1996 3238; ppageno 0'>
   <div class='ocr_carea' id='block_1_1' title="bbox 677 178 1546 218">
    <p class='ocr_par' dir='ltr' id='par_1_1' title="bbox 677 178 1546 218">
     <span class='ocr_line' id='line_1_1' title="bbox 677 178 1546 218; baseline 0.002 -2"><span class='ocrx_word' id='word_1_1' title='bbox 677 179 1016 216; x_wconf 82' lang='lat' dir='ltr'><strong>URANIA</strong></span> <span class='ocrx_word' id='word_1_2' title='bbox 1075 178 1204 216; x_wconf 83' lang='lat' dir='ltr'>V111.</span> <span class='ocrx_word' id='word_1_3' title='bbox 1492 179 1546 218; x_wconf 69' lang='lat'>27</span> 
     </span>
    </p>
   </div>
   <div class='ocr_carea' id='block_1_2' title="bbox 154 286 1604 753">
    <p class='ocr_par' dir='ltr' id='par_1_2' title="bbox 154 286 1604 753">
     <span class='ocr_line' id='line_1_2' title="bbox 257 286 1549 344; baseline -0.001 -14"><span class='ocrx_word' id='word_1_4' title='bbox 257 287 482 332; x_wconf 85' lang='grc' dir='ltr'><em>3τούτοισι</em></span> <span class='ocrx_word' id='word_1_5' title='bbox 512 287 558 331; x_wconf 79' lang='grc' dir='ltr'>δὲ</span> <span class='ocrx_word' id='word_1_6' title='bbox 590 286 723 331; x_wconf 78' lang='grc' dir='ltr'><em>οὐδὲν</em></span> <span class='ocrx_word' id='word_1_7' title='bbox 752 292 866 330; x_wconf 84' lang='grc' dir='ltr'><em>τοῖσι</em></span> <span class='ocrx_word' id='word_1_8' title='bbox 895 287 1014 330; x_wconf 77' lang='grc' dir='ltr'><em>ἔπεσι</em></span> <span class='ocrx_word' id='word_1_9' title='bbox 1043 286 1351 344; x_wconf 79' lang='grc' dir='ltr'><em>χρησαμένοισι</em></span> <span class='ocrx_word' id='word_1_10' title='bbox 1388 286 1435 329; x_wconf 83' lang='grc' dir='ltr'><em>ἐν</em></span> <span class='ocrx_word' id='word_1_11' title='bbox 1465 291 1549 330; x_wconf 87' lang='grc' dir='ltr'><em>τοῖ-</em></span> 
     </span>
     <span class='ocr_line' id='line_1_3' title="bbox 288 355 1549 410; baseline -0.002 -10"><span class='ocrx_word' id='word_1_12' title='bbox 288 369 331 400; x_wconf 89' lang='grc' dir='ltr'>σι</span> <span class='ocrx_word' id='word_1_13' title='bbox 358 355 452 398; x_wconf 77' lang='grc' dir='ltr'><em>τότε</em></span> <span class='ocrx_word' id='word_1_14' title='bbox 471 356 686 408; x_wconf 83' lang='grc' dir='ltr'><em>παρεοῦσί</em></span> <span class='ocrx_word' id='word_1_15' title='bbox 711 370 756 397; x_wconf 87' lang='grc' dir='ltr'><em>τε</em></span> <span class='ocrx_word' id='word_1_16' title='bbox 775 355 847 398; x_wconf 87' lang='grc' dir='ltr'><em>καὶ</em></span> <span class='ocrx_word' id='word_1_17' title='bbox 866 357 1202 410; x_wconf 80' lang='grc' dir='ltr'><em>προσδοκίμοισι</em></span> <span class='ocrx_word' id='word_1_18' title='bbox 1232 360 1426 407; x_wconf 81' lang='grc' dir='ltr'><em>κακοῖσι,</em></span> <span class='ocrx_word' id='word_1_19' title='bbox 1465 370 1549 398; x_wconf 83' lang='grc' dir='ltr'>πα-</span> 
     </span>
     <span class='ocr_line' id='line_1_4' title="bbox 154 415 1604 479; baseline -0.003 -13"><span class='ocrx_word' id='word_1_20' title='bbox 154 415 215 459; x_wconf 81' lang='lat'>21</span> <span class='ocrx_word' id='word_1_21' title='bbox 285 427 368 478; x_wconf 85' lang='grc' dir='ltr'>ρῆν</span> <span class='ocrx_word' id='word_1_22' title='bbox 408 435 489 479; x_wconf 94' lang='grc' dir='ltr'>σφι</span> <span class='ocrx_word' id='word_1_23' title='bbox 528 426 738 479; x_wconf 75' lang='grc' dir='ltr'><em>συμφορῇ</em></span> <span class='ocrx_word' id='word_1_24' title='bbox 774 427 963 479; x_wconf 81' lang='grc' dir='ltr'><em>χρῆσθαι</em></span> <span class='ocrx_word' id='word_1_25' title='bbox 1000 423 1111 476; x_wconf 86' lang='grc' dir='ltr'><em>πρός</em></span> <span class='ocrx_word' id='word_1_26' title='bbox 1149 423 1201 465; x_wconf 78' lang='grc' dir='ltr'><em>τιὶ</em></span> <span class='ocrx_word' id='word_1_27' title='bbox 1239 423 1427 478; x_wconf 76' lang='grc' dir='ltr'><em>μέγιστα.</em></span> <span class='ocrx_word' id='word_1_28' title='bbox 1493 424 1604 466; x_wconf 77' lang='grc' dir='ltr'><em>Οἱσο</em></span> 
     </span>
     <span class='ocr_line' id='line_1_5' title="bbox 282 489 1550 547; baseline 0 -13"><span class='ocrx_word' id='word_1_29' title='bbox 282 493 361 547; x_wconf 80' lang='grc' dir='ltr'>μὲν</span> <span class='ocrx_word' id='word_1_30' title='bbox 400 489 452 546; x_wconf 79' lang='grc' dir='ltr'><em>δὴ</em></span> <span class='ocrx_word' id='word_1_31' title='bbox 493 495 631 534; x_wconf 82' lang='grc' dir='ltr'><em>ταῦτα</em></span> <span class='ocrx_word' id='word_1_32' title='bbox 669 491 907 546; x_wconf 74' lang='grc' dir='ltr'><em>ἔπρησσον,</em></span> <span class='ocrx_word' id='word_1_33' title='bbox 943 495 1090 546; x_wconf 82' lang='grc' dir='ltr'><em>παρῆν</em></span> <span class='ocrx_word' id='word_1_34' title='bbox 1126 491 1171 534; x_wconf 79' lang='grc' dir='ltr'>δὲ</span> <span class='ocrx_word' id='word_1_35' title='bbox 1203 489 1226 534; x_wconf 88' lang='grc' dir='ltr'>ὁ</span> <span class='ocrx_word' id='word_1_36' title='bbox 1257 491 1303 534; x_wconf 75' lang='grc' dir='ltr'>ἐκ</span> <span class='ocrx_word' id='word_1_37' title='bbox 1341 496 1550 547; x_wconf 83' lang='grc' dir='ltr'><em>Τρηχῖνος</em></span> 
     </span>
     <span class='ocr_line' id='line_1_6' title="bbox 281 553 1550 616; baseline 0.002 -15"><span class='ocrx_word' id='word_1_38' title='bbox 281 557 568 610; x_wconf 80' lang='grc' dir='ltr'><em>κατάσκοπος.</em></span> <span class='ocrx_word' id='word_1_39' title='bbox 601 553 657 616; x_wconf 80' lang='grc' dir='ltr'><em>ἦν</em></span> <span class='ocrx_word' id='word_1_40' title='bbox 673 559 752 614; x_wconf 82' lang='grc' dir='ltr'>μὲν</span> <span class='ocrx_word' id='word_1_41' title='bbox 769 558 853 615; x_wconf 76' lang='grc' dir='ltr'><em>γάρ</em></span> <span class='ocrx_word' id='word_1_42' title='bbox 885 557 953 602; x_wconf 78' lang='grc' dir='ltr'><em>ἐπ’</em></span> <span class='ocrx_word' id='word_1_43' title='bbox 982 557 1231 613; x_wconf 82' lang='grc' dir='ltr'><em>Ἀρτεμισίῳ</em></span> <span class='ocrx_word' id='word_1_44' title='bbox 1261 558 1550 613; x_wconf 74' lang='grc' dir='ltr'><em>κατάσκοπος,</em></span> 
     </span>
     <span class='ocr_line' id='line_1_7' title="bbox 284 625 1552 686; baseline 0.002 -17"><span class='ocrx_word' id='word_1_45' title='bbox 284 626 482 679; x_wconf 81' lang='grc' dir='ltr'><em>Πολύας,</em></span> <span class='ocrx_word' id='word_1_46' title='bbox 520 627 648 683; x_wconf 80' lang='grc' dir='ltr'><em>γένος</em></span> <span class='ocrx_word' id='word_1_47' title='bbox 673 626 964 680; x_wconf 79' lang='grc' dir='ltr'><em>Ἀντικυρεὺς,</em></span> <span class='ocrx_word' id='word_1_48' title='bbox 997 631 1058 686; x_wconf 79' lang='grc' dir='ltr'>τῷ</span> <span class='ocrx_word' id='word_1_49' title='bbox 1089 625 1400 681; x_wconf 81' lang='grc' dir='ltr'><em>προσετέτακτο</em></span> <span class='ocrx_word' id='word_1_50' title='bbox 1418 659 1429 677; x_wconf 85' lang='grc'><em>,</em></span> <span class='ocrx_word' id='word_1_51' title='bbox 1458 629 1552 685; x_wconf 77' lang='grc' dir='ltr'><em>(καὶ</em></span> 
     </span>
     <span class='ocr_line' id='line_1_8' title="bbox 283 692 1549 753; baseline 0.003 -17"><span class='ocrx_word' id='word_1_52' title='bbox 283 692 365 750; x_wconf 83' lang='grc' dir='ltr'><em>εἶχε</em></span> <span class='ocrx_word' id='word_1_53' title='bbox 385 699 542 739; x_wconf 90' lang='grc' dir='ltr'><em>πλοῖον</em></span> <span class='ocrx_word' id='word_1_54' title='bbox 571 699 753 753; x_wconf 82' lang='grc' dir='ltr'><em>κατῆρες</em></span> <span class='ocrx_word' id='word_1_55' title='bbox 783 695 987 752; x_wconf 77' lang='grc' dir='ltr'><em>ἓτοῖμον,)</em></span> <span class='ocrx_word' id='word_1_56' title='bbox 1019 697 1056 740; x_wconf 84' lang='grc' dir='ltr'><em>εἰ</em></span> <span class='ocrx_word' id='word_1_57' title='bbox 1098 695 1302 752; x_wconf 83' lang='grc' dir='ltr'><em>παλήσειε</em></span> <span class='ocrx_word' id='word_1_58' title='bbox 1340 694 1363 739; x_wconf 93' lang='grc' dir='ltr'>ὁ</span> <span class='ocrx_word' id='word_1_59' title='bbox 1405 713 1549 740; x_wconf 80' lang='grc' dir='ltr'><em>ναυτι-</em></span> 
     </span>
    </p>
   </div>
   <div class='ocr_carea' id='block_1_3' title="bbox 1606 419 1882 620">
    <p class='ocr_par' dir='ltr' id='par_1_3' title="bbox 1606 419 1882 620">
     <span class='ocr_line' id='line_1_9' title="bbox 1608 419 1842 450; baseline -0.004 -3"><span class='ocrx_word' id='word_1_60' title='bbox 1608 420 1723 450; x_wconf 48' lang='lat' dir='ltr'>«lein-le.</span> <span class='ocrx_word' id='word_1_61' title='bbox 1741 419 1842 448; x_wconf 64' lang='lat' dir='ltr'>amma</span> 
     </span>
     <span class='ocr_line' id='line_1_10' title="bbox 1606 455 1880 494; baseline -0.007 -12"><span class='ocrx_word' id='word_1_62' title='bbox 1606 455 1727 482; x_wconf 77' lang='lat' dir='ltr'>interim</span> <span class='ocrx_word' id='word_1_63' title='bbox 1759 455 1880 494; x_wconf 69' lang='lat' dir='ltr'>Sparta—</span> 
     </span>
     <span class='ocr_line' id='line_1_11' title="bbox 1606 488 1882 516; baseline -0.007 0"><span class='ocrx_word' id='word_1_64' title='bbox 1606 498 1643 516; x_wconf 83' lang='lat' dir='ltr'>no</span> <span class='ocrx_word' id='word_1_65' title='bbox 1648 497 1711 515; x_wconf 88' lang='lat' dir='ltr'>rum</span> <span class='ocrx_word' id='word_1_66' title='bbox 1730 488 1767 514; x_wconf 82' lang='lat' dir='ltr'>ad</span> <span class='ocrx_word' id='word_1_67' title='bbox 1785 488 1882 515; x_wconf 80' lang='lat' dir='ltr'>Ther·</span> 
     </span>
     <span class='ocr_line' id='line_1_12' title="bbox 1607 522 1856 556; baseline -0.008 -7"><span class='ocrx_word' id='word_1_68' title='bbox 1607 523 1740 556; x_wconf 58' lang='lat' dir='ltr'>mopylas</span> <span class='ocrx_word' id='word_1_69' title='bbox 1761 522 1856 548; x_wconf 72' lang='lat' dir='ltr'>clade</span> 
     </span>
     <span class='ocr_line' id='line_1_13' title="bbox 1608 556 1882 596; baseline -0.004 -13"><span class='ocrx_word' id='word_1_70' title='bbox 1608 562 1712 596; x_wconf 62' lang='lat' dir='ltr'>petunt</span> <span class='ocrx_word' id='word_1_71' title='bbox 1732 556 1882 583; x_wconf 73' lang='lat' dir='ltr'>Graeciae</span> 
     </span>
     <span class='ocr_line' id='line_1_14' title="bbox 1606 590 1760 620; baseline -0.028 0"><span class='ocrx_word' id='word_1_72' title='bbox 1606 590 1760 620; x_wconf 76' lang='lat' dir='ltr'>interiora.</span> 
     </span>
    </p>
   </div>
   <div class='ocr_carea' id='block_1_4' title="bbox 1965 0 1996 669">
    <p class='ocr_par' dir='ltr' id='par_1_4' title="bbox 1965 0 1996 669">
     <span class='ocr_line' id='line_1_15' title="bbox 1965 0 1996 669; baseline 0 2569"><span class='ocrx_word' id='word_1_73' title='bbox 1965 0 1996 669; x_wconf 95' lang='lat' dir='ltr'> </span> 
     </span>
    </p>
   </div>
   <div class='ocr_carea' id='block_1_5' title="bbox 220 868 890 1603">
    <p class='ocr_par' dir='ltr' id='par_1_5' title="bbox 220 868 890 1603">
     <span class='ocr_line' id='line_1_16' title="bbox 226 868 889 924; baseline 0.002 -17"><span class='ocrx_word' id='word_1_74' title='bbox 226 868 368 908; x_wconf 84' lang='lat' dir='ltr'>addere</span> <span class='ocrx_word' id='word_1_75' title='bbox 388 871 652 924; x_wconf 80' lang='lat' dir='ltr'>quoquelicet,</span> <span class='ocrx_word' id='word_1_76' title='bbox 672 871 889 910; x_wconf 80' lang='lat' dir='ltr'>subiectum</span> 
     </span>
     <span class='ocr_line' id='line_1_17' title="bbox 226 924 890 980; baseline 0 -14"><span class='ocrx_word' id='word_1_77' title='bbox 226 925 251 966; x_wconf 82' lang='lat' dir='ltr'>o‘</span> <span class='ocrx_word' id='word_1_78' title='bbox 280 924 439 977; x_wconf 76' lang='grc' dir='ltr'><em>βάλλων</em></span> <span class='ocrx_word' id='word_1_79' title='bbox 467 930 529 966; x_wconf 78' lang='lat' dir='ltr'>vel</span> <span class='ocrx_word' id='word_1_80' title='bbox 562 929 686 966; x_wconf 85' lang='lat' dir='ltr'>simile</span> <span class='ocrx_word' id='word_1_81' title='bbox 709 929 813 980; x_wconf 87' lang='lat' dir='ltr'>quid,</span> <span class='ocrx_word' id='word_1_82' title='bbox 847 935 890 966; x_wconf 89' lang='lat' dir='ltr'>ut</span> 
     </span>
     <span class='ocr_line' id='line_1_18' title="bbox 225 984 889 1038; baseline 0.006 -18"><span class='ocrx_word' id='word_1_83' title='bbox 225 984 324 1032; x_wconf 67' lang='lat' dir='ltr'>wll,</span> <span class='ocrx_word' id='word_1_84' title='bbox 358 988 403 1025; x_wconf 92' lang='lat'>11</span> <span class='ocrx_word' id='word_1_85' title='bbox 440 986 524 1023; x_wconf 91' lang='lat' dir='ltr'>init.</span> <span class='ocrx_word' id='word_1_86' title='bbox 580 987 666 1036; x_wconf 86' lang='lat' dir='ltr'>Ipsa</span> <span class='ocrx_word' id='word_1_87' title='bbox 690 1000 767 1023; x_wconf 75' lang='lat' dir='ltr'>vox</span> <span class='ocrx_word' id='word_1_88' title='bbox 788 987 889 1038; x_wconf 87' lang='grc' dir='ltr'><em>βαρ-</em></span> 
     </span>
     <span class='ocr_line' id='line_1_19' title="bbox 225 1037 890 1094; baseline 0.002 -15"><span class='ocrx_word' id='word_1_89' title='bbox 225 1037 480 1092; x_wconf 80' lang='grc' dir='ltr'><em>βαρόφωνος,</em></span> <span class='ocrx_word' id='word_1_90' title='bbox 511 1056 609 1094; x_wconf 89' lang='lat' dir='ltr'>quae</span> <span class='ocrx_word' id='word_1_91' title='bbox 630 1044 709 1079; x_wconf 85' lang='lat' dir='ltr'>iam</span> <span class='ocrx_word' id='word_1_92' title='bbox 738 1057 787 1080; x_wconf 83' lang='lat' dir='ltr'>ex</span> <span class='ocrx_word' id='word_1_93' title='bbox 804 1045 890 1080; x_wconf 91' lang='grc' dir='ltr'>Ηο-</span> 
     </span>
     <span class='ocr_line' id='line_1_20' title="bbox 224 1101 890 1148; baseline 0.003 -13"><span class='ocrx_word' id='word_1_94' title='bbox 224 1111 332 1135; x_wconf 87' lang='lat' dir='ltr'>mero</span> <span class='ocrx_word' id='word_1_95' title='bbox 361 1106 452 1136; x_wconf 88' lang='lat' dir='ltr'>nota</span> <span class='ocrx_word' id='word_1_96' title='bbox 484 1107 538 1136; x_wconf 89' lang='lat' dir='ltr'>est</span> <span class='ocrx_word' id='word_1_97' title='bbox 566 1101 610 1138; x_wconf 87' lang='lat' dir='ltr'>Il.</span> <span class='ocrx_word' id='word_1_98' title='bbox 641 1102 689 1147; x_wconf 88' lang='grc' dir='ltr'>Π,</span> <span class='ocrx_word' id='word_1_99' title='bbox 724 1103 816 1148; x_wconf 82' lang='grc'>867,</span> <span class='ocrx_word' id='word_1_100' title='bbox 852 1107 890 1137; x_wconf 91' lang='lat' dir='ltr'>et</span> 
     </span>
     <span class='ocr_line' id='line_1_21' title="bbox 224 1153 887 1207; baseline 0.005 -16"><span class='ocrx_word' id='word_1_101' title='bbox 224 1153 300 1192; x_wconf 87' lang='lat' dir='ltr'>hoc</span> <span class='ocrx_word' id='word_1_102' title='bbox 327 1156 413 1193; x_wconf 89' lang='lat' dir='ltr'>loco</span> <span class='ocrx_word' id='word_1_103' title='bbox 434 1163 471 1193; x_wconf 93' lang='lat' dir='ltr'>et</span> <span class='ocrx_word' id='word_1_104' title='bbox 489 1157 558 1205; x_wconf 84' lang='lat' dir='ltr'>IX,</span> <span class='ocrx_word' id='word_1_105' title='bbox 580 1155 632 1197; x_wconf 81' lang='lat'>43</span> <span class='ocrx_word' id='word_1_106' title='bbox 662 1160 887 1207; x_wconf 73' lang='lat' dir='ltr'>peregrinum</span> 
     </span>
     <span class='ocr_line' id='line_1_22' title="bbox 223 1211 887 1261; baseline 0.005 -13"><span class='ocrx_word' id='word_1_107' title='bbox 223 1211 388 1261; x_wconf 82' lang='lat' dir='ltr'>indicat,</span> <span class='ocrx_word' id='word_1_108' title='bbox 427 1214 506 1251; x_wconf 75' lang='lat' dir='ltr'>sive</span> <span class='ocrx_word' id='word_1_109' title='bbox 549 1218 765 1252; x_wconf 74' lang='lat' dir='ltr'>extraneum.</span> <span class='ocrx_word' id='word_1_110' title='bbox 823 1213 887 1251; x_wconf 83' lang='lat' dir='ltr'>Ad</span> 
     </span>
     <span class='ocr_line' id='line_1_23' title="bbox 224 1271 888 1322; baseline 0.006 -17"><span class='ocrx_word' id='word_1_111' title='bbox 224 1281 362 1306; x_wconf 85' lang='lat' dir='ltr'>vocem</span> <span class='ocrx_word' id='word_1_112' title='bbox 381 1268 500 1322; x_wconf 77' lang='grc' dir='ltr'><em>ζυγόν</em></span> <span class='ocrx_word' id='word_1_113' title='bbox 523 1272 582 1308; x_wconf 62' lang='lat' dir='ltr'>w</span> <span class='ocrx_word' id='word_1_114' title='bbox 584 1272 757 1322; x_wconf 80' lang='lat' dir='ltr'>esseling.</span> <span class='ocrx_word' id='word_1_115' title='bbox 780 1273 888 1309; x_wconf 80' lang='lat' dir='ltr'>exci-</span> 
     </span>
     <span class='ocr_line' id='line_1_24' title="bbox 221 1327 888 1381; baseline 0.003 -19"><span class='ocrx_word' id='word_1_116' title='bbox 221 1331 320 1363; x_wconf 76' lang='lat' dir='ltr'>tarat</span> <span class='ocrx_word' id='word_1_117' title='bbox 353 1327 535 1379; x_wconf 79' lang='lat' dir='ltr'>Aeschyl.</span> <span class='ocrx_word' id='word_1_118' title='bbox 568 1329 673 1365; x_wconf 89' lang='lat' dir='ltr'>Pers.</span> <span class='ocrx_word' id='word_1_119' title='bbox 714 1332 781 1376; x_wconf 78' lang='lat'>72,</span> <span class='ocrx_word' id='word_1_120' title='bbox 822 1330 888 1381; x_wconf 87' lang='lat' dir='ltr'>qui</span> 
     </span>
     <span class='ocr_line' id='line_1_25' title="bbox 220 1379 887 1436; baseline 0.004 -15"><span class='ocrx_word' id='word_1_121' title='bbox 220 1379 487 1435; x_wconf 75' lang='grc' dir='ltr'><em>πολύγομφον</em></span> <span class='ocrx_word' id='word_1_122' title='bbox 505 1380 652 1435; x_wconf 75' lang='grc' dir='ltr'><em>ὅδισμα</em></span> <span class='ocrx_word' id='word_1_123' title='bbox 674 1382 788 1436; x_wconf 77' lang='grc' dir='ltr'><em>ζυγὸν</em></span> <span class='ocrx_word' id='word_1_124' title='bbox 811 1383 887 1436; x_wconf 80' lang='grc' dir='ltr'><em>οἷμ-</em></span> 
     </span>
     <span class='ocr_line' id='line_1_26' title="bbox 221 1436 887 1492; baseline 0.002 -15"><span class='ocrx_word' id='word_1_125' title='bbox 221 1438 405 1490; x_wconf 84' lang='grc' dir='ltr'><em>φιβαλων</em></span> <span class='ocrx_word' id='word_1_126' title='bbox 423 1436 583 1491; x_wconf 44' lang='grc' dir='ltr'><em>αὐχένι]</em></span> <span class='ocrx_word' id='word_1_127' title='bbox 572 1437 724 1480; x_wconf 84' lang='grc' dir='ltr'><em>πόντου</em></span> <span class='ocrx_word' id='word_1_128' title='bbox 744 1445 887 1492; x_wconf 75' lang='lat' dir='ltr'>tragice</span> 
     </span>
     <span class='ocr_line' id='line_1_27' title="bbox 221 1496 888 1550; baseline 0.004 -17"><span class='ocrx_word' id='word_1_129' title='bbox 221 1496 321 1533; x_wconf 61' lang='lat' dir='ltr'>dixit</span> <span class='ocrx_word' id='word_1_130' title='bbox 356 1497 404 1533; x_wconf 87' lang='lat' dir='ltr'>de</span> <span class='ocrx_word' id='word_1_131' title='bbox 434 1504 552 1548; x_wconf 87' lang='lat' dir='ltr'>ponte</span> <span class='ocrx_word' id='word_1_132' title='bbox 580 1499 621 1533; x_wconf 88' lang='lat' dir='ltr'>in</span> <span class='ocrx_word' id='word_1_133' title='bbox 649 1499 888 1550; x_wconf 81' lang='lat' dir='ltr'>Hellesponti</span> 
     </span>
     <span class='ocr_line' id='line_1_28' title="bbox 222 1555 888 1603; baseline 0.006 -14"><span class='ocrx_word' id='word_1_134' title='bbox 222 1555 425 1603; x_wconf 83' lang='lat' dir='ltr'>angustiis,</span> <span class='ocrx_word' id='word_1_135' title='bbox 477 1557 626 1591; x_wconf 81' lang='lat' dir='ltr'>intenso</span> <span class='ocrx_word' id='word_1_136' title='bbox 656 1555 810 1593; x_wconf 82' lang='lat' dir='ltr'>funibus</span> <span class='ocrx_word' id='word_1_137' title='bbox 838 1569 888 1593; x_wconf 80' lang='lat' dir='ltr'>ex</span> 
     </span>
    </p>
   </div>
   <div class='ocr_carea' id='block_1_6' title="bbox 219 1610 530 1662">
    <p class='ocr_par' dir='ltr' id='par_1_6' title="bbox 219 1610 530 1662">
     <span class='ocr_line' id='line_1_29' title="bbox 219 1610 530 1662; baseline 0.006 -16"><span class='ocrx_word' id='word_1_138' title='bbox 219 1610 339 1662; x_wconf 87' lang='lat' dir='ltr'>byblo</span> <span class='ocrx_word' id='word_1_139' title='bbox 359 1611 440 1659; x_wconf 71' lang='lat' dir='ltr'>VH,</span> <span class='ocrx_word' id='word_1_140' title='bbox 463 1613 530 1652; x_wconf 82' lang='lat'>36.</span> 
     </span>
    </p>
   </div>
   <div class='ocr_carea' id='block_1_7' title="bbox 221 1690 889 2028">
    <p class='ocr_par' dir='ltr' id='par_1_7' title="bbox 221 1690 889 2028">
     <span class='ocr_line' id='line_1_30' title="bbox 279 1690 885 1741; baseline 0.002 -13"><span class='ocrx_word' id='word_1_141' title='bbox 279 1690 588 1741; x_wconf 81' lang='grc' dir='ltr'><em>προσδοκίμοισι</em></span> <span class='ocrx_word' id='word_1_142' title='bbox 603 1692 783 1741; x_wconf 83' lang='grc' dir='ltr'><em>κακοῖσι]</em></span> <span class='ocrx_word' id='word_1_143' title='bbox 803 1693 829 1730; x_wconf 83' lang='grc' dir='ltr'>ἰ.</span> <span class='ocrx_word' id='word_1_144' title='bbox 852 1706 885 1732; x_wconf 91' lang='lat' dir='ltr'>e.</span> 
     </span>
     <span class='ocr_line' id='line_1_31' title="bbox 222 1746 888 1799; baseline 0.006 -16"><span class='ocrx_word' id='word_1_145' title='bbox 222 1748 259 1783; x_wconf 80' lang='lat' dir='ltr'>in</span> <span class='ocrx_word' id='word_1_146' title='bbox 278 1746 383 1783; x_wconf 83' lang='lat' dir='ltr'><em>malis</em></span> <span class='ocrx_word' id='word_1_147' title='bbox 409 1749 678 1796; x_wconf 76' lang='lat' dir='ltr'><em>imminentibus,</em></span> <span class='ocrx_word' id='word_1_148' title='bbox 711 1763 799 1799; x_wconf 83' lang='lat' dir='ltr'>quae</span> <span class='ocrx_word' id='word_1_149' title='bbox 818 1750 888 1787; x_wconf 81' lang='lat' dir='ltr'>ad-</span> 
     </span>
     <span class='ocr_line' id='line_1_32' title="bbox 223 1803 889 1858; baseline 0.009 -18"><span class='ocrx_word' id='word_1_150' title='bbox 223 1803 290 1841; x_wconf 77' lang='lat' dir='ltr'>huc</span> <span class='ocrx_word' id='word_1_151' title='bbox 311 1808 556 1854; x_wconf 74' lang='lat' dir='ltr'>exspectantur</span> <span class='ocrx_word' id='word_1_152' title='bbox 589 1805 757 1858; x_wconf 85' lang='lat' dir='ltr'>indeque</span> <span class='ocrx_word' id='word_1_153' title='bbox 786 1811 889 1846; x_wconf 86' lang='grc' dir='ltr'><em>τοῖσι</em></span> 
     </span>
     <span class='ocr_line' id='line_1_33' title="bbox 221 1860 888 1913; baseline 0.001 -14"><span class='ocrx_word' id='word_1_154' title='bbox 221 1860 414 1912; x_wconf 79' lang='grc' dir='ltr'><em>παρέουσι</em></span> <span class='ocrx_word' id='word_1_155' title='bbox 444 1863 470 1898; x_wconf 90' lang='lat' dir='ltr'>i.</span> <span class='ocrx_word' id='word_1_156' title='bbox 489 1876 522 1898; x_wconf 92' lang='lat' dir='ltr'>e.</span> <span class='ocrx_word' id='word_1_157' title='bbox 544 1864 616 1899; x_wconf 80' lang='lat' dir='ltr'>iam</span> <span class='ocrx_word' id='word_1_158' title='bbox 643 1865 888 1913; x_wconf 75' lang='lat' dir='ltr'>praesentibus</span> 
     </span>
     <span class='ocr_line' id='line_1_34' title="bbox 223 1919 886 1970; baseline 0.008 -17"><span class='ocrx_word' id='word_1_159' title='bbox 223 1925 482 1968; x_wconf 87' lang='lat' dir='ltr'>opponuntur.</span> <span class='ocrx_word' id='word_1_160' title='bbox 514 1919 625 1958; x_wconf 85' lang='lat' dir='ltr'>Conf.</span> <span class='ocrx_word' id='word_1_161' title='bbox 647 1921 692 1969; x_wconf 88' lang='lat' dir='ltr'>V,</span> <span class='ocrx_word' id='word_1_162' title='bbox 708 1923 798 1963; x_wconf 78' lang='lat'>108.</span> <span class='ocrx_word' id='word_1_163' title='bbox 818 1922 886 1970; x_wconf 84' lang='lat'>111,</span> 
     </span>
     <span class='ocr_line' id='line_1_35' title="bbox 227 1975 581 2028; baseline 0.008 -17"><span class='ocrx_word' id='word_1_164' title='bbox 227 1976 305 2015; x_wconf 81' lang='grc'><strong>123</strong></span> <span class='ocrx_word' id='word_1_165' title='bbox 324 1975 455 2028; x_wconf 86' lang='lat' dir='ltr'>ibique</span> <span class='ocrx_word' id='word_1_166' title='bbox 483 1983 581 2014; x_wconf 85' lang='lat' dir='ltr'>nott.</span> 
     </span>
    </p>
   </div>
   <div class='ocr_carea' id='block_1_8' title="bbox 445 2089 668 2139">
    <p class='ocr_par' dir='ltr' id='par_1_8' title="bbox 445 2089 668 2139">
     <span class='ocr_line' id='line_1_36' title="bbox 445 2089 668 2139; baseline 0 -13"><span class='ocrx_word' id='word_1_167' title='bbox 445 2089 538 2139; x_wconf 83' lang='lat' dir='ltr'>Cap.</span> <span class='ocrx_word' id='word_1_168' title='bbox 558 2090 668 2126; x_wconf 88' lang='lat' dir='ltr'>XXI.</span> 
     </span>
    </p>
   </div>
   <div class='ocr_carea' id='block_1_9' title="bbox 221 2171 888 2858">
    <p class='ocr_par' dir='ltr' id='par_1_9' title="bbox 221 2171 888 2858">
     <span class='ocr_line' id='line_1_37' title="bbox 278 2171 886 2229; baseline 0 -14"><span class='ocrx_word' id='word_1_169' title='bbox 278 2171 557 2229; x_wconf 63' lang='grc' dir='ltr'><em>Ἀντικυρεύς]</em></span> <span class='ocrx_word' id='word_1_170' title='bbox 606 2180 666 2215; x_wconf 89' lang='lat' dir='ltr'>De</span> <span class='ocrx_word' id='word_1_171' title='bbox 709 2176 886 2229; x_wconf 55' lang='lat' dir='ltr'>Anticyra</span> 
     </span>
     <span class='ocr_line' id='line_1_38' title="bbox 225 2233 883 2282; baseline 0.003 -12"><span class='ocrx_word' id='word_1_172' title='bbox 225 2234 319 2270; x_wconf 86' lang='lat' dir='ltr'>urbe</span> <span class='ocrx_word' id='word_1_173' title='bbox 346 2233 424 2271; x_wconf 78' lang='lat' dir='ltr'>vid.</span> <span class='ocrx_word' id='word_1_174' title='bbox 457 2236 569 2272; x_wconf 81' lang='lat' dir='ltr'>allata</span> <span class='ocrx_word' id='word_1_175' title='bbox 594 2235 641 2272; x_wconf 89' lang='lat' dir='ltr'>ad</span> <span class='ocrx_word' id='word_1_176' title='bbox 672 2236 752 2282; x_wconf 78' lang='lat' dir='ltr'>VII,</span> <span class='ocrx_word' id='word_1_177' title='bbox 790 2238 883 2277; x_wconf 84' lang='lat'><strong>198.</strong></span> 
     </span>
     <span class='ocr_line' id='line_1_39' title="bbox 223 2291 885 2345; baseline -0.002 -16"><span class='ocrx_word' id='word_1_178' title='bbox 223 2293 365 2330; x_wconf 81' lang='grc' dir='ltr'><em>πλοῖον</em></span> <span class='ocrx_word' id='word_1_179' title='bbox 404 2294 572 2345; x_wconf 74' lang='grc' dir='ltr'><em>κατῆρες</em></span> <span class='ocrx_word' id='word_1_180' title='bbox 600 2291 823 2342; x_wconf 79' lang='lat' dir='ltr'>Schweigh.</span> <span class='ocrx_word' id='word_1_181' title='bbox 845 2294 885 2328; x_wconf 87' lang='lat' dir='ltr'>in</span> 
     </span>
     <span class='ocr_line' id='line_1_40' title="bbox 222 2348 886 2400; baseline 0.005 -17"><span class='ocrx_word' id='word_1_182' title='bbox 222 2349 319 2384; x_wconf 84' lang='lat' dir='ltr'>Lex.</span> <span class='ocrx_word' id='word_1_183' title='bbox 350 2348 493 2386; x_wconf 87' lang='lat' dir='ltr'>Herod.</span> <span class='ocrx_word' id='word_1_184' title='bbox 526 2350 703 2400; x_wconf 78' lang='lat' dir='ltr'>intelligit</span> <span class='ocrx_word' id='word_1_185' title='bbox 728 2348 776 2386; x_wconf 90' lang='lat' dir='ltr'>de</span> <span class='ocrx_word' id='word_1_186' title='bbox 796 2350 886 2386; x_wconf 73' lang='lat' dir='ltr'>navi</span> 
     </span>
     <span class='ocr_line' id='line_1_41' title="bbox 221 2405 886 2458; baseline 0.003 -18"><span class='ocrx_word' id='word_1_187' title='bbox 221 2406 385 2455; x_wconf 82' lang='lat' dir='ltr'>remigio</span> <span class='ocrx_word' id='word_1_188' title='bbox 412 2406 666 2458; x_wconf 76' lang='lat' dir='ltr'>omnibusque</span> <span class='ocrx_word' id='word_1_189' title='bbox 695 2407 807 2443; x_wconf 88' lang='lat' dir='ltr'>rebus</span> <span class='ocrx_word' id='word_1_190' title='bbox 837 2405 886 2442; x_wconf 90' lang='lat' dir='ltr'>ad</span> 
     </span>
     <span class='ocr_line' id='line_1_42' title="bbox 223 2461 886 2511; baseline 0.005 -14"><span class='ocrx_word' id='word_1_191' title='bbox 223 2461 488 2511; x_wconf 79' lang='lat' dir='ltr'>navigandum</span> <span class='ocrx_word' id='word_1_192' title='bbox 522 2465 742 2500; x_wconf 81' lang='lat' dir='ltr'>necessariis</span> <span class='ocrx_word' id='word_1_193' title='bbox 787 2464 886 2500; x_wconf 89' lang='lat' dir='ltr'>bene</span> 
     </span>
     <span class='ocr_line' id='line_1_43' title="bbox 221 2519 888 2572; baseline 0.003 -18"><span class='ocrx_word' id='word_1_194' title='bbox 221 2519 418 2557; x_wconf 62' lang='lat' dir='ltr'>instructi«.</span> <span class='ocrx_word' id='word_1_195' title='bbox 498 2519 615 2571; x_wconf 88' lang='lat' dir='ltr'>Apud</span> <span class='ocrx_word' id='word_1_196' title='bbox 650 2519 888 2572; x_wconf 82' lang='lat' dir='ltr'>Hesychium</span> 
     </span>
     <span class='ocr_line' id='line_1_44' title="bbox 225 2574 888 2628; baseline 0.005 -15"><span class='ocrx_word' id='word_1_197' title='bbox 225 2576 280 2624; x_wconf 88' lang='lat' dir='ltr'>(II</span> <span class='ocrx_word' id='word_1_198' title='bbox 297 2589 335 2626; x_wconf 93' lang='lat' dir='ltr'>p.</span> <span class='ocrx_word' id='word_1_199' title='bbox 359 2574 458 2628; x_wconf 82' lang='lat'>194)</span> <span class='ocrx_word' id='word_1_200' title='bbox 486 2591 556 2628; x_wconf 89' lang='lat' dir='ltr'>pro</span> <span class='ocrx_word' id='word_1_201' title='bbox 588 2579 775 2628; x_wconf 83' lang='grc' dir='ltr'><em>κατῆρες·</em></span> <span class='ocrx_word' id='word_1_202' title='bbox 814 2593 888 2616; x_wconf 80' lang='grc' dir='ltr'><em>κα-</em></span> 
     </span>
     <span class='ocr_line' id='line_1_45' title="bbox 224 2631 888 2688; baseline 0 -18"><span class='ocrx_word' id='word_1_203' title='bbox 224 2632 484 2683; x_wconf 67' lang='grc' dir='ltr'><em>τηρτισμένοι)</em></span> <span class='ocrx_word' id='word_1_204' title='bbox 504 2633 547 2673; x_wconf 84' lang='grc' dir='ltr'><em>ἒν</em></span> <span class='ocrx_word' id='word_1_205' title='bbox 566 2631 703 2688; x_wconf 77' lang='grc' dir='ltr'><em>ε’ρήμῳ</em></span> <span class='ocrx_word' id='word_1_206' title='bbox 723 2635 770 2671; x_wconf 83' lang='lat' dir='ltr'>G.</span> <span class='ocrx_word' id='word_1_207' title='bbox 786 2636 888 2671; x_wconf 90' lang='lat' dir='ltr'>Her-</span> 
     </span>
     <span class='ocr_line' id='line_1_46' title="bbox 223 2689 887 2742; baseline 0.005 -17"><span class='ocrx_word' id='word_1_208' title='bbox 223 2701 357 2726; x_wconf 88' lang='lat' dir='ltr'>mann.</span> <span class='ocrx_word' id='word_1_209' title='bbox 377 2689 426 2726; x_wconf 88' lang='lat' dir='ltr'>ad</span> <span class='ocrx_word' id='word_1_210' title='bbox 455 2690 627 2742; x_wconf 77' lang='lat' dir='ltr'>Euripid.</span> <span class='ocrx_word' id='word_1_211' title='bbox 650 2689 824 2742; x_wconf 81' lang='lat' dir='ltr'>Iphigen.</span> <span class='ocrx_word' id='word_1_212' title='bbox 846 2693 887 2728; x_wconf 87' lang='lat' dir='ltr'>in</span> 
     </span>
     <span class='ocr_line' id='line_1_47' title="bbox 224 2746 887 2799; baseline 0.006 -18"><span class='ocrx_word' id='word_1_213' title='bbox 224 2746 347 2784; x_wconf 80' lang='lat' dir='ltr'>Taur.</span> <span class='ocrx_word' id='word_1_214' title='bbox 394 2750 502 2789; x_wconf 79' lang='lat'><strong>1362</strong></span> <span class='ocrx_word' id='word_1_215' title='bbox 536 2761 626 2799; x_wconf 77' lang='lat' dir='ltr'>pag.</span> <span class='ocrx_word' id='word_1_216' title='bbox 658 2749 736 2789; x_wconf 88' lang='lat'>157</span> <span class='ocrx_word' id='word_1_217' title='bbox 775 2749 887 2786; x_wconf 84' lang='lat' dir='ltr'><strong>scribi</strong></span> 
     </span>
     <span class='ocr_line' id='line_1_48' title="bbox 224 2800 887 2858; baseline 0.008 -17"><span class='ocrx_word' id='word_1_218' title='bbox 224 2803 631 2857; x_wconf 43' lang='grc' dir='ltr'><em>τῶι-κατηρτισμένοι]</em></span> <span class='ocrx_word' id='word_1_219' title='bbox 654 2800 887 2858; x_wconf 69' lang='grc' dir='ltr'><em>εὐήρετμον,</em></span> 
     </span>
    </p>
   </div>
   <div class='ocr_carea' id='block_1_10' title="bbox 941 865 1612 2851">
    <p class='ocr_par' dir='ltr' id='par_1_10' title="bbox 944 865 1606 979">
     <span class='ocr_line' id='line_1_49' title="bbox 946 865 1606 924; baseline 0.003 -16"><span class='ocrx_word' id='word_1_220' title='bbox 946 883 1067 924; x_wconf 87' lang='lat' dir='ltr'>quum</span> <span class='ocrx_word' id='word_1_221' title='bbox 1097 865 1271 924; x_wconf 84' lang='grc' dir='ltr'><em>κατήρης</em></span> <span class='ocrx_word' id='word_1_222' title='bbox 1305 872 1457 923; x_wconf 80' lang='lat' dir='ltr'>proprie</span> <span class='ocrx_word' id='word_1_223' title='bbox 1485 871 1606 910; x_wconf 66' lang='lat' dir='ltr'>deno·</span> 
     </span>
     <span class='ocr_line' id='line_1_50' title="bbox 944 931 1450 979; baseline 0.002 -13"><span class='ocrx_word' id='word_1_224' title='bbox 944 935 999 966; x_wconf 86' lang='lat' dir='ltr'>tet</span> <span class='ocrx_word' id='word_1_225' title='bbox 1018 931 1195 979; x_wconf 79' lang='lat' dir='ltr'>aptatum,</span> <span class='ocrx_word' id='word_1_226' title='bbox 1226 931 1450 967; x_wconf 74' lang='lat' dir='ltr'>instructum.</span> 
     </span>
    </p>

    <p class='ocr_par' dir='ltr' id='par_1_11' title="bbox 941 980 1612 2851">
     <span class='ocr_line' id='line_1_51' title="bbox 1002 980 1610 1036; baseline 0.002 -12"><span class='ocrx_word' id='word_1_227' title='bbox 1002 985 1038 1024; x_wconf 86' lang='grc' dir='ltr'><em>εἰ</em></span> <span class='ocrx_word' id='word_1_228' title='bbox 1048 980 1255 1036; x_wconf 80' lang='grc' dir='ltr'><em>παλήσειε]</em></span> <span class='ocrx_word' id='word_1_229' title='bbox 1268 988 1322 1022; x_wconf 84' lang='lat' dir='ltr'>Ita</span> <span class='ocrx_word' id='word_1_230' title='bbox 1336 1000 1469 1024; x_wconf 87' lang='lat' dir='ltr'>ornnes</span> <span class='ocrx_word' id='word_1_231' title='bbox 1483 987 1610 1035; x_wconf 71' lang='lat' dir='ltr'>codd,</span> 
     </span>
     <span class='ocr_line' id='line_1_52' title="bbox 946 1044 1609 1097; baseline 0.003 -18"><span class='ocrx_word' id='word_1_232' title='bbox 946 1049 1105 1093; x_wconf 84' lang='lat' dir='ltr'>excepto</span> <span class='ocrx_word' id='word_1_233' title='bbox 1126 1056 1205 1079; x_wconf 89' lang='lat' dir='ltr'>uno</span> <span class='ocrx_word' id='word_1_234' title='bbox 1224 1044 1457 1092; x_wconf 83' lang='lat' dir='ltr'>Florentino,</span> <span class='ocrx_word' id='word_1_235' title='bbox 1478 1045 1518 1080; x_wconf 87' lang='lat' dir='ltr'>in</span> <span class='ocrx_word' id='word_1_236' title='bbox 1532 1059 1609 1097; x_wconf 90' lang='lat' dir='ltr'>quo</span> 
     </span>
     <span class='ocr_line' id='line_1_53' title="bbox 947 1100 1609 1148; baseline 0.006 -13"><span class='ocrx_word' id='word_1_237' title='bbox 947 1106 1069 1136; x_wconf 76' lang='lat' dir='ltr'>exstat</span> <span class='ocrx_word' id='word_1_238' title='bbox 1089 1100 1328 1148; x_wconf 77' lang='grc' dir='ltr'><em>παλαίσειεν,</em></span> <span class='ocrx_word' id='word_1_239' title='bbox 1350 1109 1392 1138; x_wconf 89' lang='lat' dir='ltr'>ut</span> <span class='ocrx_word' id='word_1_240' title='bbox 1413 1101 1609 1139; x_wconf 81' lang='lat' dir='ltr'>dudumin</span> 
     </span>
     <span class='ocr_line' id='line_1_54' title="bbox 943 1159 1610 1197; baseline 0.004 -3"><span class='ocrx_word' id='word_1_241' title='bbox 943 1164 1115 1194; x_wconf 88' lang='lat' dir='ltr'>mentem</span> <span class='ocrx_word' id='word_1_242' title='bbox 1158 1165 1315 1194; x_wconf 76' lang='lat' dir='ltr'>venerat</span> <span class='ocrx_word' id='word_1_243' title='bbox 1348 1161 1481 1196; x_wconf 65' lang='lat' dir='ltr'>Pario.</span> <span class='ocrx_word' id='word_1_244' title='bbox 1545 1159 1610 1197; x_wconf 84' lang='lat' dir='ltr'>Ad</span> 
     </span>
     <span class='ocr_line' id='line_1_55' title="bbox 943 1214 1610 1264; baseline 0.003 -13"><span class='ocrx_word' id='word_1_245' title='bbox 943 1215 1141 1264; x_wconf 71' lang='lat' dir='ltr'>vulgatam</span> <span class='ocrx_word' id='word_1_246' title='bbox 1158 1214 1342 1251; x_wconf 84' lang='lat' dir='ltr'>tuendam</span> <span class='ocrx_word' id='word_1_247' title='bbox 1353 1215 1518 1253; x_wconf 81' lang='lat' dir='ltr'>afferunt</span> <span class='ocrx_word' id='word_1_248' title='bbox 1528 1219 1610 1253; x_wconf 90' lang='lat' dir='ltr'>He-</span> 
     </span>
     <span class='ocr_line' id='line_1_56' title="bbox 943 1270 1609 1326; baseline 0.005 -18"><span class='ocrx_word' id='word_1_249' title='bbox 943 1270 1122 1322; x_wconf 74' lang='lat' dir='ltr'>sychium</span> <span class='ocrx_word' id='word_1_250' title='bbox 1135 1273 1189 1307; x_wconf 92' lang='lat' dir='ltr'>III</span> <span class='ocrx_word' id='word_1_251' title='bbox 1208 1286 1246 1322; x_wconf 89' lang='lat' dir='ltr'>p.</span> <span class='ocrx_word' id='word_1_252' title='bbox 1261 1272 1357 1320; x_wconf 64' lang='lat'>842,</span> <span class='ocrx_word' id='word_1_253' title='bbox 1379 1272 1480 1324; x_wconf 83' lang='lat' dir='ltr'>apud</span> <span class='ocrx_word' id='word_1_254' title='bbox 1490 1287 1609 1326; x_wconf 86' lang='lat' dir='ltr'>quem</span> 
     </span>
     <span class='ocr_line' id='line_1_57' title="bbox 943 1327 1611 1381; baseline 0.009 -17"><span class='ocrx_word' id='word_1_255' title='bbox 943 1329 1107 1378; x_wconf 80' lang='lat' dir='ltr'>legimus</span> <span class='ocrx_word' id='word_1_256' title='bbox 1119 1327 1311 1379; x_wconf 78' lang='grc' dir='ltr'><em>παλήσειε</em></span> <span class='ocrx_word' id='word_1_257' title='bbox 1323 1342 1333 1351; x_wconf 93' lang='grc'><em>·</em></span> <span class='ocrx_word' id='word_1_258' title='bbox 1357 1331 1611 1381; x_wconf 74' lang='grc' dir='ltr'><em>διαφθείρειε</em></span> 
     </span>
     <span class='ocr_line' id='line_1_58' title="bbox 946 1382 1610 1435; baseline 0.009 -15"><span class='ocrx_word' id='word_1_259' title='bbox 946 1382 1035 1435; x_wconf 85' lang='lat' dir='ltr'>(nisi</span> <span class='ocrx_word' id='word_1_260' title='bbox 1066 1398 1156 1421; x_wconf 87' lang='lat' dir='ltr'>cum</span> <span class='ocrx_word' id='word_1_261' title='bbox 1176 1384 1362 1424; x_wconf 66' lang='lat' dir='ltr'>Valcken.</span> <span class='ocrx_word' id='word_1_262' title='bbox 1394 1389 1610 1425; x_wconf 80' lang='lat' dir='ltr'>rescriben-</span> 
     </span>
     <span class='ocr_line' id='line_1_59' title="bbox 944 1441 1609 1495; baseline 0.006 -17"><span class='ocrx_word' id='word_1_263' title='bbox 944 1441 1039 1478; x_wconf 88' lang='lat' dir='ltr'>dum</span> <span class='ocrx_word' id='word_1_264' title='bbox 1052 1441 1315 1494; x_wconf 80' lang='grc' dir='ltr'><em>διαφθαρείη,</em></span> <span class='ocrx_word' id='word_1_265' title='bbox 1338 1444 1442 1495; x_wconf 87' lang='lat' dir='ltr'>quod</span> <span class='ocrx_word' id='word_1_266' title='bbox 1452 1453 1609 1482; x_wconf 86' lang='lat' dir='ltr'>senten-</span> 
     </span>
     <span class='ocr_line' id='line_1_60' title="bbox 942 1498 1608 1554; baseline 0.009 -21"><span class='ocrx_word' id='word_1_267' title='bbox 942 1499 995 1534; x_wconf 81' lang='lat' dir='ltr'>tia</span> <span class='ocrx_word' id='word_1_268' title='bbox 1014 1499 1205 1548; x_wconf 85' lang='lat' dir='ltr'>postulare</span> <span class='ocrx_word' id='word_1_269' title='bbox 1234 1498 1403 1549; x_wconf 74' lang='lat' dir='ltr'>videtur)</span> <span class='ocrx_word' id='word_1_270' title='bbox 1435 1502 1608 1554; x_wconf 86' lang='lat' dir='ltr'>itemque</span> 
     </span>
     <span class='ocr_line' id='line_1_61' title="bbox 943 1553 1610 1610; baseline 0.003 -16"><span class='ocrx_word' id='word_1_271' title='bbox 943 1553 1162 1605; x_wconf 75' lang='grc' dir='ltr'><em>ἒπαλλησεν</em></span> <span class='ocrx_word' id='word_1_272' title='bbox 1175 1554 1296 1607; x_wconf 88' lang='lat' dir='ltr'>(quod</span> <span class='ocrx_word' id='word_1_273' title='bbox 1307 1571 1395 1593; x_wconf 88' lang='lat' dir='ltr'>cum</span> <span class='ocrx_word' id='word_1_274' title='bbox 1405 1557 1610 1610; x_wconf 79' lang='lat' dir='ltr'>Schweig-</span> 
     </span>
     <span class='ocr_line' id='line_1_62' title="bbox 943 1610 1607 1653; baseline 0.011 -6"><span class='ocrx_word' id='word_1_275' title='bbox 943 1610 1130 1648; x_wconf 86' lang='lat' dir='ltr'>haeusero</span> <span class='ocrx_word' id='word_1_276' title='bbox 1151 1615 1288 1650; x_wconf 84' lang='lat' dir='ltr'>rectius</span> <span class='ocrx_word' id='word_1_277' title='bbox 1303 1617 1576 1653; x_wconf 63' lang='lat' dir='ltr'>commutabb</span> <span class='ocrx_word' id='word_1_278' title='bbox 1566 1630 1607 1653; x_wconf 90' lang='lat' dir='ltr'>1n</span> 
     </span>
     <span class='ocr_line' id='line_1_63' title="bbox 943 1665 1608 1726; baseline 0.006 -19"><span class='ocrx_word' id='word_1_279' title='bbox 943 1665 1183 1720; x_wconf 41' lang='grc' dir='ltr'><em>ἐπάλμησει)</em></span> <span class='ocrx_word' id='word_1_280' title='bbox 1231 1668 1437 1723; x_wconf 74' lang='grc' dir='ltr'><em>διεφθάρη</em></span> <span class='ocrx_word' id='word_1_281' title='bbox 1492 1681 1608 1726; x_wconf 86' lang='lat' dir='ltr'>atque</span> 
     </span>
     <span class='ocr_line' id='line_1_64' title="bbox 944 1725 1610 1779; baseline 0.009 -15"><span class='ocrx_word' id='word_1_282' title='bbox 944 1725 1237 1776; x_wconf 80' lang='grc' dir='ltr'><em>πεπαληκέναι·</em></span> <span class='ocrx_word' id='word_1_283' title='bbox 1270 1727 1364 1767; x_wconf 82' lang='grc' dir='ltr'><em>ἐκπε</em></span> <span class='ocrx_word' id='word_1_284' title='bbox 1349 1742 1465 1779; x_wconf 86' lang='grc' dir='ltr'><em>σειν,</em></span> <span class='ocrx_word' id='word_1_285' title='bbox 1479 1745 1610 1770; x_wconf 82' lang='grc' dir='ltr'><em>τετα-</em></span> 
     </span>
     <span class='ocr_line' id='line_1_65' title="bbox 944 1781 1608 1836; baseline 0.005 -15"><span class='ocrx_word' id='word_1_286' title='bbox 944 1781 1042 1833; x_wconf 82' lang='grc' dir='ltr'>λημέ</span> <span class='ocrx_word' id='word_1_287' title='bbox 1047 1791 1138 1822; x_wconf 84' lang='grc' dir='ltr'><em>ναι·</em></span> <span class='ocrx_word' id='word_1_288' title='bbox 1175 1785 1455 1836; x_wconf 77' lang='grc' dir='ltr'><em>βεβλαμμέναι.</em></span> <span class='ocrx_word' id='word_1_289' title='bbox 1502 1789 1608 1833; x_wconf 75' lang='lat' dir='ltr'>Quae</span> 
     </span>
     <span class='ocr_line' id='line_1_66' title="bbox 945 1839 1608 1896; baseline 0.014 -21"><span class='ocrx_word' id='word_1_290' title='bbox 945 1841 1076 1876; x_wconf 83' lang='lat' dir='ltr'>omnia</span> <span class='ocrx_word' id='word_1_291' title='bbox 1111 1839 1334 1879; x_wconf 88' lang='lat' dir='ltr'>Schneider.</span> <span class='ocrx_word' id='word_1_292' title='bbox 1367 1843 1453 1895; x_wconf 85' lang='lat' dir='ltr'>(qui</span> <span class='ocrx_word' id='word_1_293' title='bbox 1481 1842 1608 1896; x_wconf 79' lang='grc' dir='ltr'><em>παλη-</em></span> 
     </span>
     <span class='ocr_line' id='line_1_67' title="bbox 945 1896 1606 1953; baseline 0.008 -17"><span class='ocrx_word' id='word_1_294' title='bbox 945 1909 1024 1936; x_wconf 86' lang='grc' dir='ltr'><em>σειε</em></span> <span class='ocrx_word' id='word_1_295' title='bbox 1056 1896 1161 1934; x_wconf 88' lang='lat' dir='ltr'>idem</span> <span class='ocrx_word' id='word_1_296' title='bbox 1188 1912 1268 1936; x_wconf 84' lang='lat' dir='ltr'>esse</span> <span class='ocrx_word' id='word_1_297' title='bbox 1296 1900 1378 1937; x_wconf 69' lang='lat' dir='ltr'>vult</span> <span class='ocrx_word' id='word_1_298' title='bbox 1406 1908 1521 1953; x_wconf 88' lang='lat' dir='ltr'>atque</span> <span class='ocrx_word' id='word_1_299' title='bbox 1540 1901 1606 1941; x_wconf 84' lang='grc' dir='ltr'><em>ἐκ·-</em></span> 
     </span>
     <span class='ocr_line' id='line_1_68' title="bbox 942 1955 1607 2001; baseline 0.005 -8"><span class='ocrx_word' id='word_1_300' title='bbox 942 1955 1102 1993; x_wconf 73' lang='grc' dir='ltr'><em>πίπτοιε</em></span> <span class='ocrx_word' id='word_1_301' title='bbox 1126 1968 1246 2001; x_wconf 71' lang='lat' dir='ltr'>„wc-nn</span> <span class='ocrx_word' id='word_1_302' title='bbox 1266 1970 1302 1994; x_wconf 83' lang='lat' dir='ltr'>er</span> <span class='ocrx_word' id='word_1_303' title='bbox 1322 1957 1420 1995; x_wconf 78' lang='lat' dir='ltr'>sollte</span> <span class='ocrx_word' id='word_1_304' title='bbox 1440 1959 1607 1996; x_wconf 71' lang='lat' dir='ltr'>unterlz&#39;e-</span> 
     </span>
     <span class='ocr_line' id='line_1_69' title="bbox 942 2012 1606 2065; baseline 0.011 -19"><span class='ocrx_word' id='word_1_305' title='bbox 942 2024 1030 2060; x_wconf 80' lang='lat' dir='ltr'>gen,</span> <span class='ocrx_word' id='word_1_306' title='bbox 1060 2012 1191 2061; x_wconf 68' lang='lat' dir='ltr'>besiegt</span> <span class='ocrx_word' id='word_1_307' title='bbox 1228 2014 1421 2065; x_wconf 71' lang='lat' dir='ltr'>werden.“)</span> <span class='ocrx_word' id='word_1_308' title='bbox 1452 2017 1491 2052; x_wconf 85' lang='lat' dir='ltr'>in</span> <span class='ocrx_word' id='word_1_309' title='bbox 1511 2018 1606 2054; x_wconf 79' lang='lat' dir='ltr'>Lex.</span> 
     </span>
     <span class='ocr_line' id='line_1_70' title="bbox 944 2069 1608 2121; baseline 0.011 -18"><span class='ocrx_word' id='word_1_310' title='bbox 944 2069 1080 2105; x_wconf 85' lang='lat' dir='ltr'>Graec.</span> <span class='ocrx_word' id='word_1_311' title='bbox 1113 2076 1150 2105; x_wconf 87' lang='lat' dir='ltr'>et</span> <span class='ocrx_word' id='word_1_312' title='bbox 1185 2070 1406 2121; x_wconf 75' lang='lat' dir='ltr'>Schweigh.</span> <span class='ocrx_word' id='word_1_313' title='bbox 1440 2072 1488 2110; x_wconf 88' lang='lat' dir='ltr'>ad</span> <span class='ocrx_word' id='word_1_314' title='bbox 1518 2087 1608 2110; x_wconf 72' lang='lat' dir='ltr'>ver-</span> 
     </span>
     <span class='ocr_line' id='line_1_71' title="bbox 942 2125 1607 2177; baseline 0.012 -18"><span class='ocrx_word' id='word_1_315' title='bbox 942 2125 1039 2160; x_wconf 88' lang='lat' dir='ltr'>bum</span> <span class='ocrx_word' id='word_1_316' title='bbox 1068 2127 1224 2164; x_wconf 85' lang='grc' dir='ltr'><em>παλαίω</em></span> <span class='ocrx_word' id='word_1_317' title='bbox 1248 2141 1278 2164; x_wconf 84' lang='lat' dir='ltr'>s.</span> <span class='ocrx_word' id='word_1_318' title='bbox 1300 2126 1452 2177; x_wconf 81' lang='grc' dir='ltr'><em>παλάω,</em></span> <span class='ocrx_word' id='word_1_319' title='bbox 1481 2131 1607 2167; x_wconf 85' lang='lat' dir='ltr'>ionice</span> 
     </span>
     <span class='ocr_line' id='line_1_72' title="bbox 943 2179 1612 2238; baseline 0.009 -20"><span class='ocrx_word' id='word_1_320' title='bbox 943 2179 1089 2227; x_wconf 84' lang='grc' dir='ltr'><em>παλέω,</em></span> <span class='ocrx_word' id='word_1_321' title='bbox 1103 2182 1220 2219; x_wconf 82' lang='lat' dir='ltr'>relata</span> <span class='ocrx_word' id='word_1_322' title='bbox 1234 2184 1380 2232; x_wconf 72' lang='lat' dir='ltr'>volunt,</span> <span class='ocrx_word' id='word_1_323' title='bbox 1399 2185 1503 2238; x_wconf 89' lang='lat' dir='ltr'>quod</span> <span class='ocrx_word' id='word_1_324' title='bbox 1520 2200 1612 2224; x_wconf 88' lang='lat' dir='ltr'>cum</span> 
     </span>
     <span class='ocr_line' id='line_1_73' title="bbox 941 2238 1611 2292; baseline 0.015 -20"><span class='ocrx_word' id='word_1_325' title='bbox 941 2238 982 2273; x_wconf 84' lang='lat' dir='ltr'>in</span> <span class='ocrx_word' id='word_1_326' title='bbox 1017 2239 1239 2277; x_wconf 83' lang='lat' dir='ltr'>universum</span> <span class='ocrx_word' id='word_1_327' title='bbox 1260 2241 1383 2278; x_wconf 72' lang='lat' dir='ltr'>valeat</span> <span class='ocrx_word' id='word_1_328' title='bbox 1412 2243 1611 2292; x_wconf 68' lang='lat' dir='ltr'>colluctari,</span> 
     </span>
     <span class='ocr_line' id='line_1_74' title="bbox 944 2295 1610 2348; baseline 0.012 -18"><span class='ocrx_word' id='word_1_329' title='bbox 944 2295 1165 2344; x_wconf 79' lang='lat' dir='ltr'>conflictari,</span> <span class='ocrx_word' id='word_1_330' title='bbox 1202 2297 1439 2348; x_wconf 83' lang='lat' dir='ltr'>frequentius</span> <span class='ocrx_word' id='word_1_331' title='bbox 1476 2308 1610 2338; x_wconf 78' lang='lat' dir='ltr'>tamen</span> 
     </span>
     <span class='ocr_line' id='line_1_75' title="bbox 944 2350 1608 2407; baseline 0.012 -20"><span class='ocrx_word' id='word_1_332' title='bbox 944 2350 993 2388; x_wconf 87' lang='lat' dir='ltr'>de</span> <span class='ocrx_word' id='word_1_333' title='bbox 1027 2354 1191 2400; x_wconf 78' lang='lat' dir='ltr'>graviori</span> <span class='ocrx_word' id='word_1_334' title='bbox 1223 2354 1321 2392; x_wconf 76' lang='lat' dir='ltr'>lucta</span> <span class='ocrx_word' id='word_1_335' title='bbox 1350 2360 1383 2392; x_wconf 79' lang='lat' dir='ltr'>et</span> <span class='ocrx_word' id='word_1_336' title='bbox 1412 2359 1608 2407; x_wconf 75' lang='lat' dir='ltr'>periculoso</span> 
     </span>
     <span class='ocr_line' id='line_1_76' title="bbox 944 2409 1606 2452; baseline 0.011 -6"><span class='ocrx_word' id='word_1_337' title='bbox 944 2411 1129 2446; x_wconf 81' lang='lat' dir='ltr'>certamine</span> <span class='ocrx_word' id='word_1_338' title='bbox 1146 2409 1383 2450; x_wconf 82' lang='lat' dir='ltr'>adhibeatur.</span> <span class='ocrx_word' id='word_1_339' title='bbox 1443 2416 1522 2452; x_wconf 82' lang='lat' dir='ltr'>Nec</span> <span class='ocrx_word' id='word_1_340' title='bbox 1533 2416 1606 2452; x_wconf 81' lang='lat' dir='ltr'>ali-</span> 
     </span>
     <span class='ocr_line' id='line_1_77' title="bbox 943 2470 1604 2522; baseline 0.014 -21"><span class='ocrx_word' id='word_1_341' title='bbox 943 2472 1002 2502; x_wconf 91' lang='lat' dir='ltr'>ter</span> <span class='ocrx_word' id='word_1_342' title='bbox 1019 2473 1199 2504; x_wconf 81' lang='lat' dir='ltr'>statuerat</span> <span class='ocrx_word' id='word_1_343' title='bbox 1231 2470 1522 2522; x_wconf 58' lang='lat' dir='ltr'>W‘esselingius‚</span> <span class='ocrx_word' id='word_1_344' title='bbox 1556 2472 1604 2509; x_wconf 92' lang='lat' dir='ltr'>de</span> 
     </span>
     <span class='ocr_line' id='line_1_78' title="bbox 945 2523 1605 2572; baseline 0.009 -12"><span class='ocrx_word' id='word_1_345' title='bbox 945 2523 1114 2572; x_wconf 81' lang='lat' dir='ltr'>conflictu</span> <span class='ocrx_word' id='word_1_346' title='bbox 1148 2526 1226 2561; x_wconf 84' lang='lat' dir='ltr'>sive</span> <span class='ocrx_word' id='word_1_347' title='bbox 1266 2524 1314 2562; x_wconf 85' lang='lat' dir='ltr'>de</span> <span class='ocrx_word' id='word_1_348' title='bbox 1345 2528 1447 2565; x_wconf 83' lang='lat' dir='ltr'>clade</span> <span class='ocrx_word' id='word_1_349' title='bbox 1475 2537 1605 2566; x_wconf 87' lang='lat' dir='ltr'>secuta</span> 
     </span>
     <span class='ocr_line' id='line_1_79' title="bbox 945 2581 1605 2628; baseline 0.011 -12"><span class='ocrx_word' id='word_1_350' title='bbox 945 2581 1186 2628; x_wconf 76' lang='lat' dir='ltr'>agitationeve</span> <span class='ocrx_word' id='word_1_351' title='bbox 1220 2582 1343 2620; x_wconf 70' lang='lat' dir='ltr'>clas-ns</span> <span class='ocrx_word' id='word_1_352' title='bbox 1361 2598 1490 2623; x_wconf 77' lang='lat' dir='ltr'>mamre</span> <span class='ocrx_word' id='word_1_353' title='bbox 1508 2586 1605 2623; x_wconf 83' lang='lat' dir='ltr'>illud</span> 
     </span>
     <span class='ocr_line' id='line_1_80' title="bbox 945 2637 1603 2706; baseline 0.014 -35"><span class='ocrx_word' id='word_1_354' title='bbox 945 2637 1133 2686; x_wconf 83' lang='lat' dir='ltr'>accipiens</span> <span class='ocrx_word' id='word_1_355' title='bbox 1152 2640 1343 2706; x_wconf 89' lang='lat' dir='ltr'>simulque</span> <span class='ocrx_word' id='word_1_356' title='bbox 1372 2638 1533 2681; x_wconf 84' lang='lat' dir='ltr'>afferens</span> <span class='ocrx_word' id='word_1_357' title='bbox 1554 2657 1603 2680; x_wconf 81' lang='lat' dir='ltr'>ex</span> 
     </span>
     <span class='ocr_line' id='line_1_81' title="bbox 944 2691 1604 2743; baseline 0.02 -16"><span class='ocrx_word' id='word_1_358' title='bbox 944 2694 1177 2743; x_wconf 86' lang='lat' dir='ltr'>Hippocrate</span> <span class='ocrx_word' id='word_1_359' title='bbox 1202 2691 1442 2738; x_wconf 79' lang='grc' dir='ltr'><em>α’ποπαλέειν</em></span> <span class='ocrx_word' id='word_1_360' title='bbox 1472 2707 1509 2736; x_wconf 87' lang='lat' dir='ltr'>et</span> <span class='ocrx_word' id='word_1_361' title='bbox 1543 2699 1604 2739; x_wconf 77' lang='grc' dir='ltr'><em>ε’κ-</em></span> 
     </span>
     <span class='ocr_line' id='line_1_82' title="bbox 943 2748 1606 2794; baseline 0.008 -6"><span class='ocrx_word' id='word_1_362' title='bbox 943 2748 1105 2789; x_wconf 84' lang='grc' dir='ltr'><em>παλέειν</em></span> <span class='ocrx_word' id='word_1_363' title='bbox 1138 2754 1180 2789; x_wconf 88' lang='lat' dir='ltr'>in</span> <span class='ocrx_word' id='word_1_364' title='bbox 1208 2754 1420 2793; x_wconf 75' lang='lat' dir='ltr'>evzbratione</span> <span class='ocrx_word' id='word_1_365' title='bbox 1450 2763 1488 2794; x_wconf 89' lang='lat' dir='ltr'>et</span> <span class='ocrx_word' id='word_1_366' title='bbox 1525 2770 1606 2793; x_wconf 83' lang='lat' dir='ltr'>con-</span> 
     </span>
     <span class='ocr_line' id='line_1_83' title="bbox 944 2808 1603 2851; baseline 0.012 -7"><span class='ocrx_word' id='word_1_367' title='bbox 944 2819 1048 2845; x_wconf 74' lang='lat' dir='ltr'>cussu</span> <span class='ocrx_word' id='word_1_368' title='bbox 1059 2808 1304 2850; x_wconf 67' lang='lat' dir='ltr'>vehementiori</span> <span class='ocrx_word' id='word_1_369' title='bbox 1309 2814 1503 2851; x_wconf 82' lang='lat' dir='ltr'>usitatum.</span> <span class='ocrx_word' id='word_1_370' title='bbox 1525 2815 1603 2851; x_wconf 83' lang='lat' dir='ltr'>Nec</span> 
     </span>
    </p>
   </div>
   <div class='ocr_carea' id='block_1_11' title="bbox 1950 669 1996 3238">
    <p class='ocr_par' dir='ltr' id='par_1_12' title="bbox 1950 669 1996 3238">
     <span class='ocr_line' id='line_1_84' title="bbox 1950 669 1996 3238; baseline 0 0"><span class='ocrx_word' id='word_1_371' title='bbox 1950 669 1996 3238; x_wconf 95' lang='lat' dir='ltr'> </span> 
     </span>
    </p>
   </div>
   <div class='ocr_carea' id='block_1_12' title="bbox 1972 516 1988 1489">
    <p class='ocr_par' dir='ltr' id='par_1_13' title="bbox 1972 516 1988 1489">
     <span class='ocr_line' id='line_1_85' title="bbox 1972 516 1988 1489; textangle 90"><span class='ocrx_word' id='word_1_372' title='bbox 1972 1354 1985 1489; x_wconf 49' lang='lat' dir='ltr'>—ffl-—2</span> <span class='ocrx_word' id='word_1_373' title='bbox 1976 1252 1986 1336; x_wconf 45' lang='lat' dir='ltr'>u..--</span> <span class='ocrx_word' id='word_1_374' title='bbox 1976 1162 1987 1231; x_wconf 67' lang='lat'>⁴—-.·-</span> <span class='ocrx_word' id='word_1_375' title='bbox 1978 1036 1987 1135; x_wconf 51' lang='grc' dir='ltr'><em>ψει-,-</em></span> <span class='ocrx_word' id='word_1_376' title='bbox 1978 898 1988 1010; x_wconf 48' lang='lat' dir='ltr'>uus&lt;</span> <span class='ocrx_word' id='word_1_377' title='bbox 1980 740 1987 871; x_wconf 38' lang='lat' dir='ltr'>“bv-.-</span> <span class='ocrx_word' id='word_1_378' title='bbox 1982 668 1987 717; x_wconf 48' lang='grc'>«-,</span> <span class='ocrx_word' id='word_1_379' title='bbox 1982 618 1988 650; x_wconf 73' lang='grc'>..,</span> <span class='ocrx_word' id='word_1_380' title='bbox 1983 584 1985 586; x_wconf 85' lang='lat'>.</span> <span class='ocrx_word' id='word_1_381' title='bbox 1984 516 1986 520; x_wconf 58' lang='lat'><strong>&lt;</strong></span> 
     </span>
    </p>
   </div>
  </div>
 </body>
</html>
