1996 3238
533 185 568 221 U
597 185 631 221 R
656 185 692 220 A
719 185 754 220 N
782 186 799 220 1
826 185 876 222 A.
934 184 1062 224 v111.
1342 184 1428 224 189

170 294 218 339 δὲ
247 292 629 351 προσγενομένων,
659 291 890 348 κατήλπιζε
921 290 1130 344 εὐπετέως
1157 295 1234 349 τῆς
1261 291 1428 337 θαλάσ-

175 374 252 419 σης
281 361 535 417 κρατήσειν,
574 358 628 403 τά
658 375 739 414 περ
781 357 835 401 ἂν
866 360 940 401 καὶ
969 355 1044 416 ἦν·
1078 364 1179 418 πεζῇ
1207 378 1252 406 τε
1282 359 1426 405 ἐδόκεε

169 430 332 474 πολλὸν
360 428 471 471 εἶναι
500 428 717 483 κρέσσων·
747 425 860 471 οὕτω
890 442 935 469 τε
953 428 1157 482 ἐλογίζετο
1183 425 1426 481 κατύπερθέ
1439 433 1482 468 85

141 500 220 542 4οἱ
257 497 309 540 τοὶ
338 495 569 552 πρήγματα
619 496 795 539 ἔσεσθαι
841 497 931 537 τῶν
978 493 1258 551 Ἑλληνικῶν.
1318 495 1427 551 τάχα

168 562 206 608 δ’
225 561 281 606 ἂν
309 564 382 606 καὶ
411 565 465 608 τὰ
488 563 728 621 χρηστήρια
748 563 885 607 ταῦτά
905 563 949 606 οἱ
978 564 1197 618 προλέγοι,
1228 567 1427 619 συμβου-

167 629 354 674 λεύοντα
405 632 634 688 σύμμαχον
681 631 730 676 vd
766 630 1001 688 Ἀθηναῖον
1041 632 1086 675 οἱ
1128 629 1425 688 ποιήσασθαι·

167 704 282 743 τοῖσι
311 698 365 755 δὴ
394 699 658 756 πειθόμενος
687 700 856 755 ἔπεμπε.

283 793 379 834 Τοῦ
409 792 454 835 δὲ
489 788 774 847 Ἀλεξάνδρου
810 787 971 834 τούτου
1008 789 1193 846 ἕβδομος
1235 789 1422 846 γενέτωρ
1483 780 1518 841 23
1540 778 1761 858 {fissfftssgfflflg

163 860 407 915 Περδίκκης
439 859 544 915 ἐστὶ,
575 859 600 904 ὁ
630 859 897 917 κτησάμενος
925 861 1015 903 τῶν
1032 856 1310 903 Μακεδόνων
1339 857 1420 914 τὴν
1434 847 1761 941 9οῗ>ᾎῆξὲῖΰξζζᾷξίῠ

1479 923 1560 943 mem
1583 923 1612 949 a,
1647 922 1723 953 pru-n

1479 947 1763 1015 ii‘assssiofffi'ssx,

1484 1016 1630 1051 quomodo
1648 1024 1697 1043 re-

1483 1059 1574 1087 guum
1591 1049 1728 1087 adeptus.

1 794 101 841 137

105 1074 343 1131 Μαρδόνιος
384 1075 621 1132 πυθόμενος
644 1100 701 1107 —-
728 1077 769 1118 ἶς’-

105 1151 248 1188 πεμπε.
282 1159 330 1166 —
381 1139 439 1174 De
466 1137 650 1188 particula
689 1133 768 1186 ἄρα

106 1195 313 1244 postposita
346 1193 424 1233 vid.
454 1195 566 1230 allata
597 1192 646 1231 ad
665 1194 766 1241 VIII,

108 1252 133 1290 8
156 1257 193 1286 et
215 1249 262 1287 de
278 1265 349 1288 usu
373 1252 577 1302 particulae
608 1265 649 1289 τε
667 1257 763 1289 nott.

104 1305 154 1343 ad
175 1307 272 1356 VIII,
298 1311 391 1349 188.
438 1307 500 1344 Ad
530 1308 766 1344 locutionem

107 1359 388 1417 κατύπερθε-
399 1362 561 1404 ἔσεσθαι
581 1363 658 1402 vid.
668 1371 765 1404 nott.

108 1419 158 1457 ad
178 1421 275 1470 V111,
291 1423 357 1462 19.

164 1473 262 1528 τοτ’χα
281 1473 313 1516 δ’
335 1474 667 1529 εἴν-προλέγοι]
681 1475 766 1514 Vid.

106 1533 243 1570 Matth.
264 1535 330 1575 Gr.
352 1535 418 1573 Gr.
451 1536 487 1580 §.
506 1533 600 1581 514,
621 1537 647 1574 2
676 1546 766 1584 pag·

107 1591 204 1631 977.
226 1592 272 1628 G.
294 1593 505 1628 Hermann.
527 1591 689 1641 Opuscc.
708 1592 767 1627 A-

106 1646 217 1684 cadd.
237 1648 335 1698 IVp.
356 1647 422 1687 44.
447 1650 525 1689 169
542 1646 645 1684 hunc
666 1660 766 1699 quo-

106 1716 182 1755 que
201 1705 332 1741 locum
356 1703 477 1753 affert,
499 1703 547 1741 de
569 1717 614 1741 eo
638 1705 766 1741 Hero-

105 1759 186 1797 doti
207 1775 278 1799 usu
301 1775 462 1798 monens
479 1791 488 1809 ,
534 1774 583 1797 ex
618 1774 694 1812 quo
716 1760 764 1798 de

105 1829 146 1853 re
175 1820 388 1868 praeterita,
414 1831 512 1871 quae
532 1818 593 1855 vel
614 1817 766 1855 diutur-

105 1874 191 1910 nior
232 1876 280 1912 sit
315 1876 377 1913 vel
411 1876 560 1926 saepius
593 1876 763 1925 repetita,

105 1932 310 1980 praesentis
325 1933 538 1982 optativum
559 1932 623 1968 ille
642 1934 767 1982 ponit.

105 1986 200 2023 Mox
223 2000 312 2024 cum
338 1986 558 2038 Schweigh.
586 1995 623 2024 et
644 1989 763 2025 Gaisf.

106 2042 196 2080 dedi
207 2039 470 2095 ποιήσασθαι,
481 2045 547 2081 ubi
557 2045 661 2094 vulg.
674 2059 726 2083 πο
732 2059 764 2083 ι-

105 2098 256 2148 έεσθαι,
291 2100 396 2152 quod
434 2114 523 2137 cum
556 2099 764 2138 Schaefero

104 2157 344 2194 retinuerunt
369 2155 506 2194 Matth.
527 2164 564 2194 et
594 2156 763 2197 Bekker.

257 2213 350 2265 Cap.
372 2213 604 2250 CXXXVII.

163 2269 332 2322 ἕβδομος
354 2270 543 2322 γενέτωρ]
592 2269 679 2308 Vid.
700 2271 764 2307 in-

105 2326 162 2363 fra
191 2328 290 2374 VIII,
317 2329 394 2368 139
427 2328 512 2365 coll.
539 2325 762 2378 Thucydid.

105 2385 154 2431 II,
171 2385 237 2424 99.
266 2385 399 2421 Iustin.
423 2385 501 2432 Vll,
518 2387 557 2429 2,
578 2386 644 2436 qui
664 2386 702 2420 in
717 2397 761 2422 eo

105 2441 151 2477 ab
182 2440 377 2478 Herodoto
404 2454 425 2478 a
453 2441 635 2478 Perdicca
654 2443 763 2492 regni

102 2498 256 2534 initium
298 2499 550 2535 constituente
582 2497 762 2547 dissentit,

104 2553 208 2605 quod
247 2555 340 2592 alios
378 2562 529 2592 secutus
577 2562 761 2603 auctores,

103 2612 282 2660 primum,
318 2613 384 2664 qui
417 2613 486 2649 toti
514 2611 762 2649 Macedoniae

104 2666 364 2718 imperaverit,
433 2675 544 2707 vocat
584 2668 762 2708 Caranum

105 2723 259 2776 eiusque
277 2738 534 2763 successorem
553 2726 643 2763 facit
672 2725 763 2763 Per-

104 2778 251 2830 diccam,
270 2783 450 2835 quintum
475 2795 568 2822 vero
598 2783 639 2819 in
667 2784 763 2820 serie

824 1077 1042 1117 Herodotea
1058 1078 1374 1126 omfflstAloetam,
1395 1090 1484 1114 me-

823 1144 1016 1173 moratum
1049 1149 1203 1188 quoque
1223 1135 1326 1187 apud
1347 1133 1486 1172 Theo-

821 1192 916 1243 phil.
932 1192 1111 1230 Antioch.
1127 1194 1162 1229 11
1181 1207 1220 1244 p.
1241 1195 1306 1241 98,
1337 1193 1404 1229 ubi
1422 1199 1484 1229 ta-

822 1263 913 1286 men
933 1251 1070 1298 Argaei
1089 1249 1193 1287 deest
1207 1251 1366 1286 mentio.
1407 1249 1484 1286 Ca-

822 1319 936 1343 ranus
966 1308 1070 1342 enim
1101 1313 1137 1343 et
1164 1308 1243 1357 ipse
1265 1306 1484 1344 Temenida

821 1363 936 1400 fuisse
955 1362 1096 1411 fertur,
1127 1365 1192 1414 qui
1214 1362 1399 1400 Edessam
1418 1377 1486 1400 ce-

823 1421 878 1470 pit
908 1433 1070 1471 eamque
1090 1420 1217 1470 Aegas
1237 1421 1400 1469 vocavit,
1422 1435 1487 1458 se-

825 1475 914 1512 dem
952 1477 1043 1512 inde
1075 1478 1318 1513 constitutam
1346 1491 1484 1528 regum

822 1532 1092 1580 Macedoniae3
1131 1533 1235 1570 unde
1256 1547 1345 1571 cum
1378 1533 1484 1572 hisce

822 1590 958 1626 sabulis
1011 1589 1267 1627 Macedonicis
1321 1591 1485 1641 Argivas

823 1659 977 1699 quoque
998 1647 1180 1683 coaluisse
1209 1647 1354 1684 fabulas
1374 1650 1485 1698 ponit

822 1703 865 1740 C.
887 1705 932 1741 O.
951 1703 1105 1742 Miiller.
1121 1704 1248 1741 Ueber
1258 1703 1485 1743 d.Macedd.

821 1774 859 1811 p,
882 1761 948 1807 25,
972 1762 1037 1813 qui
1055 1759 1159 1797 idem
1178 1775 1215 1812 p.
1246 1760 1296 1801 51
1321 1769 1482 1799 conten-

822 1817 876 1854 dit
914 1816 1155 1864 Macedones,
1191 1830 1286 1870 quos
1306 1819 1481 1870 Illyricae

821 1875 977 1924 originis
1007 1888 1086 1911 esse
1106 1875 1185 1911 vult
1217 1875 1294 1924 (cf.
1328 1876 1354 1912 l.
1389 1876 1416 1912 l.
1443 1889 1483 1927 p.

821 1930 998 1971 37—-49,
1027 1932 1118 1969 Dor.
1142 1933 1160 1966 I
1179 1945 1216 1982 p.
1239 1932 1293 1980 2),
1321 1945 1410 1969 cum
1424 1946 1484 1969 se-

819 1988 898 2025 mel
918 1989 1208 2038 esuperioribus
1237 1989 1350 2037 locis,
1384 2003 1484 2041 quae

819 2044 994 2093 primitus
1013 2046 1206 2080 tenuerint
1220 2074 1230 2092 ,
1270 2044 1482 2082 descende-

819 2101 895 2136 rint
908 2129 917 2147 ,
947 2101 1122 2150 proxime
1160 2113 1364 2151 occupasse
1402 2109 1483 2138 ter-

819 2169 903 2193 ram
923 2156 1122 2208 Phrygum
1143 2157 1357 2194 vicinorum
1371 2187 1381 2206 ,
1414 2160 1482 2210 qui

820 2212 868 2249 ad
888 2214 1088 2249 Bermium
1109 2215 1315 2266 antiquitus
1346 2227 1484 2252 conse-

820 2269 963 2318 derint,
1005 2271 1071 2306 ubi
1101 2269 1248 2316 Midae,
1281 2270 1483 2323 Phrygum

819 2328 931 2377 regis,
951 2325 1063 2376 horti,
1085 2328 1124 2364 in
1147 2328 1282 2379 quibus
1302 2329 1394 2365 olim
1415 2329 1482 2366 Si-

818 2384 929 2421 lenus
949 2391 1079 2436 captus
1100 2383 1306 2422 dicebatur.
1347 2387 1405 2423 Ac
1419 2386 1481 2423 ia-

819 2442 870 2478 cit
890 2440 979 2488 huc,
1001 2441 1106 2493 quod
1125 2442 1271 2489 V11‚73
1292 2449 1480 2492 narratur,

817 2497 992 2550 Phryges
1013 2499 1105 2535 olim
1118 2497 1375 2536 Macedonum
1385 2500 1482 2537 fuis-

817 2568 858 2592 se
897 2556 1043 2592 accolas
1075 2553 1243 2607 indeque
1280 2557 1320 2593 in
1346 2557 1480 2594 Asiam

819 2625 899 2649 esse
928 2619 1191 2661 transgressos.
1257 2613 1307 2650 Ut
1326 2612 1374 2650 ad
1397 2615 1481 2650 He-

819 2667 944 2705 rodoti
963 2669 1093 2705 locum
1114 2676 1292 2719 revertar,
1312 2673 1478 2720 septimus

817 2726 871 2762 ibi
899 2724 1036 2762 dicitur
1063 2725 1262 2764 Perdiccas
1289 2740 1334 2764 eo
1357 2729 1481 2764 Grae-

818 2795 953 2820 corum
967 2795 1088 2832 more,
1117 2795 1194 2836 quo
1213 2790 1322 2836 pater
1331 2797 1483 2836 semper
