1996 3238
617 210 948 245 URANIA
1008 211 1131 248 VIII.

1434 212 1489 252 53

225 331 384 382 παῖδάς
412 345 456 373 τε
485 329 559 371 καὶ
586 333 800 384 γυναῖκας
828 326 1184 383 ὑπεξαγάγωνται
1215 330 1262 373 έκ
1289 334 1364 386 τῆς
1389 329 1484 374 Ἀτ-

223 404 365 455 τικῆς,
405 397 514 451 πρὸς
548 397 592 439 δὲ
633 397 705 439 καὶ
735 394 1064 452 βουλεύσωνται
1094 396 1142 440 τό
1173 397 1376 453 ποιητέον
1408 397 1483 443 αὐ·

195 475 219 509 3
228 473 340 512 τοῖσι
387 468 514 509 ἔσται.

586 464 653 507 ἐπὶ
691 464 775 518 γὰρ
821 469 934 507 τοῖσι
973 464 1218 519 κατήκουσι
1255 466 1482 522 πρήγμασι

221 533 384 592 βουλήν
416 533 594 589 ἔμελλον
622 532 907 588 ποιήσεσθαι,
940 531 998 583 ὠς
1016 532 1274 587 ἐψευσμένοι
1294 534 1480 591 γνώμης.

192 600 448 651 mentones
490 600 574 656 γὰρ
609 600 808 656 εὑρήσειν
838 601 1227 654 Πελοποννησίους
1267 604 1536 658 πανδημεὶὲο

218 670 265 714 ἐν
293 687 344 726 τῃ
377 671 567 724 Βοιωτίῃ
597 668 954 725 ὑποκατημένους
990 667 1068 712 τὸν
1098 667 1346 724 βάοβαρον,
1390 675 1479 713 τῶν

215 736 295 793 μὲν
331 737 463 791 εὑρον
506 735 637 780 οὐδέν
667 736 765 791 ἐὸν,
807 739 850 781 οἱ
881 736 926 780 δὲ
956 736 1261 780 ἐπυνθανοντο
1295 737 1374 780 τόν
1400 735 1479 781 Ἰσ-

215 804 334 860 θμὸν
363 803 526 855 αὐτους
553 804 792 860 τειχέοντας
822 805 865 856 ἐς
894 804 974 861 τήν
996 805 1348 859 Πελοπόννησον,
1380 806 1479 860 περὶ

213 876 417 917 πλείστου
449 889 491 915 τε
513 873 798 928 ποιευμένους
821 879 1044 927 περιεῖναι,
1075 873 1149 916 καὶ
1169 871 1333 929 ταύτην
1357 873 1476 929 ἔχον-

186 947 291 992 5τας
333 942 379 984 ἐν
421 944 620 996 φυλακῇ,
652 940 704 984 τὰ
735 942 780 985 δὲ
810 942 918 985 ἄλλα
956 939 1140 984 ἀπιέναι.

1198 943 1335 983 ταῦτα
1371 957 1475 983 πυν-
1487 948 1530 983 25

211 1009 479 1065 θανόμενοι,
529 1008 645 1053 οὕτω
690 1009 742 1066 δή
782 1007 1139 1068 προσεδεήθησαν
1177 1019 1326 1065 σφεων
1356 1013 1475 1066 σχεῖν

153 1181 302 1229 liberos,
333 1182 477 1232 optima
499 1194 673 1234 quaeque
689 1189 814 1220 traus-

152 1238 327 1285 tulerint3
365 1238 545 1291 idemque
569 1247 696 1277 nostra
726 1253 813 1276 me-

150 1295 272 1332 moria
306 1295 451 1332 factum
482 1309 561 1333 esse
595 1299 811 1348 accepimus

151 1352 305 1388 Graecis
325 1365 347 1388 a
358 1353 575 1389 Turnat-um
590 1354 716 1390 furore
731 1367 811 1390 cre-

149 1408 252 1445 brius
293 1421 314 1444 e
342 1411 551 1446 continenti
578 1411 618 1446 in
647 1411 811 1447 insulam

150 1465 295 1513 Coluri,
329 1472 372 1502 ut
401 1480 505 1503 nunc
545 1467 608 1502 illa
638 1474 809 1516 vocatur,

149 1522 455 1572 confugientibus
466 1523 713 1574 fortunasque
725 1537 810 1561 suas

148 1579 202 1615 ibi
229 1579 370 1615 intuto
400 1580 685 1617 collocantibus.
744 1581 810 1616 Tu

148 1635 252 1672 conf.
270 1636 390 1672 Kruse
409 1637 437 1672 l.
461 1637 486 1673 l.
508 1637 555 1684 ΙΙ,
575 1639 592 1675 1
611 1650 697 1687 pag.
712 1638 807 1676 302.

203 1689 480 1739 παῖδάςτεκαὶ
502 1690 714 1745 γυναῖκας]
733 1694 810 1729 Ar-

146 1749 308 1786 ticulum
339 1751 522 1787 omissum
557 1752 663 1801 attigi
696 1763 809 1800 supra

147 1805 194 1843 ad
223 1806 510 1854 V111‚36‚—
565 1808 609 1843 In
630 1819 737 1859 seqq.
759 1805 807 1843 ad

147 1876 260 1901 voces
273 1861 336 1901 ἐπὶ
355 1867 458 1902 τοῖσι
469 1859 688 1914 κατήκουσι
706 1878 808 1914 ποη-

147 1933 265 1972 γμασι
285 1919 344 1964 (ob
360 1924 576 1970 praesentem
594 1934 707 1957 rerum
726 1923 809 1957 sta-

148 1977 240 2025 tum)
261 1975 338 2013 vid.
358 1984 455 2014 nott.
476 1976 525 2014 ad
545 1978 644 2026 Vlss,
668 1980 731 2017 19.

205 2030 534 2084 ὑποκατημένους
561 2031 631 2073 τόν
654 2029 809 2084 βάρβα-

149 2087 246 2141 ρον]
288 2090 311 2126 i.
335 2102 368 2129 e.
400 2089 546 2126 sedendo
573 2093 809 2139 exspectantes

147 2158 178 2182 s.
197 2145 414 2183 subsidentes
422 2153 458 2181 et
470 2149 705 2195 exspectantes
716 2144 807 2182 Per-

145 2215 232 2239 sam.
293 2202 403 2239 Conf.
433 2203 513 2249 Vll,
537 2205 604 2242 27.
662 2200 725 2238 Ad
745 2215 807 2239 se-

146 2271 268 2311 quens
291 2258 332 2297 οἵ
354 2256 397 2297 δὲ
422 2259 522 2295 conf.
541 2259 690 2305 similia,
708 2271 806 2309 quae

144 2322 296 2352 exstant
325 2316 353 2363 I,
376 2315 442 2356 56.
470 2315 519 2363 V,
545 2317 633 2355 120.
662 2316 805 2363 VII‚⁷6.

146 2375 240 2413 163.
297 2373 355 2408 De
395 2379 621 2421 argumento
650 2372 725 2408 loci
755 2371 804 2408 cf.

142 2427 338 2476 Plutarch,
358 2427 609 2466 Themistocl.
630 2430 671 2470 9.
690 2427 804 2466 Diod.

147 2485 226 2524 Sic.
242 2487 310 2532 XI,
335 2488 400 2525 16.

205 2546 278 2581 τόν
309 2538 478 2592 Ἰσθμόν
511 2536 658 2587 αὐτούς
687 2538 804 2591 τειχέ-

147 2613 266 2645 οντας
296 2597 335 2644 ἔς
364 2596 437 2648 τήν
465 2595 798 2648 Πελοπόννησον]

143 2657 201 2692 Ita
241 2668 330 2693 cum
361 2653 581 2705 Schweigh.
613 2661 649 2691 et
685 2655 800 2693 Gaisf.

149 2710 237 2748 dedi
256 2710 368 2750 codd.
394 2713 445 2748 ita
474 2712 703 2759 iubentibus,
732 2724 801 2748 ex-

147 2775 257 2818 cepto
277 2781 355 2805 uno
370 2769 567 2811 ‚Saucrofti
592 2769 707 2815 libro,
736 2769 802 2819 qui

148 2837 217 2876 pro
237 2824 277 2873 ἐς
297 2823 451 2865 exbibet
481 2825 562 2865 καί.
621 2823 799 2863 Schaefe.

868 1196 944 1232 rus,
983 1196 1101 1235 quem
1144 1190 1356 1236 sequuntur
1393 1181 1530 1222 Matth.

869 1247 906 1277 et
944 1239 1125 1288 Bekker„
1158 1254 1286 1292 neque
1327 1239 1366 1288 ἐς
1401 1254 1529 1293 neque

867 1295 935 1335 καὶ
968 1299 1130 1347 recepit,
1164 1298 1424 1348 planissimam
1453 1297 1528 1335 hoo

866 1352 984 1390 modo
1002 1353 1162 1390 reddens
1179 1356 1403 1392 orationem.
1426 1354 1529 1391 Sen-

867 1423 954 1447 sum
992 1412 1044 1447 sic
1083 1412 1265 1460 expressit
1306 1409 1527 1461 Schweigh-

867 1467 1059 1515 „isthmum
1087 1467 1189 1515 illos,
1222 1467 1295 1517 qud
1322 1471 1372 1503 est
1402 1469 1530 1505 introi-

867 1527 924 1559 tus
943 1525 981 1559 in
995 1523 1273 1572 Peloponnesum,
1297 1536 1395 1560 muro
1415 1525 1528 1560 inter-

867 1581 1018 1629 cipemf‘
1062 1579 1179 1629 Apud
1199 1578 1395 1618 Plutarch.
1416 1582 1453 1617 T
1457 1579 1527 1616 he·-

865 1636 1028 1673 mistocl.
1059 1639 1084 1677 9
1105 1637 1293 1687 legimus:
1347 1637 1527 1687 διατειχι-

867 1692 1016 1740 ζόντων
1042 1691 1113 1732 τόν
1138 1689 1310 1745 Ἰσθμόν
1338 1692 1412 1740 εἰς
1438 1690 1525 1732 θοὶ-

864 1752 1006 1788 λατταν
1023 1748 1065 1789 ἐκ
1082 1747 1302 1802 θαλάττηςτ
1335 1763 1451 1802 quam
1470 1751 1526 1787 lo-

864 1805 1008 1857 quendi
1037 1806 1245 1843 formulam
1285 1808 1451 1857 explicui
1476 1804 1525 1843 ad

862 1861 1058 1900 Plutarch.
1078 1864 1202 1901 Alcib.
1234 1878 1273 1914 p.
1294 1864 1390 1904 225.

919 1917 967 1958 τοὶ
990 1917 1031 1958 δὲ
1048 1916 1146 1958 ἄλλα
1166 1916 1346 1970 οἷπιέναι]
1368 1921 1524 1970 Ιυοθρῒΐι

864 1978 1043 2014 orationis
1073 1976 1260 2014 structuri}
1282 1976 1422 2014 excidit
1440 1979 1521 2014 No—

862 2040 958 2080 ster,
997 2033 1227 2071 infinitivum
1246 2046 1414 2084 ponens,
1455 2034 1522 2070 ubi

864 2091 912 2126 ob
933 2102 1152 2140 praegressa
1175 2091 1418 2140 exspectabas
1438 2103 1524 2140 par-

861 2147 1058 2195 ticipium,
1096 2147 1168 2182 nisi
1196 2147 1340 2182 variare
1380 2147 1522 2182 oratio-

861 2215 953 2238 nem
972 2203 1082 2238 illum
1101 2203 1263 2239 voluisse
1284 2200 1435 2246 dixeris,
1468 2203 1522 2239 ita

862 2266 905 2295 ut
924 2260 1093 2309 primum
1104 2259 1220 2296 verbo
1233 2253 1521 2297 πυνθάνεσθαι

862 2316 1104 2366 participium
1131 2328 1200 2366 pro
1231 2328 1338 2351 more
1370 2313 1521 2351 adstru-

861 2373 972 2420 xerit,
995 2370 1132 2408 deiude
1153 2372 1296 2409 veroin
1319 2372 1521 2409 accusativi

862 2436 900 2466 et
918 2429 1095 2465 infinitivi
1126 2435 1352 2466 structuram
1378 2429 1521 2465 oratio-

859 2499 951 2522 nem
981 2486 1241 2522 conformavit.
1298 2485 1355 2521 Cf.
1383 2483 1519 2522 Matth.

861 2542 926 2579 Gr.
950 2543 1015 2579 Gr.
1039 2544 1072 2587 ξ.
1095 2542 1175 2582 549
1197 2548 1276 2578 not.
1295 2544 1321 2582 2
1340 2554 1377 2591 p.
1399 2543 1520 2582 1079.

857 2619 913 2628 —
933 2600 978 2635 In
1000 2599 1175 2649 proxime
1203 2611 1309 2650 seqq.
1338 2598 1518 2635 voculam

858 2652 926 2706 δή,
948 2669 1046 2707 quae
1066 2661 1150 2706 post
1168 2657 1290 2693 ταῦτα
1308 2655 1424 2705 vulgo
1436 2655 1518 2691 col-

856 2713 1074 2758 locabatur,
1117 2725 1137 2748 e
1175 2713 1379 2748 meliorum
1401 2709 1517 2749 codd.

859 2770 1081 2805 auctoritate
1098 2770 1271 2806 transtuli
1290 2775 1376 2819 post
1396 2763 1513 2813 οὕτω,

856 2825 1125 2877 praeeuntibus
1148 2823 1382 2877 Schweigh.²
1399 2823 1515 2862 Gaisr.
