1879 3222
422 162 507 203 354

824 157 1281 194 IIERODOTI

423 269 526 320 τούς
558 284 598 311 τε
626 266 782 310 Ἰώνων
811 269 1112 322 προκατῆσθαι
1142 264 1442 319 φρουρέοντας
1471 263 1549 307 τόν
1576 263 1682 307 πάν-

423 354 476 380 τα
506 334 689 391 χρόνον·
734 334 805 376 καὶ
840 333 1016 378 ἑωυτῶν
1056 334 1112 389 μὴ
1143 332 1503 387 προκατημένων,
1533 331 1738 382 ’Ίωναςῖο

424 404 633 458 οὐδεμίαν
663 403 813 445 ἐλπίδα
848 401 960 458 εἶχον
990 404 1217 456 χαίροντας
1238 400 1347 454 πρὸς
1369 404 1453 441 τῶν
1482 401 1684 453 Περσέων

393 460 695 511 4οἷπαλλαξειν.

756 461 872 512 Πρὸς
902 466 1036 501 ταυτα
1068 459 1429 511 Πελοποννησίων
1467 458 1543 511 μὲν
1575 461 1686 499 τοῖσι

422 531 467 573 ἐν
497 530 607 572 τέλεϊ
635 528 755 570 ἐοῦσι
785 525 927 569 ἐδόκεε
970 529 1058 568 τῶν
1089 524 1364 580 μηδισάντων
1404 525 1567 567 ἐθνέων
1596 527 1686 566 τῶν

417 594 679 651 Ἑλληνικῶν
709 594 759 637 τὰ
790 594 975 647 ἐμπόρια
999 593 1388 646 ἐξαναστήσαντας,
1420 594 1577 634 δοῦναι
1607 591 1687 645 τὴν

420 664 566 720 χώρην
593 663 712 705 Ἴωσι
752 663 992 717 ἐνοικῆσαι·
1036 660 1302 714 Ἀθηναίοισι
1345 659 1389 701 δὲ
1420 659 1499 701 οὐκ
1539 657 1738 701 ἐδόκεεῖ5

424 730 579 786 ἀρχὴν,
603 728 771 784 Ἰωνίην
799 729 1001 785 γενέσθαι
1030 727 1292 779 ἀνάστατον,
1331 725 1433 769 οὐδὲ
1465 730 1685 769 Πελοπον-

422 801 610 854 νησίοισι
641 797 739 848 περὶ
783 800 872 838 τῶν
902 794 1122 851 σφετέρων
1167 792 1402 837 ἀποικιέων
1442 793 1683 847 βουλεύειν.
1741 806 1823 848 740

396 864 758 908 ὁοῖντιτεινόντων
797 864 842 906 δὲ
881 861 1069 914 τούτων,
1107 861 1346 916 προθύμως
1377 859 1493 912 εἶξαν
1531 861 1572 902 οἱ
1604 864 1686 902 Πε-

422 931 721 986 λοποννήσιοι.
779 930 851 972 καὶ
889 930 1003 974 οὕτω
1044 930 1095 986 δὴ
1130 931 1326 985 Σαμίους
1366 944 1410 971 τε
1450 928 1523 971 καὶ
1554 928 1688 977 Χίους

426 1001 498 1044 καὶ
524 1000 738 1054 Λεσβίους
766 998 841 1041 καὶ
868 998 972 1049 τούς
1003 998 1160 1048 ἄλλους
1189 996 1422 1053 νησιώτας,
1467 998 1510 1038 οἳ
1539 995 1745 1049 ἔτυχονὸο

427 1066 817 1122 συστρατευόμενοι
864 1071 977 1110 τοῖσι
1004 1065 1200 1122 Ἕλλησι,
1246 1066 1288 1116 ἐς
1326 1065 1374 1108 τὸ
1417 1061 1689 1119 συμμαχικὸν

427 1269 618 1324 οὐδεμίαν
647 1273 786 1314 ἐλπίδα
809 1269 914 1325 εἶχον
941 1273 1028 1324 χαί-

370 1346 512 1382 ροντας
538 1345 575 1368 κ.
610 1345 642 1370 τ.
681 1332 735 1379 λ.]
774 1332 799 1369 i.
832 1345 865 1367 e.
905 1331 1028 1378 „nullo

363 1391 470 1438 pacto
492 1387 774 1443 sperabantfore
795 1392 834 1424 ut
856 1386 955 1424 Iones
968 1391 1029 1423 tu-

370 1449 422 1480 tos
441 1458 464 1481 a
492 1443 611 1480 Persis
643 1444 914 1494 relinquerent.“
972 1445 1028 1480 Ita

369 1502 416 1537 G.
451 1502 660 1537 Hermann.
702 1501 750 1537 ad
783 1501 911 1550 Viger.
938 1513 1028 1550 pag.

369 1560 451 1598 ’767
466 1586 474 1597 ,
495 1558 560 1592 ubi
579 1556 667 1592 vide
687 1559 809 1606 plura.
858 1559 906 1592 Et
927 1557 1027 1593 conf.

368 1613 538 1659 lV‚135·
554 1613 616 1659 VI,
637 1612 703 1652 50.
719 1634 774 1640 —
793 1613 914 1648 Paulo
936 1614 1031 1647 infra

371 1668 412 1707 οἵ
434 1665 476 1706 ἒν
497 1667 599 1706 τέλεϊ
617 1663 747 1713 ἐόντες
765 1667 1030 1704 dicuuturma-

371 1726 566 1773 gislulfus,
608 1724 734 1770 (Ζιιεοε,
773 1731 814 1760 ut
845 1725 919 1771 ΠΙ,
967 1726 1030 1764 18.

372 1778 554 1831 Sophool.
578 1781 709 1827 Antig.
733 1782 798 1819 66.
829 1780 1030 1816 Philoctet.

370 1835 466 1877 384.
515 1838 608 1875 922.
658 1835 840 1887 Thucyd.
871 1838 924 1883 V,
963 1839 1030 1875 27.

370 1891 470 1931 Phil.
498 1892 581 1928 Iud.
604 1905 690 1942 pag.
725 1895 804 1933 363
826 1894 856 1928 B
895 1899 929 1929 et
951 1895 1031 1933 778

370 1951 416 1986 Β.
449 1949 557 1989 Stob.
578 1949 610 1985 V
636 1961 722 1998 pag.
746 1952 821 1996 63,
858 1952 906 1988 31
931 1963 959 1985 s.
983 1950 1031 1985 T.

370 2007 388 2042 I
416 2018 501 2055 pag.
525 2002 603 2045 145
639 2005 756 2041 Gaisf.
813 2005 1033 2041 Attulerunt

371 2062 604 2112 VVesseling.
627 2068 663 2097 et
685 2059 931 2099 Valckenaer.

456 2113 550 2157 οὐδὲ
630 2118 988 2167 Πελοποννησίοισι
1020 2117 1034 2168 ]

373 2172 727 2224 Schweighaeuser.
763 2187 783 2209 e
815 2176 1031 2211 coniectura

372 2232 517 2282 scripsit
548 2231 920 2280 Πελοποννησίους,
954 2244 1029 2282 quo

374 2286 468 2324 haec
489 2293 583 2323 esset
603 2287 678 2323 loci
697 2288 881 2323 sententia
898 2299 907 2323 :
941 2301 1029 2333 „ne-

373 2357 436 2394 que
453 2343 589 2394 placuit
610 2341 961 2391 (Atheniensibus),
990 2347 1030 2380 ut

373 2399 618 2450 Peloponnesii
633 2400 779 2436 consilia
791 2403 974 2449 agitarent
987 2400 1028 2436 (Ie

372 2459 444 2492 suis
455 2459 606 2505 ipsorum
619 2454 658 2507 (i.
672 2470 705 2496 e.
718 2454 1026 2507 Atheniensium)

373 2513 525 2548 coloniis.
552 2514 678 2564 Atque
702 2513 740 2548 in
757 2512 918 2549 eandem
937 2525 1026 2549 sen-

373 2570 529 2603 tentiam
542 2567 578 2605 h.
595 2570 620 2605 Ι.
634 2570 834 2606 vernacule
848 2571 1027 2619 expressit

372 2624 518 2670 Lange.
531 2626 710 2675 Stegerus
743 2626 809 2673 (cf.
823 2627 931 2662 Gens.
946 2628 1024 2662 len.

374 2681 722 2727 1823E1=g5112.ssl.
738 2695 797 2719 nr.
818 2682 870 2722 45
892 2683 1024 2732 p.347,

373 2735 437 2772 ubi
458 2734 505 2771 de
526 2734 596 2772 hac
616 2737 653 2775 vi
678 2739 960 2789 praepositionis
983 2737 1026 2778 ἐν

1083 1274 1191 1323 plura
1213 1271 1341 1321 affert)
1372 1278 1458 1308 ante
1482 1272 1747 1319 Πελοποννη·

1085 1330 1204 1368 σίοισι
1233 1330 1347 1365 inseri
1382 1329 1503 1365 voluit
1535 1327 1597 1366 ἐν;
1630 1337 1745 1363 coram

1087 1385 1371 1436 Peloponnesiis:
1396 1384 1499 1435 quod
1521 1397 1542 1420 a
1561 1384 1637 1419 loci
1656 1395 1749 1420 sen-

1084 1456 1127 1479 su
1148 1444 1315 1478 alienum
1346 1441 1487 1478 iudicat
1520 1452 1653 1477 censor
1680 1439 1744 1475 Li-

1084 1501 1239 1550 psiensis
1252 1511 1339 1549 pag.
1354 1500 1418 1545 50,
1439 1499 1468 1535 si
1490 1496 1645 1549 quidem
1664 1507 1743 1532 non

1087 1555 1127 1592 id
1149 1556 1351 1605 agebatur,
1388 1561 1428 1590 ut
1448 1568 1496 1590 ne
1518 1565 1646 1589 coram
1667 1553 1744 1587 Pe-

1085 1613 1313 1661 loponnesiis
1332 1610 1378 1645 de
1395 1609 1449 1646 his
1463 1610 1742 1654 deliberaretur,

1085 1667 1151 1703 sed
1173 1675 1213 1702 ut
1232 1680 1280 1702 ne
1301 1667 1565 1715 Peloponnesii
1595 1671 1743 1714 partem

1086 1722 1268 1759 haberent
1279 1722 1553 1758 deliberationis
1565 1720 1611 1757 de
1626 1719 1742 1757 Athe-

1086 1781 1277 1816 niensium
1308 1780 1476 1815 coloniis.
1536 1780 1667 1828 ltaque
1695 1776 1743 1813 ad

1089 1833 1450 1885 Πελοποννησίοισι
1475 1833 1575 1870 haud
1596 1835 1673 1870 scio
1695 1846 1744 1868 an

1085 1893 1196 1928 liceat
1237 1906 1257 1927 e
1305 1891 1529 1941 praegressis
1574 1896 1744 1940 repetere

1087 1948 1275 2000 γενέσθαι
1306 1947 1379 1984 hoc
1408 1948 1486 1983 fere
1509 1958 1643 1983 sensu:
1681 1959 1745 1983 ne-

1089 2019 1152 2054 que
1173 2004 1493 2053 Peloponnesiorum
1513 2016 1602 2049 esse,
1624 2016 1651 2040 s.
1672 2001 1745 2039 Pe-

1089 2062 1293 2110 loponnesiis
1320 2062 1496 2097 convenire
1520 2059 1744 2096 deliberatio-

1087 2131 1161 2154 nem
1172 2117 1212 2154 (le
1221 2121 1370 2167 ipsorum
1380 2117 1542 2162 εοὶοηίίες
1555 2117 1743 2151 autetiam

1087 2175 1260 2224 supplere
1273 2175 1412 2211 δοῦναι
1429 2170 1742 2222 autsimilequid3

1086 2238 1127 2266 ut
1150 2230 1241 2266 haec
1265 2230 1342 2266 sere
1374 2230 1506 2265 existat
1537 2229 1742 2265 sententia:

1084 2287 1348 2324 Atheniensibus
1415 2299 1482 2322 non
1559 2285 1743 2322 videbatur

1086 2343 1328 2380 concedemlmn
1365 2355 1434 2379 esse
1474 2341 1739 2392 Peloponnesiis,

1083 2404 1122 2436 ut
1143 2400 1183 2436 de
1203 2403 1275 2436 suis
1294 2403 1443 2448 ipsorum
1465 2399 1508 2446 (i.
1526 2411 1558 2435 e.
1578 2395 1739 2433 Atheni-

1084 2458 1249 2502 ensium)
1274 2457 1399 2492 colonis
1421 2455 1662 2491 deliberarent.

1129 2513 1177 2557 ,ἐς
1198 2510 1239 2551 τὸ
1260 2508 1504 2562 συμμαχικόν
1525 2505 1738 2557 ἐποιήσαν-

1083 2568 1141 2619 το]
1172 2571 1195 2606 i.
1217 2582 1259 2620 e.
1292 2571 1327 2606 in
1357 2570 1522 2604 sociorum
1559 2576 1738 2601 numerum

1081 2629 1287 2675 receperunt.
1365 2622 1425 2660 Ad
1478 2621 1591 2657 verba
1629 2633 1735 2671 seqq.

1082 2684 1189 2721 πίστι
1209 2697 1248 2720 τε
1269 2673 1554 2728 καταλαβόντες
1583 2675 1649 2714 καὶ
1671 2675 1736 2723 ὁρ·

1081 2739 1204 2778 κίοισι
1223 2739 1248 2776 i.
1270 2751 1301 2774 e.
1313 2735 1389 2787 sicle
1407 2738 1439 2772 et
1461 2735 1653 2770 iuramento
1674 2732 1734 2769 ob-
