1996 3238
6 814 8 819 .
6 789 7 798 ⁴
0 325 8 762 ᾼΑμς-ὁ-ὀῄῄρύ-

169 362 222 389 tao
237 361 280 390 m.
299 363 338 398 [⁵.
351 364 411 400 m]

169 403 235 422 cum
288 398 350 424 acis
377 406 446 425 con-

169 427 331 457 ditiombun
358 431 447 458 Athe-

168 471 223 489 nas·
243 463 342 490 mittit.
365 465 446 491 Alex-

168 496 254 523 andri
274 505 337 524 cnm
357 498 427 524 Pcr-

167 530 208 556 sis
227 531 414 558 necessitudo

169 563 294 600 [5‚21.].

501 259 584 298 188

870 260 1332 300 HERODOTI

503 382 583 416 νας
625 365 903 421 Ἀλέξανδρον
937 367 1015 412 τόν
1050 367 1285 425 Ἀμύντεω,
1322 370 1462 426 ἄνδρα
1492 370 1729 416 Μακεδόνα

505 431 594 487 ἅμα
622 433 701 489 μὲν
716 433 783 476 ὅτι
811 436 855 477 οἱ
873 437 1133 492 προσκηδέες
1162 440 1205 482 οῖ
1228 439 1393 493 Πέρσαι
1415 437 1539 496 ἦσαν·
1565 438 1753 491 Ἀλεξοίν-
1764 446 1809 481 70

497 501 610 553 δρου
640 501 722 556 γάρ
744 500 958 559 ἀδελφεὴν
975 507 1188 561 Γυγαίην,
1215 504 1426 562 Ἀμύντεω
1451 508 1496 551 δὲ
1516 507 1752 562 θυγατέρα,

502 566 735 624 Βουβάρης
772 568 883 626 ἁνήρ
925 572 1095 627 Πέρσης
1131 572 1246 628 ἔσχε,
1285 574 1332 617 ἐκ
1368 579 1444 631 τῆς
1479 577 1523 618 οἱ
1560 574 1750 631 ἐγεγόνεε

491 633 700 692 Ἀμύντης
731 636 754 680 ὁ
784 636 831 680 ἐν
864 643 916 694 τῇ
950 637 1091 696 Ἀσίῃ,
1131 641 1236 695 ἔχων
1265 641 1314 685 τὸ
1366 642 1534 697 οὔνομα
1563 647 1641 686 τοῦ
1672 660 1752 698 μη-

497 703 788 758 τροπάτορος·
819 709 879 760 τῷ
911 706 962 762 δὴ
993 706 1039 749 ἐκ
1068 707 1266 761 βασιλέος
1295 712 1369 764 τῆς
1405 711 1596 764 Φρυγίης
1617 708 1752 764 ἐδόθη

492 768 734 827 Ἀλάβανδα
764 772 888 823 πόλις
924 774 1085 830 μεγάλη
1112 775 1339 829 νέμεσθαι·
1370 776 1458 830 ἅμα
1490 778 1535 819 δὲ
1566 775 1588 819 ὁ
1624 779 1748 829 Μαρ-
1762 780 1807 815 75

500 837 662 890 δόνιος,
701 839 952 895 πυθόμενος
983 840 1049 884 ὅτι
1064 841 1269 895 πρόξενος
1299 859 1343 887 τε
1373 845 1437 899 εἴη
1470 844 1542 887 καὶ
1575 842 1748 898 εὐεργέ-

467 912 573 961 Ξτης
605 904 627 949 ὁ
665 905 966 961 Ἀλέξανδρος,
1005 908 1177 963 ἔπεμπε.
1236 910 1340 962 τοὺς
1378 912 1461 967 γὰρ
1487 910 1751 966 Ἀθηναίους

498 971 612 1016 οὕτω
642 972 785 1016 ἐδόκεε
813 974 996 1028 μάλιστα
1026 976 1394 1033 προσκτήσεσθαι,
1433 978 1544 1022 λεών
1574 995 1617 1021 τε
1649 983 1751 1022 πολ-

493 1039 575 1084 adv
619 1039 705 1093 ἄρα
762 1040 939 1085 ἀκούων
981 1042 1093 1087 εἶναι
1133 1046 1205 1087 καὶ
1243 1045 1450 1102 ἄλκιμον·
1502 1045 1554 1088 τά
1594 1062 1638 1089 τε
1680 1063 1751 1089 κα-

495 1108 548 1150 τοὶ
578 1107 657 1163 την
688 1109 918 1153 θάλασσαν
948 1111 1216 1166 συντυχόντα
1246 1125 1325 1168 σφι
1341 1112 1577 1170 παθήματα
1607 1121 1806 1166 uano-80

467 1175 775 1231 3γασαμένους
804 1175 990 1232 μάλιστα
1015 1176 1275 1235 Ἀθηναίους
1305 1181 1522 1225 ἐπίστατο.
1582 1179 1750 1225 τούτων

491 1366 987 1424 Ἀλάβανδα-νέμεσθαι]
1006 1370 1092 1415 Vid,

436 1429 517 1476 Vll,
543 1429 619 1470 195
648 1431 776 1482 ibique
806 1436 900 1466 nott.
925 1428 1092 1480 Stepha-

435 1497 508 1522 nus
541 1486 636 1536 Byz.
660 1501 698 1537 p.
720 1489 773 1528 87
816 1484 877 1523 hic
904 1487 1092 1524 invenisse

435 1541 585 1579 videtur
601 1538 862 1594 Ἀλάβαστρας
877 1556 974 1594 quae
994 1541 1091 1579 mihi

432 1598 564 1648 ignota
585 1606 639 1636 est
658 1601 760 1638 urbs.
790 1620 846 1627 —
885 1601 942 1636 De
971 1600 1088 1636 verbo

431 1653 626 1705 νέμεσθαι
647 1655 888 1693 vid.nott.ad
907 1657 973 1703 ΙΙΙ,
998 1659 1089 1696 160.

490 1707 550 1750 ’ὅτι
567 1707 756 1761 πρόξενός
783 1725 824 1749 τε
854 1711 913 1761 εἴη
939 1710 1005 1749 καὶ
1025 1707 1090 1749 ευ’-

431 1765 612 1820 εργὲτης]
646 1769 745 1804 Cum
772 1765 828 1804 his
859 1766 1089 1804 conferenda

431 1830 532 1870 sunt,
565 1836 661 1875 quae
690 1824 788 1871 VIII,
824 1822 900 1864 143
928 1831 1088 1862 exstant.

431 1880 532 1916 Hinc
561 1881 663 1916 enim
683 1879 901 1916 Alexander
917 1910 926 1928 ‚
949 1882 1015 1932 qui
1034 1881 1089 1916 A-

431 1934 687 1974 theniensium
714 1932 899 1988 πρόξενος
925 1936 992 1975 καὶ
1021 1932 1091 1975 δυ’-

433 1992 589 2043 εργέτης
618 1995 696 2030 sive
718 1994 833 2042 φίλος
861 2000 951 2040 erat,
974 1994 1090 2044 aptis-

431 2050 548 2086 simus
580 2049 780 2086 Mardonio
811 2049 1009 2087 videbatur
1042 2048 1090 2086 ad

431 2103 552 2142 hocce
578 2106 776 2156 legationis
807 2106 988 2145 officium.
1032 2108 1089 2143 Ac

431 2158 632 2212 πρόξενοι,
654 2169 694 2199 ut
715 2161 978 2199 Valckenaerii
1006 2169 1091 2199 utar

430 2219 554 2255 verbis
585 2217 866 2256 Animadverss.
906 2219 955 2256 ad
991 2220 1090 2255 Am-

429 2288 535 2314 mon.
557 2276 621 2322 111,
647 2278 696 2316 10
717 2289 750 2325 p.
773 2278 850 2315 201
871 2305 881 2324 ‚
915 2274 1089 2312 homines

432 2330 655 2368 dicebantur
690 2333 848 2382 privati,
883 2333 1018 2383 quibus
1049 2333 1087 2368 in

430 2389 551 2438 patria
582 2389 672 2424 urbe
687 2387 908 2438 degentibus
930 2387 1088 2424 honori-

432 2445 549 2481 ficum
576 2443 725 2495 hospitii
755 2445 811 2480 ius
832 2457 920 2480 cum
941 2446 1011 2480 alia
1032 2445 1088 2481 ci-

432 2502 546 2537 vitate
576 2501 776 2552 publicitus
806 2500 1083 2537 intercedebat:

431 2555 490 2593 his
518 2556 557 2593 id
588 2559 756 2594 muneris
786 2564 864 2594 erat
884 2559 1085 2608 praecipue

431 2612 656 2662 iniunctum,
679 2621 719 2651 ut
744 2613 874 2650 sedulo
896 2615 1087 2665 prospice-

432 2676 527 2714 rent,
550 2684 597 2705 ne
618 2670 709 2722 quid
731 2672 880 2721 publica
908 2672 1011 2708 istius
1031 2672 1088 2708 ci-

431 2725 554 2761 vitatis
588 2740 644 2763 res
665 2740 685 2763 a
715 2729 858 2764 civibus
877 2728 952 2764 suis
973 2741 1087 2778 cape-

431 2788 487 2818 ret
527 2780 768 2831 detrimenti3
808 2785 949 2833 legatos
983 2785 1086 2821 illino

431 2839 626 2876 venientes
655 2837 817 2889 hospitio
853 2842 1086 2892 exciperent,

1150 1372 1198 1410 ad
1219 1374 1404 1425 populum
1436 1370 1667 1411 deducerent
1687 1380 1804 1426 utque

1148 1431 1192 1467 iis
1242 1432 1338 1467 bene
1388 1437 1483 1467 esset
1541 1438 1804 1481 procurarent.

1148 1488 1214 1524 Tu
1252 1486 1330 1528 vid,
1369 1488 1482 1523 etiam
1521 1486 1702 1526 Herodot.
1734 1488 1803 1535 IX,

1148 1541 1216 1584 43.
1253 1543 1319 1584 85.
1349 1544 1410 1591 Vl,
1443 1544 1508 1591 57,
1547 1544 1674 1595 ibique
1707 1550 1803 1582 nott.

1149 1607 1186 1637 et
1217 1599 1304 1636 add.
1330 1599 1486 1636 Ullrich.
1536 1602 1594 1636 De
1620 1601 1803 1651 proxenia

1147 1656 1342 1705 (Berolin.
1370 1656 1502 1706 1832)
1533 1669 1620 1707 pag·
1641 1660 1695 1698 22
1722 1669 1802 1708 Seq-

1147 1712 1199 1751 43
1221 1725 1301 1763 seq.
1323 1712 1387 1759 51,
1424 1711 1525 1748 unde
1546 1712 1619 1749 hoc
1649 1725 1802 1764 quoque

1147 1766 1336 1814 discimus,
1376 1768 1589 1818 προξενίαν
1629 1775 1665 1805 et
1695 1765 1803 1820 εὐερ-

1145 1825 1281 1876 γεσίαν
1310 1823 1414 1860 haud
1444 1837 1527 1861 raro
1558 1826 1801 1862 coniunctam

1146 1882 1312 1930 reperiri,
1358 1882 1397 1917 in
1428 1883 1602 1931 praemiis
1623 1894 1800 1918 numera-

1145 1943 1225 1973 tam
1256 1944 1320 1973 aut
1345 1936 1552 1974 honoribus
1581 1938 1731 1987 pubiice
1760 1939 1801 1974 iu

1147 1994 1313 2045 aliquem
1345 1994 1502 2031 collatis.
1561 1996 1674 2031 Hunc
1697 1994 1800 2031 enim

1146 2058 1351 2101 utrumque
1385 2048 1571 2087 honorem
1592 2050 1801 2088 concedere

1145 2107 1316 2143 solebant
1340 2107 1505 2144 civitates
1526 2108 1586 2144 vel
1616 2108 1800 2144 beneficia

1145 2164 1223 2200 sive
1256 2176 1415 2199 munera
1436 2171 1588 2213 accepta
1608 2171 1649 2200 ut
1670 2177 1799 2200 remu-

1145 2227 1368 2256 nerarentur
1382 2220 1438 2256 vel
1451 2221 1798 2269 potentissimorum

1144 2277 1361 2327 principum
1381 2277 1541 2325 gratiam
1562 2283 1603 2312 ut
1630 2289 1798 2327 aucupa-

1144 2339 1287 2368 rentur.
1344 2331 1453 2368 Unde
1474 2345 1551 2369 non
1573 2334 1725 2380 mirum,
1743 2334 1798 2369 Α-

1143 2387 1371 2425 lexandrum
1416 2387 1476 2425 hic
1515 2390 1626 2426 simul
1672 2390 1798 2427 vocari

1143 2441 1339 2497 πρόξενον
1360 2452 1473 2497 atque
1496 2441 1712 2495 εὐεργέτην.

1199 2499 1293 2548 τούς
1323 2498 1396 2554 γάρ
1420 2498 1660 2551 Ἀθηναίους
1695 2498 1798 2541 οὕτω

1143 2553 1269 2597 ἐδόκεε
1284 2573 1321 2596 κ.
1341 2574 1373 2597 τ.
1395 2557 1459 2608 λ.]
1492 2559 1618 2595 Oratio
1639 2559 1797 2608 scripto-

1143 2617 1191 2651 ris
1213 2613 1322 2651 valde
1336 2615 1483 2652 turbata
1499 2616 1626 2652 multis
1641 2615 1796 2652 vocibus

1142 2672 1357 2709 interiectis.
1387 2670 1471 2712 vid,
1492 2670 1623 2708 Matth.
1645 2672 1710 2708 Gr.
1729 2672 1795 2709 Gr.

1142 2741 1180 2778 p.
1205 2731 1324 2768 1300.
1368 2729 1464 2764 Nam
1485 2728 1535 2763 ita
1562 2728 1708 2777 singula
1729 2741 1796 2765 co—

1141 2783 1320 2821 haerent:
1362 2779 1599 2832 Μαρδόνιος
1611 2806 1663 2811 -
1677 2783 1795 2834 ἔπεμ-

1141 2850 1209 2892 ψε,
1231 2837 1314 2893 ἅμα
1342 2837 1414 2892 μὲν
1438 2837 1500 2879 ὅτι
1523 2864 1571 2870 --
1595 2836 1677 2892 ἅμα
1704 2838 1745 2880 δὲ
1774 2839 1795 2881 ὁ
