1996 3238
0 894 11 991 *22:4⁶
0 834 13 866 Δΐ

518 256 600 296 132
914 255 1374 293 HERODOTI

517 361 651 418 σμόν,
681 361 761 405 τόν
789 378 833 405 τε
864 361 996 406 ἄλλον
1024 362 1164 406 πάντα
1197 362 1275 406 τὸν
1301 364 1400 417 περὶ
1429 366 1504 420 τῆς
1531 365 1772 420 ναυμαχίης
1829 370 1910 413 664

514 428 671 485 ταύτης
716 429 942 484 εἰρημένον
971 430 1126 474 Βάκιδι
1156 431 1229 474 καὶ
1260 433 1490 488 Μουσαίῳ,
1524 431 1596 474 καὶ
1629 429 1681 486 δή
1705 431 1776 473 καὶ

513 495 622 540 κατοὶ
651 495 705 539 τὰ
734 496 925 553 ναυήγια
953 497 1005 540 τά
1034 499 1170 555 ταύτῃ
1201 498 1491 554 ἐξενειχθέντα
1519 498 1567 542 τὸ
1607 498 1831 553 &imnis-20

514 580 596 608 νον
625 568 823 608 πολλοῖσι
853 565 961 609 ἔτεσι
989 566 1206 619 πρότερον
1236 566 1405 609 τούτων
1427 567 1474 609 ἐν
1493 569 1669 622 χρησμῷ
1690 569 1774 608 Λυ-

513 631 725 690 σιστροίτῳ
755 631 990 690 Ἀθηναίῳ,
1022 631 1152 688 ἀνδρὶ
1176 631 1470 690 χρησμολόγῳ,
1501 633 1549 677 τό
1581 633 1775 690 ἐλελήθεε

513 699 680 752 πάντας
708 699 813 750 τούς
831 700 1041 755 Ἕλληνας
1056 714 1065 723 ·

686 800 873 841 Κωλιάδες
897 800 934 835 o}
960 804 1126 845 γυναῖκες
1151 799 1329 846 ἐρετμοῖσι
1354 801 1533 845 φρίξουσι.

517 895 649 935 τοῦτο
681 891 726 935 δὲ
755 891 897 947 ἔμελλε
928 891 1221 944 ἀπελάσαντος
1250 892 1450 949 βασιλέος
1483 892 1670 936 ἔσεσθαι.
1785 899 1842 935 25»

456 1033 655 1084 pertineat,
671 1030 719 1068 ad
738 1031 875 1067 Ionum
896 1043 1114 1068 sermonem

461 1102 614 1142 quoque
626 1088 931 1139 pertinuerit.Cui
943 1089 992 1125 ita
1005 1089 1114 1125 oblo-

460 1148 586 1198 quitur
600 1143 733 1181 Matth.
747 1145 811 1184 Gr.
834 1145 898 1182 Gr.
919 1158 957 1195 p.
969 1145 1061 1192 535,
1073 1151 1114 1181 ut

457 1216 497 1239 se
517 1202 726 1251 intelligere
744 1213 851 1251 posse
881 1208 1016 1251 neget,
1048 1214 1114 1237 cur

458 1259 620 1296 neutrali
638 1270 750 1294 sensu
785 1256 879 1294 illud
905 1258 1023 1307 accipi
1045 1256 1115 1293 de-

457 1315 561 1362 beat,
594 1327 683 1352 cum
703 1314 812 1350 facile
847 1327 866 1349 e
888 1314 1112 1365 praegressis

456 1372 689 1417 subiectum,
735 1383 772 1406 v.
799 1383 832 1408 c.
864 1367 912 1408 τοὲ
940 1366 1114 1422 ναυήγια

455 1424 505 1466 τοὶ
525 1426 589 1467 ἐπὶ
610 1423 684 1477 τήν
699 1421 822 1477 ἠϊόνα
838 1422 1037 1478 φερόμενα
1053 1427 1114 1463 vel

454 1480 524 1524 τόν
568 1480 716 1533 ἄνεμον
750 1478 819 1521 τόν
846 1480 893 1521 τοὶ
936 1480 1112 1535 ναυήγια

456 1538 630 1591 φέροντα
658 1539 824 1589 suppleri
860 1541 988 1590 possit.
1031 1542 1110 1577 Nec

456 1597 564 1633 aliter
581 1598 709 1633 statuit
732 1594 954 1633 Larcherus.
979 1618 1026 1625 —-
1067 1598 1112 1632 In

454 1666 561 1704 seqq.
579 1651 625 1688 de
644 1651 779 1689 Bae-ide
798 1653 896 1689 conf.
918 1653 1022 1700 VIII,
1045 1655 1111 1700 20,

457 1708 504 1746 de
525 1708 676 1745 Musaeo
691 1708 778 1753 VII,
818 1711 842 1748 7
871 1715 907 1744 et
944 1708 991 1745 ad
1025 1721 1111 1744 ver-

454 1765 548 1802 bum
568 1761 835 1814 ἐξενειχθέντα
849 1771 942 1801 nott.
953 1764 1000 1801 ad
1013 1765 1110 1811 vul,

457 1821 525 1862 49.
582 1821 726 1857 Vocem
748 1817 1019 1874 χρησμολόγον
1040 1834 1110 1857 ex—

453 1877 676 1928 plicavimus
692 1875 740 1913 ad
759 1877 846 1924 VII,
879 1880 918 1918 6.

512 1930 716 1979 Κωλιάδες
733 1930 775 1972 δὲ
796 1937 978 1984 γυναῖκες
1007 1932 1111 1984 ε’ρετ-

456 1993 566 2041 μοῖσι
587 1986 794 2040 φρίξουσι]
826 1992 938 2027 Hunc
960 2003 1111 2027 versum

454 2045 562 2082 affert
581 2046 717 2083 Strabo
737 2047 793 2082 IX
815 2061 852 2097 p.
875 2048 955 2087 398
981 2060 1009 2084 s.
1032 2049 1107 2086 611

418 2130 427 2139 .
455 2103 503 2141 Α.
542 2101 716 2141 Eustath.
747 2101 794 2139 ad
824 2105 978 2140 Homer.
1008 2103 1050 2139 Il.
1072 2117 1110 2153 p.

454 2156 558 2206 284,
597 2157 649 2198 24
692 2172 720 2198 s,
761 2159 865 2208 215,
917 2161 965 2199 18
1005 2161 1111 2196 Bas:

455 2215 495 2251 iu
534 2215 671 2267 quibus
718 2227 838 2266 aeque
896 2222 1009 2267 atque
1070 2217 1110 2252 in

453 2271 638 2308 Herodoti
693 2271 777 2308 loco
832 2279 952 2308 exstat
1015 2272 1109 2321 φρί-

453 2327 577 2375 ξουσι,
598 2326 701 2379 quod
720 2328 758 2363 in
770 2325 966 2378 φρύξουσι
983 2336 1111 2365 muta-

454 2391 537 2421 tum
557 2384 676 2422 voluit
695 2385 816 2420 Koen.
834 2384 881 2420 ad
895 2386 1054 2421 Pausau.
1077 2386 1106 2431 Ι,

458 2443 475 2479 1
521 2441 558 2486 §.
598 2439 643 2479 4:
703 2441 763 2477 cui
800 2447 929 2491 postea
969 2442 1108 2478 assensi

452 2504 539 2533 sunt
558 2497 802 2547 VVesseling„
844 2496 1105 2543 Valckenaer„

453 2551 631 2591 Larcher.
678 2552 764 2604 (qui
789 2554 932 2590 Gallice
962 2553 1103 2591 reddit:

446 2608 569 2658 ferent
637 2609 761 2658 griller
834 2611 963 2660 Toup.
1028 2609 1104 2657 (ad

454 2664 562 2701 Suid.
599 2664 790 2702 Emendd.
828 2668 845 2702 Ι
878 2679 965 2717 pag.
1004 2667 1104 2714 213)

454 2719 669 2768 S‹:haefer.‚
704 2723 767 2772 qui
788 2721 860 2759 hoc
890 2736 978 2760 cum
999 2721 1104 2759 Bek-

453 2775 537 2816 ker.
562 2784 596 2813 et
614 2779 745 2827 Negris
766 2780 803 2814 in
827 2786 974 2816 textum
999 2793 1105 2816 rece-

453 2834 521 2884 pit.
579 2833 610 2872 C
620 2847 650 2875 ²⁴.
682 2832 757 2871 huc
778 2837 939 2873 conferri
959 2837 1039 2875 vult
1059 2837 1105 2875 A.

1828 852 1888 917 ¹².ss

1838 946 1844 962 'l

1841 967 1850 992 ἶ

1718 937 1821 1032 s
1847 993 1856 1020 ι

1169 1031 1296 1083 Nibby
1326 1032 1468 1083 SaggIO
1501 1030 1538 1069 di
1571 1021 1866 1076 Osseryfi'zionil

1172 1087 1360 1136 critiche,
1414 1086 1678 1139 geografiche‚
1733 1079 1868 1135 εικῆ-ἶ

1171 1146 1301 1196 quarie
1333 1158 1444 1195 sopra
1483 1145 1669 1182 Pausania
1700 1144 1829 1187 (Rom.
1859 1146 1868 1177 6

1177 1203 1297 1248 1817)
1319 1215 1406 1252 pag.
1426 1200 1490 1241 43.
1532 1198 1723 1252 Equidem
1741 1212 1830 1236 cum

1171 1258 1286 1294 Gaisf.
1301 1259 1474 1294 revocavi
1487 1258 1677 1309 φρίξουσι
1688 1287 1696 1300 ,
1717 1268 1831 1306 prae-

1173 1321 1285 1351 eunte
1298 1313 1531 1363 Scliweigh„
1555 1315 1620 1366 qui
1640 1314 1679 1349 in
1691 1313 1825 1349 Latina

1169 1371 1478 1421 interpretatione
1531 1370 1625 1407 haec
1685 1367 1822 1405 habet:

1169 1426 1359 1474 „Coliacles
1408 1427 1567 1464 mulieres
1611 1428 1714 1463 remis
1751 1429 1825 1462 ter-

1167 1484 1334 1521 rebuntur
1388 1484 1484 1532 (sive
1535 1484 1660 1534 potius
1722 1483 1826 1518 remis

1159 1539 1331 1589 frixurae
1349 1541 1477 1586 sunt)“
1507 1540 1564 1576 Ac
1587 1537 1734 1576 dudum
1754 1550 1826 1573 an-

1169 1603 1228 1632 tea
1257 1597 1488 1647 WVesseling.
1515 1597 1611 1633 Diss.
1640 1593 1822 1632 Herodot.

1168 1654 1225 1688 XI
1252 1666 1291 1703 p-
1311 1656 1408 1693 202..
1437 1653 1623 1704 φρίξουσι
1651 1651 1825 1702 ἐρετμοῖς

1167 1710 1432 1759 interpretatus
1476 1716 1581 1745 erat:
1627 1707 1822 1752 horrebunt,

1168 1778 1235 1802 seu
1275 1765 1461 1801 vocabulo
1501 1765 1682 1801 Afrorum
1730 1764 1824 1800 olim

1168 1834 1239 1858 usu
1267 1822 1374 1869 trito,
1418 1821 1697 1871 horripilabunt,
1736 1820 1823 1857 visis

1167 1884 1222 1914 tot
1260 1879 1372 1914 remis
1410 1890 1681 1929 remorumque
1718 1876 1823 1926 frag-

1167 1935 1327 1982 mentis,
1365 1933 1414 1970 ad
1443 1933 1639 1971 Coliadem
1674 1933 1822 1970 Atticae

1166 1992 1315 2027 marino
1348 1991 1465 2027 ssuctu
1503 1990 1680 2028 devectis.
1726 1990 1823 2026 Miot

1168 2046 1261 2084 haec
1283 2048 1433 2084 Gallicis
1452 2048 1574 2085 verbis
1592 2049 1644 2084 ita
1664 2058 1822 2097 expres-

1168 2105 1240 2141 sit:
1275 2103 1324 2140 les
1339 2103 1484 2153 semmes
1525 2104 1573 2141 du
1611 2106 1736 2151 rivage
1777 2101 1820 2139 de

1175 2160 1295 2197 Colias
1308 2160 1427 2210 ferent
1446 2162 1541 2198 cuire
1551 2161 1643 2197 leurs
1660 2160 1820 2196 aliments

1167 2230 1214 2254 au
1244 2217 1312 2267 seu
1342 2217 1401 2253 cles
1428 2229 1540 2253 rames
1569 2216 1710 2253 oraculi
1729 2227 1820 2251 sen-

1165 2286 1250 2310 sum
1272 2271 1373 2309 huuc
1394 2285 1472 2308 esse
1503 2279 1626 2309 ratus:
1659 2272 1819 2308 seminas

1164 2329 1212 2365 ad
1241 2329 1343 2364 illam
1366 2329 1479 2366 maris
1508 2342 1614 2365 oram
1641 2327 1820 2365 habitau-

1163 2392 1230 2431 tes,
1251 2385 1470 2422 collecturas
1492 2398 1569 2422 esse
1589 2386 1726 2422 multas
1744 2396 1818 2420 na-

1161 2443 1267 2478 vium
1288 2442 1462 2492 reliquias
1486 2443 1605 2493 iisque
1627 2454 1757 2479 usuras
1768 2438 1817 2477 ad

1162 2499 1310 2547 iguem,
1345 2511 1421 2549 quo
1443 2499 1620 2535 alimenta
1650 2511 1718 2535 sua
1748 2509 1817 2534 co-

1163 2562 1280 2605 quant
1323 2567 1510 2605 panemve
1552 2561 1738 2600 torreant3
1775 2553 1816 2590 iu

1161 2624 1277 2662 quam
1297 2613 1522 2648 sententiam
1545 2609 1637 2648 llaec
1662 2622 1814 2663 quoque

1162 2668 1280 2718 accipi
1301 2668 1382 2703 vult
1402 2668 1448 2704 A.
1490 2665 1644 2714 Sclioll,
1675 2679 1814 2703 verua-

1161 2725 1266 2760 culus
1280 2722 1460 2760 Herodoti
1479 2725 1673 2774 interpres.
1702 2721 1815 2768 Quod

1161 2781 1292 2830 Negris
1319 2778 1433 2816 habet
1453 2779 1670 2830 φρύξουσι,
1700 2781 1812 2830 plane

1162 2837 1412 2875 necessarium
1449 2848 1497 2872 ex
1526 2837 1667 2874 oraculi
1699 2848 1811 2875 sensu

1825 822 1829 839 ·
1892 768 1994 876 β
