1996 3238
571 216 904 254 URANIA
962 219 1088 256 V111.
1384 220 1468 262 147

203 343 371 385 ,,μενοι,
410 322 640 381 ὑπήγαγον
680 324 723 376 ἐς
762 324 888 381 χέρας
926 325 1003 377 τοὶς
1032 327 1156 383 ἐμὰς,
1187 326 1297 372 ὥστε
1326 339 1373 373 σε
1408 327 1526 386 μήθο

179 395 490 452 5,,μέμψασθαι
519 393 599 449 τὴν
630 392 701 436 α’π’
729 392 828 448 ἐμέο
858 410 927 436 τοι
958 395 1170 453 ἐσομένην
1198 398 1364 453 δίκην.“
1390 397 1468 450 Ὡς
1525 377 1607 418 669

203 464 250 508 δέ
298 464 342 506 οἱ
375 464 512 505 ταῦτα
562 459 776 515 ὠνείδισε,
823 454 1048 518 ἆχθέῦτων
1088 468 1176 507 τῶν
1213 468 1385 510 παίδων
1424 467 1468 519 ἐς

203 530 329 583 ὄψιν,
356 528 617 586 ἠναγκάζετο
648 528 672 574 ὁ
707 529 958 582 Πανιώνιος
981 535 1067 574 τῶν
1097 531 1265 575 ἑωυτοῦ
1284 535 1466 587 παίδων,

199 599 412 653 τεσσέρων
442 596 615 649 ἐόντων,
645 597 697 641 τὰ
729 601 874 642 αἰδοῖα
905 597 1171 655 ἀποτάμνειν
1190 613 1200 624 ·
1232 599 1468 655 ἀναγκαζό-

200 683 329 723 μενος
358 665 416 720 δὲ,
445 664 583 709 ἐποίεε
613 671 772 710 ταῦτα·
816 666 954 711 αὑτοῦ
993 684 1051 723 τε,
1084 667 1141 720 ὠς
1169 672 1306 712 ταῦτα
1345 668 1471 723 ἐργά-

173 739 341 785 6σατο,
391 735 435 778 οἱ
479 737 628 786 παῖδες
667 734 1008 792 ἀναγκαζόμενοι
1048 735 1314 792 ἀπέταμνον.
1385 740 1524 780 Hoc-95

198 801 383 846 νιωνιον
423 801 502 858 μέν
544 819 630 847 νυν
669 803 784 848 οὕτω
821 803 1028 862 περιῆλθε
1072 803 1311 862 ἥτετίσις
1340 804 1464 849 καὶὸ

195 868 461 926 Ἑρμότιμος.

35 942 135 990 1οΊ
314 938 475 994 Ξέρξης
506 939 564 990 δὲ,
595 938 655 992 ὥς
683 942 786 992 τοὺς
814 943 972 993 παῖδας
995 939 1236 998 Ἀρτεμισίῃ
1267 939 1470 994 ἐπέτρεψε
1528 955 1690 996 Artetpisia
1710 961 1788 996 ¹yma

202 1003 388 1062 ἀπάγειν
411 1006 452 1058 ἐς
467 1005 669 1063 Ἔφεσον,
700 1010 884 1061 καλέσας
900 1008 1177 1064 Μαρδόνιον,
1209 1009 1372 1053 ἐκέλευέ
1394 1026 1471 1064 μιν
1527 997 1687 1064 Ειῖῗιᾟῖιζξ
1710 995 1805 1063 {2212}

201 1078 277 1130 τῆς
323 1079 527 1132 στρατιῆς
564 1078 777 1134 διαλέγειν
817 1079 923 1129 τούς
949 1077 1173 1134 βούλεται,
1204 1081 1276 1122 καὶ
1305 1079 1470 1122 ποιέειν
1526 1057 1806 1124 ξειιῗῗῃῗιῖηῗιιιωοῗῖ

1367 1145 1376 1159 ,
1527 1124 1693 1158 lespontum
1710 1123 1806 1159 proti-

1287 1150 1460 1202 Ταυτην
1477 1154 1494 1187 1
1526 1166 1583 1186 nus
1599 1161 1805 1186 revertantur.

173 1147 323 1186 Ξτοῖσι
351 1141 523 1198 λόγοισι
552 1146 605 1189 τὰ
638 1146 744 1202 ἔργα
773 1147 1047 1203 πειρώμενον
1079 1144 1222 1202 ὁμοῖα.

199 1211 280 1268 μὲν
309 1210 389 1268 τήν
418 1210 587 1271 ἡμέρην
615 1215 659 1266 ἐς
687 1219 873 1260 τοσοῦτο
895 1216 1070 1270 ἐγίνετο.
1129 1218 1204 1271 τῆς
1229 1215 1275 1257 δὲ
1296 1214 1470 1266 νυκτός,

200 1278 486 1332 κελεύσαντος
514 1281 729 1339 βασιλέος,
760 1284 837 1335 τὰς
869 1287 979 1339 νῆας
1009 1286 1053 1327 οἱ
1072 1283 1302 1340 στρατηγοὶ
1322 1282 1370 1326 ἐκ
1389 1286 1472 1327 τοῦ

207 1347 418 1403 Φαλήρου
448 1348 617 1405 ἀπῆγον
647 1349 786 1396 ὀπίσω
817 1351 860 1403 ἐς
890 1351 970 1395 τόν
1001 1349 1355 1408 Ἑλλήσποντον,
1410 1348 1501 1402 (5ςὸ

199 1414 352 1472 τάχεος
389 1415 472 1474 εἶχε
518 1418 721 1472 ἕκαστος,
774 1419 1131 1478 διαφυλαξούσας
1178 1419 1254 1471 τὰς
1303 1420 1473 1475 σχεδίας

359 1604 452 1656 cap.
484 1604 598 1642 CVII.

207 1680 263 1730 οἷς
306 1680 402 1730 τούς
441 1685 589 1731 παῖδας
608 1699 645 1723 κ.
676 1699 709 1724 τ.
742 1685 807 1734 λ.]

149 1739 235 1777 Vid.
257 1741 478 1791 supraVIlI‚
499 1744 574 1782 103
589 1749 624 1778 et
636 1741 812 1779 Pseudo-

148 1796 345 1835 Plutarch.
362 1796 458 1835 haec
480 1800 721 1836 cavillantem
742 1812 811 1850 pro

149 1867 257 1891 more
275 1855 311 1890 II
331 1868 417 1905 pag.
441 1857 536 1896 870.
558 1878 610 1883 -
632 1858 707 1893 Pro
730 1855 816 1896 ε’κέ-

151 1912 284 1959 λευσε,
304 1912 408 1963 quod
429 1926 449 1948 e
471 1912 698 1963 quibusdam
721 1915 813 1950 reti-

151 1975 319 2004 nuerunt
356 1967 549 2006 Schaefer.
585 1977 623 2007 et
660 1968 812 2018 Matth„

152 2023 333 2076 equidem
366 2025 599 2077 reliquorum
630 2027 814 2064 librorum

152 2083 417 2118 auctoritatem
494 2090 643 2120 secutus
725 2097 814 2120 cum

153 2136 374 2188 Schweigh.
404 2145 440 2175 et
462 2139 579 2176 Gaisf.
611 2139 698 2177 dedi
731 2139 814 2179 ἐκέ-

151 2196 240 2234 λευε
256 2196 426 2247 itemque
447 2208 541 2232 mox
560 2194 653 2243 τούς
670 2193 814 2248 βούλε-

152 2266 235 2300 ται,
266 2253 332 2288 ubi
352 2253 444 2289 oliln
474 2249 569 2300 τούς
593 2249 644 2292 ἂν
666 2251 816 2305 βούλη-

151 2323 242 2352 ται,
273 2310 375 2346 libris
404 2310 549 2360 scriptis
568 2311 716 2360 invitis,
745 2325 817 2348 ex-

153 2366 287 2404 stabat.
345 2365 600 2404 Indicativum
620 2369 659 2404 iu
681 2369 816 2406 talibus

153 2423 246 2472 poni
274 2435 405 2473 posse,
455 2431 688 2474 monstrant,
718 2439 816 2478 quae

153 2479 323 2516 Werfer.
354 2480 479 2517 attulit
510 2481 550 2516 in
577 2482 676 2519 Actt.
707 2482 818 2533 phin.

153 2536 329 2573 Monacc.
361 2537 486 2587 Ipag.
521 2537 614 2578 105.
651 2541 742 2580 106.
764 2561 817 2568 —-

153 2593 410 2630 Locutionem
440 2592 479 2639 ἐς
497 2596 662 2633 τοσοῦτο
679 2625 690 2641 ,
720 2609 819 2648 quae

155 2651 318 2687 occurrit
338 2652 451 2687 etiam
472 2650 579 2699 VIII,
618 2652 720 2698 125,
759 2660 820 2690 at-

155 2706 239 2756 tigit
258 2706 394 2744 Matth.
421 2708 488 2746 Gr.
511 2708 577 2744 Gr.
609 2709 647 2753 ξ.
669 2709 762 2751 578.
785 2724 819 2748 c.

156 2775 244 2812 pag.
274 2764 394 2811 1145,
434 2765 500 2816 qni
529 2763 633 2801 idem
672 2766 708 2811 ς.
737 2770 818 2808 337

158 2819 301 2857 confer.
330 2820 379 2858 ad
408 2820 618 2860 formulam
655 2820 709 2870 ὥς
747 2818 818 2864 τά·-

866 1607 954 1645 χεος
989 1589 1066 1644 εἶχε
1111 1591 1294 1640 ἕκαστοςς
1323 1592 1389 1629 ubi
1409 1593 1530 1630 VVes-

865 1651 1001 1699 seling.
1031 1651 1260 1687 excitaverat
1280 1648 1474 1687 Plutarch.
1494 1650 1531 1687 11

867 1721 905 1758 p.
928 1710 1020 1748 610.
1044 1707 1185 1744 Herod.
1214 1708 1294 1754 IX,
1324 1708 1390 1748 58.
1428 1707 1532 1744 Male

868 1765 960 1801 olim
979 1762 1138 1814 ταχέως,
1161 1763 1265 1816 quod
1286 1765 1412 1814 ipsum
1434 1764 1532 1801 San-

870 1822 980 1858 crofti
1000 1822 1096 1858 liber
1116 1823 1263 1868 retinet,
1299 1821 1533 1866 Florentino,

870 1880 962 1927 aliis,
988 1880 1125 1915 melius
1145 1880 1306 1914 alterum
1337 1877 1534 1915 afferenti-

869 1936 952 1972 bus.
1002 1937 1052 1972 Et
1088 1935 1182 1972 vidit
1203 1934 1352 1972 dudum
1372 1936 1534 1973 Wesse-

867 1993 962 2043 ling.
976 1994 1073 2030 Diss.
1095 1991 1278 2031 Herodot.
1302 1993 1360 2029 IX
1375 2006 1414 2044 p.
1440 1993 1534 2033 129.

927 2078 1256 2130 διαφυλαξούσας
1278 2077 1349 2128 τὰς
1375 2081 1533 2132 σχεδίας

870 2141 1125 2190 πορευθῆναι
1155 2136 1326 2189 βασιλέϊ]
1361 2137 1424 2174 Ad
1444 2152 1535 2176 seu-

871 2209 956 2233 sum
975 2203 1076 2232 recte
1098 2195 1230 2243 Valla3
1261 2194 1310 2231 ad
1336 2195 1536 2232 custodien-

874 2254 941 2290 das
968 2257 1085 2301 rates,
1120 2253 1245 2302 quibus
1269 2263 1332 2289 rex
1356 2254 1535 2290 transiret.

872 2311 978 2346 Libri
997 2311 1126 2360 scripti
1147 2306 1320 2360 βασιλέϊ,
1349 2308 1453 2360 quod
1473 2322 1537 2346 re-

873 2368 992 2414 linui,
1032 2368 1170 2403 reiecta
1199 2364 1364 2403 Aldinae
1400 2366 1537 2403 lectio-

875 2438 925 2460 ne
976 2425 1173 2475 βασιλῆας
1230 2435 1399 2474 namque
1445 2434 1536 2460 cum

875 2479 1097 2532 Schweigh.
1156 2480 1367 2529 intelligere
1423 2479 1535 2517 licet:

876 2532 1201 2586 διαφυλαξούσας
1234 2534 1392 2587 βασιλέϊ
1418 2533 1537 2587 (ὥστε

877 2591 1020 2644 αὐτὸν)
1055 2594 1331 2644 πορευθῆναις
1371 2599 1413 2630 ut
1445 2606 1538 2631 sane

874 2653 921 2689 sit
942 2651 1089 2688 dativus
1110 2648 1304 2687 commodi
1324 2663 1443 2702 quem
1469 2663 1538 2688 vo-

876 2716 987 2756 cant3
1053 2719 1289 2760 quamquam
1328 2707 1538 2744 infinitivus

875 2767 1133 2816 πορευθῆναι
1152 2765 1282 2802 nescio
1303 2763 1396 2816 quid
1408 2762 1538 2801 durius

876 2821 1018 2862 habere
1037 2821 1207 2869 videtur,
1237 2822 1300 2859 cui
1318 2823 1371 2859 ita
1390 2819 1538 2858 mederi

1178 2876 1271 2919 10*
