1879 3222
68 1175 132 1219 91

545 185 1001 228 GALLIOPE.

215 312 397 352 μαντος,
434 295 512 339 τὸν
539 293 804 351 κατέστησαν
835 296 993 351 Σάμου
1028 297 1250 353 τύραννον
1279 300 1324 343 οἷ
1350 300 1459 354 Πέρ-
1515 306 1596 346 733

1057 191 1074 226 Ι
1085 189 1136 227 Χ.
1379 190 1463 231 335

185 371 302 408 3σαι,
358 362 631 408 ἐπελθόντων
671 364 716 407 δέ
757 374 903 419 σφεων
941 364 1007 408 ἐπὶ
1044 367 1148 418 τοὺς
1185 369 1462 426 στρατηγούς,

212 434 324 488 ἔλεγε
371 431 704 486 Ἡγησίστρατος
755 430 896 475 πολλὰ
940 433 1013 475 καὶ
1041 441 1247 478 παντοῖα·
1293 436 1351 488 ὦς
1381 436 1462 493 ,,ἢν

215 504 410 558 ,μοῦνον
438 501 614 543 ἴδωνται
631 498 793 552 αὐτούς
808 502 852 544 οἱ
867 499 1024 553 Ἴωνες,
1041 501 1364 560 ἀποστήσονται
1377 503 1463 549 ἀπὸ

210 569 461 623 ,,Περσέων,
501 568 573 611 καὶ
603 566 660 619 ὡς
691 571 733 612 οἱ
772 569 989 625 βάρβαροι
1028 570 1109 613 οὐκ
1145 570 1518 626 ὑπομενέουσι·20

207 636 289 692 ,,ἦ“ν
318 637 363 679 δὲ
398 637 470 680 καὶ
507 635 592 692 ἄρα
621 636 896 693 ὑπομείνωσι,
928 636 1010 681 οὐκ
1040 638 1187 694 ἑτέρην
1219 638 1358 696 ἄγρην
1376 656 1461 683 τοι-

179 704 379 760 4,,αύτην
408 702 552 758 εὑρεῖν
582 704 637 749 ἂν
668 706 866 757 αὐτούς.“
904 706 1037 757 θεούς
1065 723 1108 750 τε
1138 707 1319 757 κοινούς
1350 707 1462 750 ἀνα-

203 773 382 826 καλέων,
412 773 641 827 προέτρεπε
671 773 830 825 αὐτοὺς
868 775 1091 829 ῥύσασθαι
1121 773 1283 830 ἄνδρας
1309 774 1464 832 ΓΈλλη-

203 857 281 892 νας
325 841 370 884 ἐκ
411 841 692 898 δουλοσύνης,
722 843 795 886 καὶ
833 843 1058 898 ἀπαμῦναι
1097 842 1175 887 τὸν
1212 844 1458 899 βάρβαρον·

204 906 407 959 ,,εὕπετές
438 926 481 953 τε
516 910 704 961 αὐτοῖσι,
738 911 841 967 ἔφη,
881 916 1020 955 ταῦτα
1051 913 1272 967 γίνεσθαι·
1310 910 1387 962 τάς
1416 927 1460 955 τε
1473 916 1516 952 25

202 975 311 1032 ,,γοὶρ
342 977 441 1027 νέας
472 976 614 1021 αὐτῶν
643 983 787 1029 κακῶς
802 980 958 1031 πλέειν,
989 981 1062 1024 καὶ
1086 978 1168 1023 οὐκ
1199 980 1461 1035 ἀξιομάχους

201 1046 410 1096 ,,κείνοισι
448 1043 559 1088 εἶναι
575 1061 585 1070 ·

646 1044 773 1089 αὐτοί
801 1063 866 1100 τε,
920 1049 960 1090 εἴ
994 1065 1035 1091 τι
1072 1047 1372 1091 ὑποπτεύουσι
1400 1047 1459 1104 μὴ

201 1111 352 1169 »δόλῳ
372 1110 533 1163 αὐτούς
553 1113 801 1169 προάγοιεν,
829 1114 992 1170 ἑτοῖμοι
1023 1114 1135 1160 εἶναι
1157 1116 1203 1159 έν
1223 1120 1322 1173 τῇσι
1350 1133 1460 1172 νηυ-

199 1180 269 1231 ,,σὶ
298 1184 396 1235 τῇσι
423 1179 598 1223 ἐκείνων
632 1181 839 1237 ἀγόμενοι
872 1182 1032 1239 ὅμηροι
1061 1183 1222 1227 εἶναι.“

197 1247 355 1297 πολλός
394 1243 450 1303 ἦν
478 1249 743 1305 λισσόμενος
784 1250 807 1294 ὁ
849 1255 987 1303 ξεῖνος
1031 1251 1054 1295 ὁ
1085 1252 1278 1308 Σάμιος,
1318 1255 1513 1308 εἴρετοδο

196 1317 485 1372 Λευτυχίδης,
518 1319 599 1360 εἴτε
629 1316 842 1373 κλῃδόνος
861 1321 1021 1363 εἵνεκεν
1049 1320 1190 1362 θέλων
1219 1320 1456 1371 πυθέσθαι,

196 1388 277 1429 εἴτε
304 1385 378 1428 καὶ
406 1384 516 1427 κατὰ
545 1388 790 1441 συντυχίην,
821 1392 931 1430 θεοῦ
954 1391 1200 1438 ποιεῦντος·
1240 1382 1315 1440 ,ῘΩ
1348 1388 1456 1440 ξεῖνε

167 1453 390 1508 2,,Σάμιε,
421 1453 463 1494 τί
491 1468 560 1495 τοι
579 1453 627 1495 τὸ
658 1451 877 1509 οὔνομα,·ιι
910 1454 933 1497 ὁ
965 1456 1009 1497 δὲ
1044 1453 1146 1506 εἷπε,
1171 1454 1454 1511 Ἡγησίστρα-

193 1524 335 1573 ,,τος.“
365 1518 388 1563 ὁ
421 1519 466 1562 δὲ
495 1518 756 1574 ὑπαρπάσας
784 1521 862 1565 τόν
884 1522 1110 1567 ἐπίλοιπον
1132 1524 1275 1579 λόγον,
1299 1526 1339 1567 εἴ
1356 1541 1455 1567 τινα

194 1590 358 1646 ὅρμητο
387 1587 526 1643 λέγειν
555 1588 579 1632 ὁ
605 1588 954 1646 “Ηγησίστρατος,
986 1590 1097 1635 εἶπε·
1132 1591 1357 1647 ,,Δέκομαι
1378 1592 1509 1635 τόν35

354 1841 446 1891 Cap.
473 1840 575 1878 XCI.

193 1917 246 1965 ὥς
283 1915 325 1958 δὲ
349 1917 494 1965 πολλός
518 1914 579 1969 Δἦν
608 1914 792 1970 λισσόμε-

134 1976 221 2023 νος]
263 1976 286 2011 i.
313 1989 346 2015 e.
368 1989 445 2012 cum
472 1977 618 2013 multum
643 1976 791 2027 petendo

134 2034 293 2068 instaret.
324 2032 407 2068 vid.
439 2034 520 2078 VII,
552 2033 627 2072 158
660 2034 789 2084 ibique

131 2089 255 2124 allata.
312 2089 436 2125 Verba
481 2088 556 2127 εἴτε
598 2085 789 2141 κληδόνος

132 2145 280 2184 εἵνεκεν
306 2143 438 2183 θέλων
478 2145 551 2184 εἴτε
583 2144 650 2183 καὶ
689 2143 788 2185 κατά

131 2201 344 2251 συντυχίην
371 2202 412 2251 (ἰ.
439 2215 471 2239 e.
493 2202 788 2253 casu‚f0rtef0r-

128 2258 231 2305 ΐαηά,
276 2258 375 2294 conf.
400 2265 495 2295 nott.
518 2258 565 2295 ad
584 2261 648 2306 111,
673 2259 784 2307 153),

129 2314 239 2351 affert
262 2313 394 2351 Matth.
417 2316 481 2351 Gr.
504 2317 568 2356 Gr.
589 2315 667 2356 643
696 2329 784 2366 pag.

134 2370 258 2418 13043
290 2384 410 2423 eaque
432 2373 544 2408 etlam
565 2374 686 2423 attigit
703 2375 788 2409 Iae-

132 2440 208 2464 σοι’.
237 2429 275 2464 in
293 2430 452 2479 Disputt.
484 2429 649 2467 Herodd.
666 2444 702 2480 p.
721 2433 785 2470 36.

129 2456 187 2521 fle
218 2497 311 2522 voce
350 2482 541 2540 κλῃδόνος
570 2486 670 2525 conf.
690 2494 785 2526 nott.

131 2540 178 2577 ad
199 2542 244 2590 V,
262 2545 287 2582 7
291 2545 330 2582 2.

186 2594 452 2649 ὑπαρπάσας]
491 2598 575 2640 vid.
605 2598 650 2644 V,
673 2598 725 2640 50
747 2607 784 2638 et

133 2652 180 2690 ad
203 2668 362 2706 sequens
386 2652 530 2707 ’ὅρμητο
559 2654 683 2708 λέγειν
711 2658 780 2705 IX,

131 2711 196 2748 61.
254 2712 425 2764 Sequens
467 2714 505 2752 εἴ
532 2729 620 2753 τινα
659 2714 699 2750 in
733 2710 781 2754 ὅν

129 2779 217 2805 τινα
250 2771 387 2808 mutari
421 2771 541 2809 voluit
580 2771 781 2822 Stegerus3

850 1806 1068 1858 obloquitur
1112 1819 1245 1843 censor
1303 1806 1524 1857 Lipsiensis!

851 1866 956 1903 1833
992 1878 1032 1914 p.
1063 1862 1134 1912 493
1184 1876 1351 1915 quocum
1381 1864 1506 1900 facere

845 1921 992 1957 malim.

937 1976 945 1988 Ι
1116 1972 1124 1987 Ὶ
1205 1974 1216 1989 7
1288 1972 1297 1986 l
1377 1972 1384 1986 ἱ
1427 1972 1439 1987 t·

903 1977 1066 2027 δεκομαι
1083 1990 1150 2014 τον
1175 1990 1321 2015 οιωνον
1343 1991 1414 2015 τον
1443 1979 1506 2015 Η-

844 2031 1132 2084 γησίστρατον]
1174 2033 1299 2081 Vulgo
1339 2030 1504 2084 ‘Hymn-

846 2084 1026 2139 στράτου,
1068 2089 1174 2124 cuius
1208 2089 1293 2124 loco
1335 2101 1424 2124 cum
1461 2091 1501 2125 iu

845 2145 1035 2182 Saucrofti
1049 2145 1142 2180 libro
1156 2151 1276 2181 exstet
1294 2140 1364 2183 τόν
1378 2143 1503 2198 ‘'Hym-

845 2201 1072 2252 σίστρατον,
1102 2201 1163 2238 vel
1182 2201 1308 2251 ipsum
1338 2200 1412 2238 hoc
1439 2216 1502 2238 re-

842 2259 936 2308 cipi,
959 2259 1020 2295 vel
1040 2265 1245 2308 utrumque
1261 2258 1344 2294 eiici
1366 2260 1502 2296 maluit

841 2314 1148 2353 Valckenaerius.
1173 2316 1269 2351 Hinc
1285 2317 1391 2352 uncis
1407 2315 1500 2355 haec

841 2373 957 2409 verba
973 2373 1122 2408 inclusit
1140 2371 1366 2409 Schaeferus
1379 2402 1388 2420 ‚
1416 2374 1500 2424 qui-

842 2430 912 2466 bus
943 2429 1123 2481 equidem
1146 2442 1234 2465 cum
1255 2436 1414 2466 recentt.
1434 2430 1498 2467 illa

841 2487 1019 2535 liberavi,
1060 2499 1148 2523 cum
1176 2485 1249 2522 loci
1278 2499 1408 2523 sensus
1429 2487 1495 2524 sit:

842 2546 978 2594 accipio
998 2543 1152 2593 equidem
1182 2555 1276 2579 omen
1296 2542 1386 2580 hunc
1414 2543 1495 2580 He-

840 2604 1066 2649 geas-istratum
1095 2600 1119 2635 i.
1143 2612 1176 2635 e.
1207 2599 1399 2636 Exercitus
1423 2600 1495 2637 da-

840 2662 982 2704 ctorem3
1005 2669 1101 2708 quae
1122 2655 1232 2693 huius
1252 2656 1416 2693 nominis
1439 2663 1494 2694 est

837 2716 904 2758 vis,
942 2713 1044 2765 quod
1064 2714 1203 2749 minori
1226 2713 1332 2750 litera
1362 2714 1495 2750 initiali

839 2770 1010 2808 ethbuit
1038 2768 1251 2810 Bekkerus.
1301 2771 1384 2808 Hoc
1402 2782 1494 2810 vero

1301 1185 1382 1236 (Ως
1413 1184 1457 1228 δὲ
1513 1196 1680 1239 Ξᾱιηίοτυμι
1705 1206 1772 1234 pre-

1514 1240 1564 1260 ces
1589 1232 1719 1262 aud1tae.
