1996 3238
592 176 942 218 URANIA.
999 180 1126 219 V111.

204 301 279 330 τεν
307 285 351 331 δὲ
381 282 677 340 ὁρμεώμενος,
715 284 872 341 ἔπεμπε
901 286 1010 331 κατὰ
1039 288 1091 332 τοὶ
1122 287 1417 345 χρηστήρια”
1387 306 1461 333 αν-

204 355 290 408 δρα
318 349 537 406 Εὐρωπέα
566 353 707 409 γένος,
738 356 800 410 τῷ
830 351 1002 410 οὕνομα
1031 351 1087 411 ἦν
1119 359 1242 408 Μῦς·
1273 357 1460 401 ἐντειλά-

1387 182 1469 223 183

204 437 331 478 μενος
359 424 554 476 πανταχῆ
582 437 659 477 μιν
686 420 957 479 χρησόμενον
986 422 1152 475 ἐλθεῖν,
1201 427 1290 467 τῶν
1319 421 1391 468 οἷοῖ
1418 441 1463 469 τε

173 483 261 544 Ξῆν
290 498 369 542 σφι
400 485 792 545 ἀποπειρήσασθαι.

850 488 876 533 ὅ
905 506 946 533 τι
982 489 1061 544 μὲν
1095 490 1364 545 βουλόμενος
1394 492 1462 536 ἐκ-

200 554 498 611 μαθέεινπρὸς
525 560 614 600 τῶν
631 558 906 614 χρηστηρίων
926 561 1063 601 ταῦτα
1089 558 1342 612 ἐνετέλλετο,
1377 560 1462 604 οὐκ

199 621 280 678 ἔχω
311 621 500 679 φράσαι·
540 623 594 669 οὐ
623 624 709 682 γοὶρ
739 621 804 671 ὦν
841 627 1030 683 λέγεται·
1069 626 1208 670 δοκέω
1245 623 1290 669 δ’
1331 627 1464 682 ἔγωγε

197 690 295 746 περὶ
335 693 425 735 τῶν
458 694 710 751 παρεόντων
746 692 1039 753 πρηγμάτων,
1086 694 1160 738 καὶ
1197 691 1280 737 οὐκ
1319 692 1460 738 ἄλλων

138 900 285 939 θεῦτεν
308 894 572 951 ὁρμειόμενος,
593 897 795 951 Schweig-

136 953 321 993 haeusero
340 955 465 993 iudice
479 957 520 992 in
538 957 635 994 Lex.
651 956 793 995 Herod.

135 1025 216 1050 non
246 1019 325 1050 tam
353 1013 507 1051 valent:
543 1013 628 1050 inde
656 1026 794 1051 movens

135 1082 165 1109 s.
190 1069 270 1106 inde
299 1082 405 1119 quum
423 1071 621 1107 institueret
647 1082 791 1120 movere,

135 1138 253 1178 quam
267 1127 457 1177 scriptoris
478 1127 704 1163 sententiam
726 1126 796 1164 de.-

133 1183 278 1220 clarant
298 1181 478 1220 dicentis:
506 1183 616 1231 „dum
628 1186 667 1221 ιή
682 1183 796 1222 Thes-

132 1239 227 1277 salia
250 1239 436 1289 hiemabat,
457 1239 568 1277 inde
583 1238 650 1292 (ex
670 1239 795 1278 Thes-

130 1296 241 1347 salia)
252 1296 410 1346 legatum
435 1297 570 1334 mzkitfl
598 1297 793 1350 Equidem

130 1366 200 1391 cur
230 1366 251 1390 a
281 1354 436 1404 vulgata
474 1352 652 1391 recedam
675 1355 794 1392 inter-

127 1411 354 1461 pretatione,
370 1409 467 1447 nihil
486 1408 611 1448 habeo
642 1424 791 1453 causae.

128 1469 187 1504 Ac
211 1468 334 1517 magis
356 1465 432 1504 huc
464 1468 626 1517 pertinet
650 1469 719 1518 ΙΧ,
745 1471 789 1509 1:

129 1521 327 1575 ὁρμηθεὶς
369 1522 413 1564 ἐκ
448 1524 686 1576 Θεσσαλίης,
718 1518 791 1577 ἥγε

127 1577 203 1631 τήν
246 1577 435 1630 στρατιην
462 1595 500 1619 κ.
530 1595 565 1620 τ.
598 1583 645 1630 λ.,
683 1580 790 1634 quod

126 1637 214 1674 Gail
245 1634 316 1689 (Le
341 1635 525 1687 philolog.
553 1638 663 1689 IVp.
685 1638 787 1689 335)

126 1693 223 1732 bene
251 1693 395 1731 reddit:
447 1695 514 1742 „s’
539 1695 637 1732 etant
653 1708 719 1733 mzs
744 1708 787 1733 en

124 1754 344 1789 mouvement.
349 1751 373 1771 ‘⁶
429 1749 530 1788 Add.
550 1753 620 1801 IX,
643 1754 693 1793 31
716 1751 786 1791 fin.

125 1809 210 1848 coll.
228 1807 296 1848 52-

181 1861 308 1915 ἄνδρα
324 1857 525 1916 Ευρωπέα
549 1860 686 1917 γένος]
698 1863 785 1902 Ea-

124 1932 277 1970 ropenszs
300 1920 371 1957 fuit
389 1933 551 1970 genere,
581 1921 607 1958 i.
628 1934 662 1958 e.
692 1922 783 1959 civis

124 1975 278 2027 Europi‚
308 1989 406 2028 quae
425 1977 456 2014 si
476 1975 610 2014 eadem
633 1978 704 2014 fuit
723 1985 784 2015 at-

126 2045 202 2084 que
224 2032 415 2081 Euromus,
456 2033 588 2070 cariae
622 2032 783 2072 habetur

123 2090 225 2137 urbs,
254 2096 348 2126 teste
371 2088 567 2140 Stephano
582 2091 676 2142 Byz.
697 2103 727 2127 s.
742 2104 781 2130 v.

122 2159 162 2197 p,
187 2149 280 2194 363,
312 2147 482 2197 Etymol.
504 2148 555 2183 M.
586 2160 626 2197 p.
649 2148 728 2187 397
752 2160 781 2184 s.

123 2205 219 2243 360.
276 2203 376 2239 Hinc
397 2202 591 2240 Euromum
608 2209 646 2239 et
657 2202 784 2240 Euro-

121 2271 251 2297 menses
289 2258 404 2296 habet
436 2260 565 2297 Livius
599 2260 783 2310 XXXIII,

122 2318 176 2356 30
198 2323 234 2354 et
252 2317 418 2364 XXXII,
438 2318 507 2357 23.
563 2317 625 2353 Ex
657 2318 784 2354 Hero-

122 2371 213 2410 doto
239 2380 369 2410 autem
396 2385 464 2410 sua
483 2371 597 2410 habet
616 2374 782 2414 Pausan.

122 2429 191 2476 IX,
217 2431 267 2469 13
291 2431 329 2476 ξ.
354 2432 394 2470 3.
454 2431 513 2466 De
542 2430 694 2482 reliquis
730 2432 783 2468 ita

132 2485 461 2524 Valckenaer.:
515 2488 725 2523 Hominem
760 2502 782 2525 e

122 2541 231 2579 Caria
252 2556 319 2580 cur
337 2544 453 2579 Persa
467 2543 611 2580 miserit
624 2543 782 2582 Mardo-

121 2600 207 2636 nius
228 2598 276 2636 ad
297 2600 448 2637 oracula
459 2601 706 2648 Graecorum,
726 2602 782 2638 illi

122 2667 201 2692 non
223 2657 291 2693 erit
318 2657 534 2704 obscurum,
567 2658 633 2708 qui
667 2658 781 2695 Cares

120 2711 233 2750 fuisse
241 2714 388 2751 noverit
402 2713 607 2750 minimum
616 2712 783 2765 ὃιγλῶσ-

122 2778 238 2816 σουςε
269 2771 414 2808 Graece
434 2770 687 2822 intelligentes
701 2785 781 2810 non

848 906 1012 949 tantum,
1031 898 1098 938 sed
1119 900 1233 937 etiam
1245 900 1368 936 Persis
1390 900 1513 936 Grae-

850 970 894 995 ca
909 958 1210 1008 interpretantes.
1264 955 1381 1007 Apud
1398 955 1513 994 Thu-

850 1013 980 1066 cydid.
1000 1015 1102 1062 VIII,
1122 1012 1175 1054 85
1198 1013 1387 1063 Spartano
1407 1014 1512 1050 Min-

850 1070 943 1109 daro
976 1068 1250 1122 Tissaphernes
1284 1069 1513 1121 ξυνέπεμψε

849 1124 1099 1180 πρεσβευτην
1134 1141 1216 1166 των
1239 1122 1331 1179 παρ’
1354 1125 1512 1176 ἑαυτοῦ,

854 1184 1074 1236 Γαυλείτην
1121 1179 1264 1234 ὄνομα,
1299 1185 1418 1235 Κᾶρα
1450 1182 1513 1223 δί-

848 1244 1044 1293 γλωσσον.
1103 1241 1203 1277 Cum
1224 1241 1378 1277 Graecis
1400 1239 1511 1277 duci-

848 1298 919 1335 bus
944 1310 1060 1348 agens
1076 1297 1196 1349 Cyrus
1211 1298 1338 1333 minor
1353 1297 1510 1334 Caribus

847 1356 968 1392 utitur
1000 1354 1267 1405 interpretibus
1299 1355 1340 1389 in
1379 1355 1511 1391 Xeno-

847 1409 1001 1463 phontis
1046 1411 1213 1447 Anabasi
1257 1411 1311 1458 [1,
1347 1412 1387 1460 2,
1430 1410 1508 1460 17]

848 1480 1048 1520 quumque
1066 1467 1302 1505 ventitabant
1316 1467 1356 1502 in
1377 1469 1506 1503 aulam

846 1525 1042 1562 Persicam
1075 1524 1222 1570 Graeci,
1250 1523 1343 1560 tales
1372 1530 1409 1561 et
1428 1524 1507 1560 illie

844 1580 1062 1619 habuerunt
1103 1582 1340 1631 interpretes.
1420 1578 1507 1618 Vid.

842 1639 995 1676 Aelian.
1015 1638 1061 1675 V.
1081 1639 1130 1677 H.
1160 1638 1190 1685 Ι,
1211 1639 1280 1678 21.
1282 1637 1307 1657 “

898 1710 980 1735 των
991 1689 1057 1735 οἷα
1067 1709 1108 1734 τε
1127 1687 1180 1746 ἦν
1193 1704 1266 1743 σφι
1279 1686 1505 1745 αποπειρή-

842 1750 1040 1802 σασθαι]”
1029 1765 1055 1790 1.
1076 1765 1110 1790 e.
1124 1753 1184 1789 cui
1197 1750 1503 1798 mandatumerat,

840 1812 882 1847 ut
903 1810 1022 1847 ubivis
1050 1810 1116 1846 iret
1146 1809 1394 1845 sciscitaturus
1416 1819 1504 1844 ora-

840 1865 937 1914 cula,
969 1878 1058 1917 qaae
1085 1867 1125 1903 in
1149 1867 1303 1915 ipsorum
1324 1862 1502 1901 commoda

840 1924 885 1970 (i.
907 1937 940 1961 e.
963 1923 1034 1960 sibi
1049 1922 1201 1973 suisque
1220 1921 1357 1968 Persis)
1379 1919 1503 1969 explo-

837 1992 920 2017 rare
938 1982 1066 2030 posset.
1125 1979 1250 2028 Supra
1270 1979 1300 2015 I.
1323 1975 1375 2016 46
1397 1990 1500 2016 απο-

837 2037 1055 2088 πειρασθαι
1068 2049 1150 2073 των
1172 2034 1389 2084 μαντηῖων,
1412 2033 1501 2069 coll.

836 2093 902 2139 III,
931 2093 1024 2131 119.
1082 2091 1157 2126 Pro
1185 2101 1277 2139 σφι,
1314 2088 1418 2139 quod
1439 2095 1499 2124 et-

835 2148 914 2184 iam
940 2144 1215 2185 Valckenaerio
1238 2146 1365 2181 minus
1390 2156 1500 2181 com-

836 2202 1000 2242 modum
1020 2202 1231 2250 videbatur,
1251 2201 1419 2238 Koenius
1435 2213 1498 2237 re-

840 2261 953 2299 scribi
980 2260 1062 2298 vult
1090 2259 1151 2304 οἵ,
1186 2258 1371 2309 probante
1400 2259 1499 2294 Lar-

839 2317 978 2366 cher03
1009 2316 1189 2366 Stegerus
1211 2313 1394 2366 (Ephem.
1417 2315 1498 2355 Ien,

840 2376 950 2416 1828
968 2386 1027 2412 ur.
1054 2375 1130 2414 186
1160 2386 1196 2423 p.
1217 2370 1286 2420 46)
1319 2372 1500 2408 reiecerat

839 2443 936 2481 σφετ
976 2428 1081 2482 quod
1119 2435 1325 2479 utrumque
1358 2428 1496 2464 merito

837 2487 1009 2538 displicet
1018 2486 1164 2524 censori
1173 2484 1357 2536 Lipsiensi
1369 2484 1495 2532 (1833

835 2558 924 2597 pag.
914 2542 1024 2594 .47),
1046 2556 1067 2579 e
1088 2543 1192 2578 cuius
1212 2542 1397 2578 sententia
1422 2551 1497 2589 σφι

836 2599 886 2639 ad
918 2599 1162 2637 Mardonium
1191 2611 1354 2650 suosque
1385 2596 1438 2643 (i.
1460 2610 1496 2638 e.

835 2657 998 2704 Persas),
1027 2656 1066 2692 in
1096 2656 1316 2692 universum
1336 2660 1461 2705 specte·
1455 2660 1492 2690 ..t

836 2717 923 2752 Non
944 2714 1050 2750 aliter
1069 2713 1138 2760 IX,
1164 2714 1213 2752 13
1231 2711 1298 2749 fin.
1315 2709 1361 2759 (ο
1379 2711 1493 2760 Μαρ-

836 2766 1003 2820 δόνιος)
1033 2765 1224 2822 ἐξήλαυνε
1240 2790 1294 2796 -
1307 2763 1406 2807 ὥστε
1424 2764 1492 2806 καὶ

1520 284 1679 317 Mardonia
1690 296 1795 317 oracu-

1586 323 1798 358 adhibitusque

1471 323 1559 400 30³5
1575 356 1651 384 hauc
1669 365 1731 383 rem

1515 391 1586 426 Mys
1594 392 1716 419 natione
1725 389 1796 418 Car.
