1879 3222
478 177 561 216 230

874 165 1327 206 HERODOTI

481 282 535 326 οὐ
564 255 868 336 συνεσέβαλον·
904 275 1103 332 ἐμήδιζον
1122 273 1205 330 γάρ
1227 274 1279 329 δὴ
1311 271 1483 328 σφόδρα
1504 270 1577 313 καὶ
1606 264 1728 313 οὗτοι

484 346 566 392 οὐκ
597 347 784 398 ἑκόντες,
824 344 923 389 ἀλλ’
954 342 1033 387 ὑπ’
1066 342 1312 397 ἀναγκαίης.

1372 339 1556 395 ἡμέρῃσι
1597 337 1642 380 δὲ
1672 337 1725 380 οὐ

484 421 668 472 πολλῇσι
703 412 807 469 μετὰ
845 412 924 468 τήν
955 412 1099 462 ἄπιξιν
1138 409 1217 465 τήν
1259 409 1301 459 ἐς
1345 406 1490 462 Θήβας
1530 405 1729 458 ὕστερον,

485 481 626 540 ἦλθον
656 480 803 525 αὐτῶν
833 478 1002 523 ὁπλῖται
1033 479 1180 532 χίλιοι·
1210 473 1285 531 ἦγε
1317 476 1362 518 δὲ
1396 474 1554 524 αὐτούς
1579 473 1783 528 Ἀρμο-7ο

457 552 644 608 3κύδης,
681 549 792 605 ἀνὴρ
823 553 910 590 τῶν
940 546 1084 590 α’στῶν
1114 543 1420 598 δοκιμώτατος.
1460 542 1549 586 ἐπεὶ
1580 541 1624 585 δὲ
1641 541 1736 584 ἀπί-

486 636 593 664 κατο
637 619 710 662 καὶ
753 614 876 659 οὗτοι
916 616 956 665 ἐς
992 612 1160 668 Θήβας,
1205 612 1372 665 πέμψας
1409 609 1432 653 ὁ
1468 608 1730 663 Μαρδόνιος

488 689 664 738 ἷππέας,
705 683 898 727 ἐκέλευσέ
936 694 1071 736 σφεας
1101 679 1167 722 ἐπ’
1210 678 1382 722 ἑωυτῶν
1422 678 1469 720 ἐν
1503 681 1562 733 τῷ
1599 679 1731 734 πεδίῳ

460 759 481 795 4
491 757 667 808 ἵζεσθαι.

488 824 616 872 ἵππος
646 822 805 863 ἅπασα.

726 752 816 795 ἐπεὶ
847 751 892 793 δὲ
923 750 1130 803 ἐποίησαν
1159 750 1318 798 ταῦτα,
1351 745 1505 788 αὐτίκα
1534 750 1680 801 παρῆν
1708 743 1736 800 ἡ

863 817 967 873 μετὰ
989 816 1034 859 δὲ
1063 818 1219 866 ταῦτα,
1251 816 1445 870 διεξῆλθε
1463 813 1540 868 μὲν
1560 813 1732 865 διάζτοῦ
1743 816 1789 852 75

490 889 785 942 στρατοπέδου
807 887 886 928 τοῦ
900 883 1155 939 Ἑλληνικοῦ
1173 886 1253 926 τοῦ
1282 881 1386 938 μετὰ
1407 880 1575 937 Μήδων
1596 880 1743 932 ἐόντος

492 956 635 1010 φήμη,
672 954 731 1005 ὦς
768 957 1040 997 κατακοντιεῖ
1078 952 1229 1006 σφέας·
1266 951 1462 1004 διεξῆλθε
1492 949 1538 992 δὲ
1568 947 1626 992 δι’
1650 945 1738 992 ἀὐ-

463 1027 583 1067 5τῶν
618 1022 803 1065 Φωκέων
831 1020 970 1064 τώυτό
1003 1023 1143 1064 τοῦτο.

1189 1018 1330 1060 ’Ένθα
1369 1016 1422 1073 δή
1454 1029 1531 1072 σφι
1561 1014 1584 1059 ὁ
1616 1027 1743 1071 στρα-

489 1088 905 1147 τηγόςἎρμοκύδης
933 1090 1159 1142 παραίνεε,
1190 1087 1326 1141 λέγων
1354 1083 1520 1128 τοιάδε·
1553 1078 1744 1136 „³52an-

489 1159 640 1213 ,,κέες,
681 1157 876 1214 πρόδηλα
905 1159 985 1212 γάρ
1019 1157 1084 1199 ὅτι
1123 1155 1254 1211 ἡμέας
1285 1155 1408 1197 οὑτοι
1438 1169 1479 1195 οι
1511 1151 1744 1205 ἄνθρωποι

492 1225 725 1282 ,μέλλουσι
759 1224 964 1283 προόπτῳ
1005 1222 1182 1282 θανάτῳ
1225 1221 1402 1270 δώσειν,
1456 1218 1798 1299 διαβεβῗλημέ-ὃο

492 1309 628 1346 ,,νους
656 1291 745 1335 ὑπὸ
778 1296 1035 1344 Θεσσαλῶν,
1070 1291 1127 1341 ὠς
1153 1290 1235 1346 ἐγώ
1267 1289 1441 1341 εἶκαζω·
1470 1292 1553 1330 νῦν
1582 1288 1644 1329 ὠν
1674 1285 1746 1328 α’ν-

495 1361 610 1414 ,,δρα
646 1376 788 1402 παντα
817 1360 913 1403 τινὰ
942 1359 1086 1415 ὑμέων
1115 1357 1242 1414 χρεόν
1283 1357 1371 1400 ἐστι
1408 1355 1610 1411 γενέσθαι
1649 1351 1753 1408 α’γα-

494 1426 640 1480 ,,θόν·γ
666 1428 852 1482 κρέσσον
880 1428 989 1485 γὰρ,
1021 1425 1253 1477 ποιεῦντάς
1273 1441 1314 1468 τι
1342 1425 1416 1468 καὶ
1445 1420 1754 1480 ἀμυνομένους
1796 1440 1798 1442 ·

442 1590 557 1638 renti,
608 1597 813 1642 utrumque
832 1591 911 1628 sive
940 1586 1098 1640 σφόδρα

441 1646 518 1682 sive
539 1643 714 1697 μεγάλως
746 1648 777 1683 si
797 1647 941 1683 abesset
957 1675 966 1692 ,
994 1646 1099 1681 nulla

443 1715 634 1752 superesse
681 1700 830 1739 videtur
882 1701 1098 1738 difficultas.

443 1757 633 1808 Equidem
645 1759 768 1795 invitis
779 1759 877 1795 libris
890 1757 1100 1810 quidquam

445 1815 578 1851 eiicere
599 1815 726 1862 uolui3
757 1814 849 1851 haec
871 1816 973 1851 enim
994 1813 1102 1852 vide-

445 1877 507 1907 tur
518 1871 592 1907 loci
602 1873 806 1908 sententia:
830 1872 932 1909 Solos
949 1871 1104 1909 Phocen—

446 1941 498 1964 ses
517 1931 644 1964 narrat
660 1941 726 1964 ηοη
745 1942 816 1965 una
836 1931 952 1978 copias
972 1931 1104 1966 misisse

448 1981 513 2035 (ad
554 1982 743 2020 Mardonii
777 1984 937 2035 castra)3
981 1987 1105 2035 quippe

447 2043 509 2090 qui
529 2044 562 2077 et
580 2042 650 2090 ipsi
667 2044 802 2077 strenue
816 2040 1004 2078 Persarum
1016 2054 1105 2091 par-

446 2100 497 2134 tes
517 2096 670 2147 amplexi
687 2101 808 2145 essent,
833 2112 898 2135 non
920 2103 992 2136 tam
1010 2097 1104 2134 ultro

448 2166 552 2204 quam
593 2156 797 2191 necessitate
843 2159 977 2202 coacti3
1018 2168 1108 2192 cum

451 2209 529 2247 scil.
551 2210 720 2259 ipsorum
743 2216 841 2246 terra
875 2224 897 2247 a
917 2212 1038 2248 Persis
1058 2213 1109 2248 ita

452 2271 548 2302 esset
568 2264 800 2302 circumdata
816 2295 826 2313 ,
847 2274 889 2303 ut
909 2269 1111 2304 Persarum

450 2323 689 2369 societatem,
735 2322 852 2359 modo
900 2325 1111 2374 periculum

451 2379 656 2416 imminens
677 2377 844 2429 effugere
865 2381 1016 2427 vellent,
1043 2380 1113 2417 de-

455 2442 612 2473 trectare
635 2433 739 2472 haud
767 2443 931 2486 possent.
973 2438 1112 2487 Stege-

455 2505 518 2529 rus
537 2492 715 2530 voculam
726 2489 881 2543 σφόδρα
902 2500 986 2544 post
1007 2489 1117 2532 ὅσοι·

456 2561 529 2598 περ
556 2549 750 2599 transponi
770 2550 851 2587 vult
866 2578 876 2597 ‚
909 2548 1012 2600 quod
1033 2562 1117 2585 me-

459 2604 529 2639 rito
578 2606 695 2642 reiicit
743 2619 876 2643 censor
914 2607 1117 2656 Lipsiensis

464 2660 569 2699 1833
591 2673 675 2711 pag.
697 2660 763 2702 49.
785 2682 838 2690 —
859 2664 903 2699 In
920 2676 1027 2715 seqq.
1050 2661 1119 2700 de-

464 2712 503 2751 di
522 2728 542 2751 e
564 2718 781 2757 melioribus
813 2717 924 2757 codd.
949 2716 1117 2760 ἀπίκατο

1153 1601 1222 1639 pro
1244 1582 1430 1626 ἀπικέατο
1452 1588 1533 1640 (qui
1562 1589 1718 1625 aoristus
1740 1588 1810 1632 est)

1156 1643 1257 1694 apud
1278 1643 1469 1680 Schaefer.
1495 1651 1531 1680 et
1545 1643 1782 1684 Bekkerum.

1211 1711 1336 1746 σφεας
1347 1694 1405 1738 ἐπ’
1425 1698 1599 1748 ἑωυτῶν]
1623 1701 1813 1742 Vidmott.

1157 1754 1205 1792 ad
1223 1756 1298 1802 IV,
1327 1755 1418 1796 114.
1439 1758 1507 1805 IX,
1538 1761 1602 1798 37.
1618 1781 1674 1786 —
1695 1759 1815 1795 Paulo

1157 1813 1311 1849 iuferius
1331 1813 1446 1849 verba
1471 1828 1660 1868 προοπτῳ
1680 1810 1816 1853 θανά-

1157 1885 1211 1924 τῳ
1235 1872 1275 1916 (i.
1298 1883 1332 1906 e.
1359 1870 1551 1920 manifesta
1583 1869 1704 1922 morte)
1728 1870 1817 1907 hinc

1159 1925 1274 1964 habet
1295 1925 1432 1964 Suidas
1449 1939 1474 1962 S.
1497 1941 1535 1968 v.
1556 1923 1742 1981 προόπτῳ
1763 1928 1818 1963 ΠΙ

1159 1996 1247 2034 pag.
1283 1985 1374 2023 191.
1416 1982 1627 2035 Hesychius
1659 1985 1695 2020 11
1728 1995 1815 2035 pag.

1165 2042 1266 2080 1061
1310 2041 1541 2090 προῦπτον·
1593 2035 1816 2090 πρόδηλον·

1161 2092 1352 2146 φανερόν
1383 2097 1468 2132 coll.
1510 2097 1547 2132 Π
1585 2098 1817 2146 pag.1037

1164 2148 1386 2203 πρόονττον’
1430 2151 1646 2202 προφανές.
1704 2152 1821 2188 Plura

1165 2207 1380 2248 Blomfield
1407 2209 1444 2244 iu
1468 2209 1630 2246 Glossar.
1665 2208 1713 2246 ad
1741 2209 1823 2245 Ae-

1165 2264 1285 2315 schyl.
1321 2264 1362 2301 S.
1393 2278 1424 2303 c.
1447 2265 1524 2305 Th.
1558 2266 1721 2308 84&-
1759 2263 1823 2302 Ad

1165 2322 1326 2359 verbum
1362 2321 1693 2374 διαβεβλημένους
1723 2323 1823 2362 conf.

1167 2379 1218 2415 IV
1235 2406 1246 2426 ‚
1270 2376 1322 2417 46
1343 2378 1433 2430 ibiq.
1452 2381 1530 2417 citt.

1226 2431 1394 2485 κρέσσον
1414 2431 1508 2486 γὰρ,
1543 2437 1755 2480 ποιεῦντας
1785 2448 1824 2473 κ.

1171 2507 1203 2530 τ.
1227 2491 1277 2538 λ.]
1309 2493 1412 2528 Haec
1434 2491 1570 2529 Suidas
1586 2491 1693 2527 affert
1713 2492 1765 2526 111
1783 2504 1824 2541 p.

1171 2548 1224 2589 47
1253 2548 1322 2584 sub
1368 2560 1452 2584 voc.
1481 2545 1740 2598 παρέχοντας,
1776 2546 1824 2583 ad

1173 2602 1276 2656 quod
1297 2605 1532 2654 participium
1568 2610 1694 2639 mente
1714 2602 1825 2640 adiici

1172 2667 1296 2712 potest
1315 2657 1477 2700 ἑωυτόν.
1524 2660 1649 2697 Satius
1669 2666 1724 2697 est
1743 2672 1826 2699 mo-

1173 2719 1225 2766 ri,
1246 2717 1319 2765 ait,
1348 2729 1463 2769 quam
1483 2723 1524 2754 ut
1543 2723 1691 2754 nosmet
1716 2729 1826 2768 prae-
