1847 3272
338 190 367 227 8
735 185 1192 224 HERODOTI

339 295 548 346 Ὠκύτου,
580 294 820 348 Κορίνθιος
848 292 1104 348 στρατηγὸς,
1134 297 1223 336 τῶν
1244 297 1411 337 λοιπῶν
1438 291 1587 348 ἤσπαι-

343 379 390 418 ρε
437 365 621 418 μοῦνος,
674 361 866 417 φάμενος
915 359 1250 404 ἆποπλώσεσθαί
1292 377 1337 405 τε
1375 359 1459 403 ἀπὸ
1509 365 1589 404 τοῦ

333 429 603 483 Ἀρτεμισίου
641 428 715 471 καὶ
754 427 809 472 ου’
846 427 1151 482 παραμενέειν,
1191 427 1300 479 πρὸς
1340 427 1392 484 δὴ
1431 431 1646 470 τοῦτον60

312 495 438 541 Βεῖπε
478 495 501 539 ὁ
536 496 846 552 Θεμιστοκλέης
874 495 1112 549 ἐπομόσας·
1169 493 1257 548 ,,Οὐ
1289 494 1343 538 σύ
1382 510 1429 550 γε
1459 496 1592 550 ἡμέας

341 562 632 618 „duel-sidens,
663 564 752 606 ἐπεί
780 579 848 606 τοι
871 561 959 618 ἐγώ
990 562 1099 617 μέζω
1129 563 1250 616 δῶρα
1281 561 1404 606 δώσω
1424 561 1453 618 ἢ
1473 565 1591 618 βασι-

342 630 468 684 ,,λεύς
510 631 565 673 ἂν
601 649 666 676 τοι
709 630 732 675 ὁ
771 630 941 687 Μήδων
983 630 1159 686 πέμψειε
1199 628 1456 673 ἀπολιπόντι
1488 627 1594 679 τούς

344 697 665 754 ,,συμμάχους.“
721 696 857 741 ταῦτά
899 712 943 739 τε
973 696 1062 751 ἅμα
1090 694 1290 752 ἠγόρευε,
1339 697 1412 740 καὶ
1440 695 1595 751 πέμπει

316 766 416 809 4έπὶ
447 765 524 821 τὴν
543 765 619 808 νέα
639 764 718 821 τὴν
745 763 1024 820 Ἀδειμάντου
1043 762 1228 807 τάλαντα
1249 763 1462 818 ἀργυρίου
1482 764 1651 817 τρία.65

351 829 487 876 Οὗτοί
533 848 578 876 τε
617 830 670 888 δὴ
717 832 947 888 πληγέντες
983 833 1188 888 δώροισι,
1237 830 1597 886 ἀναπεπεισμένοι

293 971 407 1007 verba
429 969 624 1022 apodosss,
654 984 772 1024 quae,
803 972 833 1009 si
855 971 947 1024 quid

294 1027 419 1074 video,
443 1040 464 1063 a
481 1029 601 1065 verbis
616 1029 782 1079 proximi
797 1031 946 1080 capitis:

295 1080 400 1122 οὕτω
422 1081 470 1134 δὴ
501 1080 735 1135 κατέμεινάν
755 1100 794 1123 τε
814 1100 850 1127 κ.
865 1100 896 1124 τ.
913 1087 949 1125 λ.

295 1139 461 1176 exordiri
482 1139 606 1177 debet.
651 1142 724 1177 Ubi
744 1142 847 1178 enim
867 1143 950 1178 Eu-

294 1195 441 1247 rybiadi
469 1203 505 1233 et
524 1204 607 1248 post
628 1199 740 1233 etiam
760 1197 950 1234 Adiman-

295 1257 348 1299 to,
372 1254 436 1304 qui
456 1254 554 1290 solus
580 1254 832 1298 renitebatur,
862 1267 950 1305 per-

294 1316 460 1345 suaserat
480 1310 553 1357 isse,
575 1313 647 1346 tum
668 1310 800 1347 demum
816 1311 950 1347 Graeci

296 1363 337 1400 in
367 1365 525 1401 Euboea
554 1373 826 1403 remanserunt.
873 1368 952 1403 lta-

299 1432 374 1471 que
418 1422 562 1472 reliqua
595 1422 710 1457 verba
738 1435 805 1473 pro
834 1424 953 1458 inter-

278 1476 403 1512 ·iectis
431 1475 606 1513 habenda
626 1484 712 1514 sunt
733 1491 800 1528 per
819 1491 955 1528 paren-

298 1530 424 1568 thesin
445 1531 563 1584 qudsi,
584 1533 685 1569 illata
705 1547 771 1584 per
791 1535 955 1592 pag-ticu-

298 1588 377 1624 lam
398 1585 495 1639 γοῖρ,
533 1602 629 1641 quae
658 1591 709 1626 ita
738 1603 890 1627 causam
911 1603 954 1627 ac

300 1646 487 1680 rationem
516 1644 705 1693 indicans,
741 1645 843 1682 haud
870 1659 955 1683 raro

301 1700 496 1737 interserta
532 1703 708 1739 orationis
741 1703 881 1740 iustum
913 1717 956 1740 ac

299 1756 516 1807 legitimum
538 1757 710 1795 ordinem
728 1760 881 1795 turbare
894 1772 958 1797 so-

304 1812 369 1850 let.
418 1813 565 1850 Eadem
594 1827 743 1864 prorsus
781 1817 874 1852 ratio
905 1822 959 1853 est

304 1868 379 1906 loci
398 1870 497 1916 VIII,
526 1873 550 1911 8
571 1871 652 1911 init.
687 1872 743 1907 De
764 1873 844 1921 ipso
865 1872 959 1909 Adi-

305 1929 426 1961 manto
447 1927 548 1962 conf.
572 1926 956 1966 Pseudo-Plutarch.

305 1981 341 2017 11
363 1994 398 2031 p.
421 1984 498 2022 871
532 1982 576 2019 A.
600 1989 634 2018 et
654 1984 841 2020 Analectt.
870 1991 959 2022 vett.

307 2044 424 2087 poett.
446 2038 601 2076 Graece.
622 2039 640 2073 1
659 2053 696 2089 p.
717 2041 792 2080 133
814 2052 872 2076 nr.
892 2040 959 2086 41,

307 2093 374 2128 ubi
404 2092 638 2143 epitaphium
668 2096 745 2132 eius
774 2096 910 2146 legitur
939 2108 961 2132 a

308 2148 507 2186 Simonide
528 2151 796 2200 conscriptum.

368 2204 590 2254 Κορίνθιος
620 2202 849 2257 στρατηγός]
884 2207 963 2242 Re-

311 2261 443 2297 vocavi
464 2273 551 2296 cum
564 2260 781 2311 Schweigh.
798 2269 834 2298 et
845 2262 961 2300 Gaisf.

314 2317 535 2365 Κορίνθιος
566 2330 600 2353 e.
628 2317 737 2355 codd.
765 2330 962 2365 consensu,

314 2379 355 2408 ut
385 2373 482 2419 Vm,
516 2372 570 2411 94
597 2374 681 2410 init.
733 2375 824 2411 Sine
854 2387 963 2410 causa

316 2426 508 2465 Schaefer.
524 2457 534 2475 ,
592 2442 707 2480 quem
756 2437 965 2481 sequuntur

316 2482 449 2520 Matth.
471 2491 505 2520 et
522 2483 699 2532 Bekker„
720 2487 963 2536 Κορινθίων.

316 2541 394 2576 Nec
410 2540 515 2575 aliter
530 2541 633 2577 Valla
650 2543 841 2592 expressit.
869 2544 964 2579 Ver-

319 2597 366 2632 ba
386 2597 558 2645 proxime
579 2599 774 2648 sequentia
794 2600 872 2636 τῶν
887 2601 964 2637 λοι-

318 2653 408 2691 πῶν
428 2652 466 2687 in
488 2653 654 2702 pluribus
682 2653 793 2691 codd.
816 2653 963 2693 desunt.

373 2704 560 2759 ἤσπαιρε]
590 2708 709 2746 Affert
726 2709 860 2747 Suidas
878 2725 908 2750 s,
927 2724 965 2748 v.

319 2764 335 2799 1
355 2775 441 2815 pag.
466 2766 513 2804 81
538 2765 704 2818 itemque
724 2766 892 2807 Eustath.
916 2766 964 2805 ad

1002 973 1045 1010 ll.
1069 985 1155 1023 pag.
1177 971 1273 1018 410,
1293 970 1346 1012 34
1365 985 1393 1009 s-
1415 972 1508 1019 326,
1530 969 1568 1018 4,
1589 971 1654 1008 ubi

1004 1024 1214 1079 οἷσπαίρειν
1254 1029 1520 1079 interpretatur
1555 1042 1654 1077 προ-

1003 1089 1239 1135 θυμεῖσθαι.
1270 1085 1318 1120 Et
1343 1084 1474 1121 confer
1503 1096 1656 1136 quoque

1003 1140 1293 1178 Pseudo-Plut.
1314 1141 1349 1176 11
1386 1152 1474 1191 pag.
1497 1142 1576 1180 327
1613 1140 1657 1178 C.

1005 1195 1385 1247 Schweighaeuserus
1425 1209 1514 1233 cum
1541 1197 1657 1234 Porto

1006 1261 1042 1290 et
1081 1254 1334 1303 NVesselingio
1370 1254 1656 1303 interpretatur:

1001 1323 1088 1361 prae
1102 1313 1192 1346 metu
1210 1309 1426 1359 palpitabat,
1445 1308 1659 1359 trepidabat.

1007 1365 1199 1417 Equidem
1219 1367 1351 1402 malim
1380 1377 1469 1402 cum
1497 1365 1604 1401 Valla
1622 1371 1660 1402 et

1008 1421 1306 1459 Valckeuaerio:
1329 1421 1580 1467 reluctabatur,
1599 1421 1661 1458 ob·-

1010 1478 1224 1524 ἰιιοΐαόαΐιιτ,
1244 1485 1286 1514 ut
1310 1479 1379 1524 IX,
1395 1478 1486 1517 119.
1505 1476 1661 1514 Aristid.

1009 1536 1026 1570 1
1046 1548 1084 1584 p.
1108 1535 1186 1574 356
1207 1546 1235 1570 S.
1257 1533 1336 1573 545
1357 1531 1471 1569 Diud.
1519 1534 1662 1570 Probat

1009 1588 1225 1630 Blomfield,
1254 1590 1293 1625 in
1325 1590 1485 1626 Glossar.
1515 1588 1564 1625 ad
1583 1591 1662 1626 Ae—

1011 1646 1130 1696 schyl.
1151 1647 1254 1683 Pers.
1278 1647 1370 1693 970,
1402 1645 1468 1681 ubi
1491 1644 1567 1684 vid.
1616 1646 1662 1682 Iu

1012 1715 1128 1754 quam
1148 1703 1373 1739 seutentiam
1394 1702 1508 1738 etiam
1532 1703 1664 1753 Negris

1012 1761 1277 1809 interpretatur
1310 1754 1562 1809 ἠναντιοῦτο.
1618 1760 1665 1795 In

1013 1828 1118 1867 seqq.
1143 1827 1211 1865 pro
1238 1809 1551 1853 ἆποπλιόσεσθαι
1574 1815 1664 1852 Flo-

1015 1873 1184 1908 rentiuus
1229 1871 1368 1923 aliique
1416 1866 1666 1911 οἷπ)πλεύσε-·

1016 1932 1127 1967 σθαι.

1070 1979 1193 2022 ταῦτά
1220 1995 1268 2021 τε
1284 1978 1365 2032 ἅμα
1384 1977 1556 2033 ἠγόρευε,
1580 1981 1666 2022 καὶ

1014 2037 1173 2090 πέμπει]
1216 2040 1273 2074 De
1301 2052 1371 2075 usu
1397 2039 1667 2088 particularum

1016 2093 1198 2134 ‘ce—nai
1219 2094 1296 2129 dixi
1316 2094 1364 2130 ad
1383 2095 1448 2140 111,
1473 2094 1562 2133 135.

1077 2144 1197 2189 Οὗτοί
1220 2163 1260 2186 τε
1280 2145 1329 2198 δή
1359 2147 1567 2202 πληγέντες
1588 2145 1666 2189 δώ-

1018 2206 1140 2255 ροισι]
1204 2203 1313 2249 Quod
1350 2218 1418 2255 pro
1457 2204 1667 2257 πληγέντες

1016 2261 1251 2298 Florentiuus
1281 2273 1369 2297 cum
1397 2268 1558 2313 quatuor
1588 2263 1667 2300 aliis

1017 2316 1130 2358 codd,
1159 2315 1271 2353 habet
1298 2313 1454 2365 πάντες,
1483 2317 1522 2354 id
1551 2331 1600 2355 ex
1618 2319 1667 2355 li-

1016 2375 1240 2420 brariorum,
1297 2375 1432 2425 quibus
1469 2375 1668 2424 vulgatum

1019 2430 1146 2467 durius
1176 2431 1318 2477 visum,
1342 2431 1496 2480 ingenio
1523 2429 1667 2468 derivat

1018 2487 1304 2536 X‘Vesselingius,
1320 2499 1541 2537 comparans
1556 2485 1666 2524 The-

1018 2544 1131 2580 mistii
1151 2543 1278 2579 locum
1298 2544 1396 2580 Orat.
1417 2544 1451 2579 11
1471 2556 1510 2594 p.
1530 2545 1582 2583 26
1602 2545 1663 2591 Α.,

1020 2600 1084 2635 ubi
1132 2599 1290 2649 legimus
1347 2596 1551 2645 ταλάντοις
1593 2594 1667 2639 ουίι

1021 2654 1161 2705 ἔτρωσε
1202 2649 1288 2694 οὐδ’
1323 2653 1488 2705 ἔκαμψε.
1544 2656 1667 2706 Magis

1013 2710 1096 2753 June
1128 2711 1214 2747 facit
1243 2709 1435 2748 Plutarch.
1469 2709 1667 2749 Demosth.

1022 2767 1074 2808 25
1095 2780 1131 2818 p.
1154 2767 1233 2809 857
1255 2768 1301 2806 D.
1337 2767 1560 2820 πληγεὶς
1586 2763 1668 2807 ὖπό
