<?xml version="1.0" encoding="UTF-8"?>
<!DOCTYPE html PUBLIC "-//W3C//DTD XHTML 1.0 Transitional//EN"
    "http://www.w3.org/TR/xhtml1/DTD/xhtml1-transitional.dtd">
<html xmlns="http://www.w3.org/1999/xhtml" xml:lang="en" lang="en">
 <head>
  <title>
</title>
<meta http-equiv="Content-Type" content="text/html;charset=utf-8" />
  <meta name='ocr-system' content='tesseract 3.04.00' />
  <meta name='ocr-capabilities' content='ocr_page ocr_carea ocr_par ocr_line ocrx_word'/>
</head>
<body>
  <div class='ocr_page' id='page_1' title='image "./musaeherodoto04hero/musaeherodoto04hero_0461.png"; bbox 0 0 1879 3222; ppageno 0'>
   <div class='ocr_carea' id='block_1_1' title="bbox 0 0 17 415">
    <p class='ocr_par' dir='ltr' id='par_1_1' title="bbox 0 0 17 415">
     <span class='ocr_line' id='line_1_1' title="bbox 0 0 17 415; baseline 0 2807"><span class='ocrx_word' id='word_1_1' title='bbox 0 0 17 415; x_wconf 95' lang='lat' dir='ltr'><strong> </strong></span> 
     </span>
    </p>
   </div>
   <div class='ocr_carea' id='block_1_2' title="bbox 617 191 1058 234">
    <p class='ocr_par' dir='ltr' id='par_1_2' title="bbox 617 191 1058 234">
     <span class='ocr_line' id='line_1_2' title="bbox 617 191 1058 234; baseline 0.014 -7"><span class='ocrx_word' id='word_1_2' title='bbox 617 191 647 228; x_wconf 92' lang='lat' dir='ltr'><strong>I.</strong></span> <span class='ocrx_word' id='word_1_3' title='bbox 676 192 834 229; x_wconf 90' lang='lat' dir='ltr'><strong>INDEX</strong></span> <span class='ocrx_word' id='word_1_4' title='bbox 865 194 1058 234; x_wconf 88' lang='lat' dir='ltr'><strong>RERUM.</strong></span> 
     </span>
    </p>
   </div>
   <div class='ocr_carea' id='block_1_3' title="bbox 69 296 812 1643">
    <p class='ocr_par' dir='ltr' id='par_1_3' title="bbox 131 296 812 894">
     <span class='ocr_line' id='line_1_3' title="bbox 147 296 812 344; baseline 0.005 -13"><span class='ocrx_word' id='word_1_5' title='bbox 147 296 220 331; x_wconf 81' lang='lat' dir='ltr'><strong>ulia</strong></span> <span class='ocrx_word' id='word_1_6' title='bbox 243 298 351 343; x_wconf 82' lang='lat' dir='ltr'><strong>regio,</strong></span> <span class='ocrx_word' id='word_1_7' title='bbox 374 298 418 339; x_wconf 91' lang='grc' dir='ltr'><strong>ΙΙ,</strong></span> <span class='ocrx_word' id='word_1_8' title='bbox 445 296 491 331; x_wconf 82' lang='grc'><strong>35</strong></span> <span class='ocrx_word' id='word_1_9' title='bbox 521 300 590 332; x_wconf 87' lang='lat' dir='ltr'><strong>not.</strong></span> <span class='ocrx_word' id='word_1_10' title='bbox 632 299 812 344; x_wconf 79' lang='lat' dir='ltr'>Aegyptus</span> 
     </span>
     <span class='ocr_line' id='line_1_4' title="bbox 146 343 812 388; baseline 0.005 -12"><span class='ocrx_word' id='word_1_11' title='bbox 146 343 180 377; x_wconf 90' lang='lat' dir='ltr'><strong>in</strong></span> <span class='ocrx_word' id='word_1_12' title='bbox 206 346 447 387; x_wconf 74' lang='lat' dir='ltr'><strong>praefecturas,</strong></span> <span class='ocrx_word' id='word_1_13' title='bbox 468 356 554 386; x_wconf 80' lang='lat' dir='ltr'><strong>(piae</strong></span> <span class='ocrx_word' id='word_1_14' title='bbox 567 345 675 388; x_wconf 82' lang='grc' dir='ltr'><em>νομοὶ</em></span> <span class='ocrx_word' id='word_1_15' title='bbox 688 358 812 380; x_wconf 89' lang='lat' dir='ltr'><strong>vocan-</strong></span> 
     </span>
     <span class='ocr_line' id='line_1_5' title="bbox 146 390 809 433; baseline 0.003 -10"><span class='ocrx_word' id='word_1_16' title='bbox 146 393 213 430; x_wconf 78' lang='lat' dir='ltr'><strong>tur,</strong></span> <span class='ocrx_word' id='word_1_17' title='bbox 247 390 366 430; x_wconf 61' lang='lat' dir='ltr'><strong>divisa,</strong></span> <span class='ocrx_word' id='word_1_18' title='bbox 408 390 454 430; x_wconf 95' lang='lat' dir='ltr'><strong>Il,</strong></span> <span class='ocrx_word' id='word_1_19' title='bbox 479 390 523 422; x_wconf 66' lang='lat'><strong>42</strong></span> <span class='ocrx_word' id='word_1_20' title='bbox 559 397 627 424; x_wconf 86' lang='lat' dir='ltr'><strong>not.</strong></span> <span class='ocrx_word' id='word_1_21' title='bbox 663 391 706 433; x_wconf 92' lang='lat' dir='ltr'><strong>II,</strong></span> <span class='ocrx_word' id='word_1_22' title='bbox 731 392 809 426; x_wconf 68' lang='lat'>164.</span> 
     </span>
     <span class='ocr_line' id='line_1_6' title="bbox 143 435 810 482; baseline 0.007 -16"><span class='ocrx_word' id='word_1_23' title='bbox 143 439 261 478; x_wconf 84' lang='lat' dir='ltr'><strong>postca</strong></span> <span class='ocrx_word' id='word_1_24' title='bbox 284 435 444 477; x_wconf 81' lang='lat' dir='ltr'><strong>temporis</strong></span> <span class='ocrx_word' id='word_1_25' title='bbox 470 436 502 467; x_wconf 88' lang='lat' dir='ltr'><strong>in</strong></span> <span class='ocrx_word' id='word_1_26' title='bbox 523 437 705 470; x_wconf 76' lang='lat' dir='ltr'><strong>duodecim</strong></span> <span class='ocrx_word' id='word_1_27' title='bbox 729 451 810 482; x_wconf 86' lang='lat' dir='ltr'><strong>por-</strong></span> 
     </span>
     <span class='ocr_line' id='line_1_7' title="bbox 141 480 811 521; baseline 0.006 -6"><span class='ocrx_word' id='word_1_28' title='bbox 141 481 249 515; x_wconf 77' lang='lat' dir='ltr'><strong>tiones</strong></span> <span class='ocrx_word' id='word_1_29' title='bbox 270 480 437 521; x_wconf 82' lang='lat' dir='ltr'><strong>distincta,</strong></span> <span class='ocrx_word' id='word_1_30' title='bbox 464 482 593 521; x_wconf 78' lang='lat' dir='ltr'><strong>ll‚l47.</strong></span> <span class='ocrx_word' id='word_1_31' title='bbox 618 484 811 519; x_wconf 80' lang='lat' dir='ltr'><strong>subAmasi</strong></span> 
     </span>
     <span class='ocr_line' id='line_1_8' title="bbox 140 527 807 571; baseline 0.01 -12"><span class='ocrx_word' id='word_1_32' title='bbox 140 538 223 571; x_wconf 86' lang='lat' dir='ltr'><strong>rege</strong></span> <span class='ocrx_word' id='word_1_33' title='bbox 247 527 394 559; x_wconf 72' lang='lat' dir='ltr'><strong>maxime</strong></span> <span class='ocrx_word' id='word_1_34' title='bbox 417 527 553 568; x_wconf 78' lang='lat' dir='ltr'><strong>florens,</strong></span> <span class='ocrx_word' id='word_1_35' title='bbox 579 529 623 570; x_wconf 89' lang='lat' dir='ltr'><strong>II,</strong></span> <span class='ocrx_word' id='word_1_36' title='bbox 646 530 713 563; x_wconf 88' lang='lat'><strong>177</strong></span> <span class='ocrx_word' id='word_1_37' title='bbox 737 535 807 566; x_wconf 84' lang='lat' dir='ltr'><strong>not.</strong></span> 
     </span>
     <span class='ocr_line' id='line_1_9' title="bbox 141 572 806 618; baseline 0.011 -14"><span class='ocrx_word' id='word_1_38' title='bbox 141 572 175 605; x_wconf 89' lang='lat' dir='ltr'><strong>in</strong></span> <span class='ocrx_word' id='word_1_39' title='bbox 198 584 238 605; x_wconf 89' lang='lat' dir='ltr'><strong>ea</strong></span> <span class='ocrx_word' id='word_1_40' title='bbox 258 577 336 605; x_wconf 88' lang='lat' dir='ltr'><strong>tunc</strong></span> <span class='ocrx_word' id='word_1_41' title='bbox 360 572 465 606; x_wconf 78' lang='lat' dir='ltr'><strong>vicies</strong></span> <span class='ocrx_word' id='word_1_42' title='bbox 488 574 586 608; x_wconf 86' lang='lat' dir='ltr'><strong>mille</strong></span> <span class='ocrx_word' id='word_1_43' title='bbox 606 576 806 618; x_wconf 88' lang='lat' dir='ltr'><strong>oppidaha-</strong></span> 
     </span>
     <span class='ocr_line' id='line_1_10' title="bbox 139 618 807 665; baseline 0.009 -14"><span class='ocrx_word' id='word_1_44' title='bbox 139 618 351 657; x_wconf 55' lang='lat' dir='ltr'><strong>bitatffiibid.</strong></span> <span class='ocrx_word' id='word_1_45' title='bbox 375 619 525 663; x_wconf 77' lang='lat' dir='ltr'><strong>Aegypti</strong></span> <span class='ocrx_word' id='word_1_46' title='bbox 548 621 807 665; x_wconf 84' lang='lat' dir='ltr'><strong>antiquahisto-</strong></span> 
     </span>
     <span class='ocr_line' id='line_1_11' title="bbox 137 663 805 714; baseline 0.01 -17"><span class='ocrx_word' id='word_1_47' title='bbox 137 663 200 704; x_wconf 83' lang='lat' dir='ltr'><strong>ria,</strong></span> <span class='ocrx_word' id='word_1_48' title='bbox 236 663 280 704; x_wconf 92' lang='grc' dir='ltr'><strong>ΙΙ,</strong></span> <span class='ocrx_word' id='word_1_49' title='bbox 316 664 360 697; x_wconf 80' lang='grc'><strong>99</strong></span> <span class='ocrx_word' id='word_1_50' title='bbox 396 670 428 698; x_wconf 91' lang='lat' dir='ltr'><strong>et</strong></span> <span class='ocrx_word' id='word_1_51' title='bbox 450 677 543 709; x_wconf 86' lang='lat' dir='ltr'><strong>seqq.</strong></span> <span class='ocrx_word' id='word_1_52' title='bbox 573 685 613 692; x_wconf 91' lang='lat'><strong>-—</strong></span> <span class='ocrx_word' id='word_1_53' title='bbox 646 669 805 714; x_wconf 80' lang='lat' dir='ltr'><strong>Aegypto</strong></span> 
     </span>
     <span class='ocr_line' id='line_1_12' title="bbox 135 708 804 758; baseline 0.009 -16"><span class='ocrx_word' id='word_1_54' title='bbox 135 708 288 742; x_wconf 86' lang='lat' dir='ltr'><strong>minatur</strong></span> <span class='ocrx_word' id='word_1_55' title='bbox 316 710 493 744; x_wconf 84' lang='lat' dir='ltr'><strong>interitum</strong></span> <span class='ocrx_word' id='word_1_56' title='bbox 526 714 715 758; x_wconf 70' lang='lat' dir='ltr'><strong>Cambyses</strong></span> <span class='ocrx_word' id='word_1_57' title='bbox 745 717 804 748; x_wconf 90' lang='lat' dir='ltr'><strong>de-</strong></span> 
     </span>
     <span class='ocr_line' id='line_1_13' title="bbox 133 755 802 803; baseline 0.013 -17"><span class='ocrx_word' id='word_1_58' title='bbox 133 766 206 787; x_wconf 88' lang='lat' dir='ltr'><strong>cem</strong></span> <span class='ocrx_word' id='word_1_59' title='bbox 239 755 381 789; x_wconf 86' lang='lat' dir='ltr'><strong>circiter</strong></span> <span class='ocrx_word' id='word_1_60' title='bbox 408 769 512 791; x_wconf 85' lang='lat' dir='ltr'><strong>annos</strong></span> <span class='ocrx_word' id='word_1_61' title='bbox 535 764 647 802; x_wconf 83' lang='lat' dir='ltr'><strong>natus,</strong></span> <span class='ocrx_word' id='word_1_62' title='bbox 684 761 744 803; x_wconf 92' lang='lat' dir='ltr'><strong>III,</strong></span> <span class='ocrx_word' id='word_1_63' title='bbox 768 762 802 795; x_wconf 80' lang='lat'><strong>3.</strong></span> 
     </span>
     <span class='ocr_line' id='line_1_14' title="bbox 131 801 802 852; baseline 0.013 -20"><span class='ocrx_word' id='word_1_64' title='bbox 131 811 174 833; x_wconf 88' lang='lat' dir='ltr'><strong>ea</strong></span> <span class='ocrx_word' id='word_1_65' title='bbox 197 801 375 843; x_wconf 87' lang='lat' dir='ltr'><strong>potiuntur</strong></span> <span class='ocrx_word' id='word_1_66' title='bbox 398 805 534 845; x_wconf 81' lang='lat' dir='ltr'>Persae,</span> <span class='ocrx_word' id='word_1_67' title='bbox 568 806 630 847; x_wconf 91' lang='grc' dir='ltr'><strong>ΙΙΙ,</strong></span> <span class='ocrx_word' id='word_1_68' title='bbox 654 807 676 839; x_wconf 94' lang='grc'><strong>7</strong></span> <span class='ocrx_word' id='word_1_69' title='bbox 708 819 802 852; x_wconf 83' lang='lat' dir='ltr'><strong>seqq.</strong></span> 
     </span>
     <span class='ocr_line' id='line_1_15' title="bbox 131 846 800 894; baseline 0.013 -16"><span class='ocrx_word' id='word_1_70' title='bbox 131 846 311 891; x_wconf 77' lang='lat' dir='ltr'><strong>Aegyptus</strong></span> <span class='ocrx_word' id='word_1_71' title='bbox 325 849 439 882; x_wconf 81' lang='lat' dir='ltr'><strong>Persis</strong></span> <span class='ocrx_word' id='word_1_72' title='bbox 459 851 654 893; x_wconf 83' lang='lat' dir='ltr'><strong>tributaria,</strong></span> <span class='ocrx_word' id='word_1_73' title='bbox 673 853 800 894; x_wconf 88' lang='grc' dir='ltr'><strong>ΙΙΙ,91.</strong></span> 
     </span>
    </p>

    <p class='ocr_par' dir='ltr' id='par_1_4' title="bbox 84 904 802 1043">
     <span class='ocr_line' id='line_1_16' title="bbox 84 904 801 949; baseline 0.014 -14"><span class='ocrx_word' id='word_1_74' title='bbox 84 904 318 949; x_wconf 80' lang='lat' dir='ltr'><strong>Aeimncstus,</strong></span> <span class='ocrx_word' id='word_1_75' title='bbox 355 907 545 949; x_wconf 82' lang='lat' dir='ltr'><strong>Spartanus</strong></span> <span class='ocrx_word' id='word_1_76' title='bbox 576 910 801 946; x_wconf 82' lang='lat' dir='ltr'><strong>Mardonium</strong></span> 
     </span>
     <span class='ocr_line' id='line_1_17' title="bbox 127 950 802 999; baseline 0.013 -17"><span class='ocrx_word' id='word_1_77' title='bbox 127 950 319 992; x_wconf 80' lang='lat' dir='ltr'><strong>interfecit,</strong></span> <span class='ocrx_word' id='word_1_78' title='bbox 347 953 407 995; x_wconf 81' lang='lat' dir='ltr'><strong>lx,</strong></span> <span class='ocrx_word' id='word_1_79' title='bbox 432 953 477 987; x_wconf 84' lang='grc'><strong>68</strong></span> <span class='ocrx_word' id='word_1_80' title='bbox 500 958 568 988; x_wconf 91' lang='lat' dir='ltr'><strong>not.</strong></span> <span class='ocrx_word' id='word_1_81' title='bbox 600 956 676 999; x_wconf 87' lang='lat' dir='ltr'><strong>ipse</strong></span> <span class='ocrx_word' id='word_1_82' title='bbox 699 968 802 992; x_wconf 86' lang='lat' dir='ltr'><strong>occu-</strong></span> 
     </span>
     <span class='ocr_line' id='line_1_18' title="bbox 126 996 709 1043; baseline 0.012 -15"><span class='ocrx_word' id='word_1_83' title='bbox 126 996 204 1030; x_wconf 84' lang='lat' dir='ltr'><strong>buit</strong></span> <span class='ocrx_word' id='word_1_84' title='bbox 227 997 261 1030; x_wconf 93' lang='lat' dir='ltr'><strong>in</strong></span> <span class='ocrx_word' id='word_1_85' title='bbox 285 998 375 1032; x_wconf 88' lang='lat' dir='ltr'><strong>hello</strong></span> <span class='ocrx_word' id='word_1_86' title='bbox 401 1000 601 1043; x_wconf 84' lang='lat' dir='ltr'><strong>Messenico,</strong></span> <span class='ocrx_word' id='word_1_87' title='bbox 625 1002 709 1037; x_wconf 83' lang='lat' dir='ltr'><strong>ibid.</strong></span> 
     </span>
    </p>

    <p class='ocr_par' dir='ltr' id='par_1_5' title="bbox 81 1041 800 1122">
     <span class='ocr_line' id='line_1_19' title="bbox 81 1041 800 1091; baseline 0.014 -17"><span class='ocrx_word' id='word_1_88' title='bbox 81 1042 205 1083; x_wconf 79' lang='lat' dir='ltr'><strong>Aenea,</strong></span> <span class='ocrx_word' id='word_1_89' title='bbox 237 1044 320 1078; x_wconf 86' lang='lat' dir='ltr'><strong>urbs</strong></span> <span class='ocrx_word' id='word_1_90' title='bbox 352 1041 400 1088; x_wconf 82' lang='grc' dir='ltr'><strong>(ἡ</strong></span> <span class='ocrx_word' id='word_1_91' title='bbox 421 1045 596 1091; x_wconf 76' lang='grc' dir='ltr'><strong>Αἴνεια),</strong></span> <span class='ocrx_word' id='word_1_92' title='bbox 630 1049 706 1090; x_wconf 72' lang='lat' dir='ltr'><strong>Vll,</strong></span> <span class='ocrx_word' id='word_1_93' title='bbox 730 1049 800 1084; x_wconf 79' lang='lat'>123</span> 
     </span>
     <span class='ocr_line' id='line_1_20' title="bbox 124 1093 193 1122; baseline 0.014 -1"><span class='ocrx_word' id='word_1_94' title='bbox 124 1093 193 1122; x_wconf 84' lang='lat' dir='ltr'><strong>not.</strong></span> 
     </span>
    </p>

    <p class='ocr_par' dir='ltr' id='par_1_6' title="bbox 77 1134 796 1307">
     <span class='ocr_line' id='line_1_21' title="bbox 77 1134 334 1179; baseline 0.019 -13"><span class='ocrx_word' id='word_1_95' title='bbox 77 1134 334 1179; x_wconf 76' lang='lat' dir='ltr'><strong>Aenesidemus,</strong></span> 
     </span>
     <span class='ocr_line' id='line_1_22' title="bbox 123 1181 796 1226; baseline 0.01 -12"><span class='ocrx_word' id='word_1_96' title='bbox 123 1181 219 1214; x_wconf 83' lang='lat' dir='ltr'><strong>telles</strong></span> <span class='ocrx_word' id='word_1_97' title='bbox 252 1183 498 1226; x_wconf 78' lang='lat' dir='ltr'><strong>Hippocratis,</strong></span> <span class='ocrx_word' id='word_1_98' title='bbox 533 1185 606 1225; x_wconf 77' lang='lat' dir='ltr'><strong>vn,</strong></span> <span class='ocrx_word' id='word_1_99' title='bbox 631 1186 699 1220; x_wconf 70' lang='grc'><strong>151</strong></span> <span class='ocrx_word' id='word_1_100' title='bbox 726 1193 796 1222; x_wconf 89' lang='lat' dir='ltr'><strong>not.</strong></span> 
     </span>
     <span class='ocr_line' id='line_1_23' title="bbox 121 1226 795 1274; baseline 0.016 -16"><span class='ocrx_word' id='word_1_101' title='bbox 121 1226 296 1261; x_wconf 82' lang='lat' dir='ltr'><strong>Theronis</strong></span> <span class='ocrx_word' id='word_1_102' title='bbox 334 1234 444 1271; x_wconf 86' lang='lat' dir='ltr'><strong>pater,</strong></span> <span class='ocrx_word' id='word_1_103' title='bbox 480 1230 555 1274; x_wconf 73' lang='lat' dir='ltr'><strong>vn,</strong></span> <span class='ocrx_word' id='word_1_104' title='bbox 588 1231 657 1267; x_wconf 86' lang='lat'>165</span> <span class='ocrx_word' id='word_1_105' title='bbox 702 1235 795 1270; x_wconf 80' lang='lat' dir='ltr'><strong>conf.</strong></span> 
     </span>
     <span class='ocr_line' id='line_1_24' title="bbox 120 1273 198 1307; baseline 0.026 -2"><span class='ocrx_word' id='word_1_106' title='bbox 120 1273 198 1307; x_wconf 85' lang='lat' dir='ltr'><strong>adn.</strong></span> 
     </span>
    </p>

    <p class='ocr_par' dir='ltr' id='par_1_7' title="bbox 73 1318 534 1360">
     <span class='ocr_line' id='line_1_25' title="bbox 73 1318 534 1360; baseline 0.011 -10"><span class='ocrx_word' id='word_1_107' title='bbox 73 1318 252 1360; x_wconf 81' lang='lat' dir='ltr'><strong>Aenianes,</strong></span> <span class='ocrx_word' id='word_1_108' title='bbox 276 1319 344 1353; x_wconf 88' lang='lat' dir='ltr'><strong>vid.</strong></span> <span class='ocrx_word' id='word_1_109' title='bbox 370 1321 534 1355; x_wconf 75' lang='lat' dir='ltr'><strong>Enianes.</strong></span> 
     </span>
    </p>

    <p class='ocr_par' dir='ltr' id='par_1_8' title="bbox 72 1361 794 1452">
     <span class='ocr_line' id='line_1_26' title="bbox 72 1361 794 1415; baseline 0.011 -19"><span class='ocrx_word' id='word_1_110' title='bbox 72 1366 184 1398; x_wconf 82' lang='lat' dir='ltr'><strong>Aenus</strong></span> <span class='ocrx_word' id='word_1_111' title='bbox 210 1361 369 1409; x_wconf 81' lang='grc' dir='ltr'><strong>(Αἶνος),</strong></span> <span class='ocrx_word' id='word_1_112' title='bbox 395 1369 477 1402; x_wconf 86' lang='lat' dir='ltr'><strong>urbs</strong></span> <span class='ocrx_word' id='word_1_113' title='bbox 498 1369 652 1412; x_wconf 81' lang='lat' dir='ltr'><strong>Aeolica,</strong></span> <span class='ocrx_word' id='word_1_114' title='bbox 678 1370 736 1415; x_wconf 80' lang='lat' dir='ltr'><strong>lv,</strong></span> <span class='ocrx_word' id='word_1_115' title='bbox 748 1370 794 1405; x_wconf 85' lang='grc'><strong>90</strong></span> 
     </span>
     <span class='ocr_line' id='line_1_27' title="bbox 118 1411 445 1452; baseline 0.015 -10"><span class='ocrx_word' id='word_1_116' title='bbox 118 1415 188 1444; x_wconf 87' lang='lat' dir='ltr'><strong>not.</strong></span> <span class='ocrx_word' id='word_1_117' title='bbox 209 1411 283 1452; x_wconf 75' lang='lat' dir='ltr'><strong>HI,</strong></span> <span class='ocrx_word' id='word_1_118' title='bbox 305 1411 350 1444; x_wconf 80' lang='lat'><strong>58</strong></span> <span class='ocrx_word' id='word_1_119' title='bbox 375 1417 445 1447; x_wconf 88' lang='lat' dir='ltr'><strong>not.</strong></span> 
     </span>
    </p>

    <p class='ocr_par' dir='ltr' id='par_1_9' title="bbox 70 1454 792 1507">
     <span class='ocr_line' id='line_1_28' title="bbox 70 1454 792 1507; baseline 0.014 -19"><span class='ocrx_word' id='word_1_120' title='bbox 70 1457 208 1500; x_wconf 77' lang='lat' dir='ltr'><strong>Aenyra</strong></span> <span class='ocrx_word' id='word_1_121' title='bbox 231 1454 295 1499; x_wconf 73' lang='grc' dir='ltr'><strong>(το.&gt;</strong></span> <span class='ocrx_word' id='word_1_122' title='bbox 304 1457 474 1503; x_wconf 76' lang='grc' dir='ltr'><strong>Αἴνυρα),</strong></span> <span class='ocrx_word' id='word_1_123' title='bbox 489 1460 588 1495; x_wconf 89' lang='lat' dir='ltr'><strong>locus</strong></span> <span class='ocrx_word' id='word_1_124' title='bbox 601 1462 792 1507; x_wconf 83' lang='lat' dir='ltr'><strong>Thraciae,</strong></span> 
     </span>
    </p>

    <p class='ocr_par' dir='ltr' id='par_1_10' title="bbox 69 1548 790 1643">
     <span class='ocr_line' id='line_1_29' title="bbox 69 1548 790 1597; baseline 0.015 -18"><span class='ocrx_word' id='word_1_125' title='bbox 69 1548 198 1589; x_wconf 87' lang='lat' dir='ltr'><strong>Aeoles,</strong></span> <span class='ocrx_word' id='word_1_126' title='bbox 222 1549 308 1583; x_wconf 91' lang='lat' dir='ltr'><strong>olim</strong></span> <span class='ocrx_word' id='word_1_127' title='bbox 331 1551 472 1597; x_wconf 80' lang='lat' dir='ltr'><strong>Pelasgi</strong></span> <span class='ocrx_word' id='word_1_128' title='bbox 495 1553 620 1595; x_wconf 86' lang='lat' dir='ltr'><strong>vocati,</strong></span> <span class='ocrx_word' id='word_1_129' title='bbox 636 1555 712 1597; x_wconf 75' lang='lat' dir='ltr'><strong>vll,</strong></span> <span class='ocrx_word' id='word_1_130' title='bbox 734 1555 790 1590; x_wconf 80' lang='grc'><strong>95.</strong></span> 
     </span>
     <span class='ocr_line' id='line_1_30' title="bbox 113 1595 790 1643; baseline 0.015 -17"><span class='ocrx_word' id='word_1_131' title='bbox 113 1605 136 1627; x_wconf 86' lang='lat' dir='ltr'><strong>a</strong></span> <span class='ocrx_word' id='word_1_132' title='bbox 157 1595 283 1628; x_wconf 86' lang='lat' dir='ltr'><strong>Croeso</strong></span> <span class='ocrx_word' id='word_1_133' title='bbox 302 1596 425 1638; x_wconf 81' lang='lat' dir='ltr'><strong>invasi,</strong></span> <span class='ocrx_word' id='word_1_134' title='bbox 451 1599 477 1640; x_wconf 87' lang='lat' dir='ltr'><strong>I,</strong></span> <span class='ocrx_word' id='word_1_135' title='bbox 499 1599 556 1633; x_wconf 84' lang='lat'><strong>26.</strong></span> <span class='ocrx_word' id='word_1_136' title='bbox 579 1604 682 1643; x_wconf 85' lang='lat' dir='ltr'><strong>atque</strong></span> <span class='ocrx_word' id='word_1_137' title='bbox 706 1604 790 1636; x_wconf 88' lang='lat' dir='ltr'><strong>sub-</strong></span> 
     </span>
    </p>
   </div>
   <div class='ocr_carea' id='block_1_4' title="bbox 391 1137 798 1182">
    <p class='ocr_par' dir='ltr' id='par_1_11' title="bbox 391 1137 798 1182">
     <span class='ocr_line' id='line_1_31' title="bbox 391 1137 798 1182; baseline 0.017 -12"><span class='ocrx_word' id='word_1_138' title='bbox 391 1137 527 1172; x_wconf 82' lang='lat' dir='ltr'><strong>Pataici</strong></span> <span class='ocrx_word' id='word_1_139' title='bbox 572 1139 664 1173; x_wconf 80' lang='lat' dir='ltr'><strong>filius</strong></span> <span class='ocrx_word' id='word_1_140' title='bbox 674 1165 684 1182; x_wconf 83' lang='lat'>‚</span> <span class='ocrx_word' id='word_1_141' title='bbox 739 1152 798 1176; x_wconf 82' lang='lat' dir='ltr'><strong>sa-</strong></span> 
     </span>
    </p>
   </div>
   <div class='ocr_carea' id='block_1_5' title="bbox 109 1640 788 1781">
    <p class='ocr_par' dir='ltr' id='par_1_12' title="bbox 109 1640 788 1781">
     <span class='ocr_line' id='line_1_32' title="bbox 112 1640 788 1688; baseline 0.01 -14"><span class='ocrx_word' id='word_1_142' title='bbox 112 1640 193 1682; x_wconf 85' lang='lat' dir='ltr'><strong>acti,</strong></span> <span class='ocrx_word' id='word_1_143' title='bbox 217 1642 242 1680; x_wconf 89' lang='lat'><strong>1,</strong></span> <span class='ocrx_word' id='word_1_144' title='bbox 263 1641 296 1674; x_wconf 92' lang='grc'><strong>6.</strong></span> <span class='ocrx_word' id='word_1_145' title='bbox 321 1642 377 1676; x_wconf 81' lang='grc'><strong>28.</strong></span> <span class='ocrx_word' id='word_1_146' title='bbox 401 1645 493 1688; x_wconf 86' lang='lat' dir='ltr'><strong>Cyro</strong></span> <span class='ocrx_word' id='word_1_147' title='bbox 515 1657 551 1678; x_wconf 86' lang='lat' dir='ltr'><strong>se</strong></span> <span class='ocrx_word' id='word_1_148' title='bbox 574 1646 699 1680; x_wconf 86' lang='lat' dir='ltr'><strong>dedere</strong></span> <span class='ocrx_word' id='word_1_149' title='bbox 723 1660 788 1682; x_wconf 85' lang='lat' dir='ltr'><strong>vo·-</strong></span> 
     </span>
     <span class='ocr_line' id='line_1_33' title="bbox 109 1686 787 1728; baseline 0.013 -10"><span class='ocrx_word' id='word_1_150' title='bbox 109 1686 196 1724; x_wconf 86' lang='lat' dir='ltr'><strong>lunt,</strong></span> <span class='ocrx_word' id='word_1_151' title='bbox 220 1687 248 1728; x_wconf 90' lang='grc' dir='ltr'><strong>Ι,</strong></span> <span class='ocrx_word' id='word_1_152' title='bbox 274 1688 352 1721; x_wconf 68' lang='lat'>131.</span> <span class='ocrx_word' id='word_1_153' title='bbox 386 1690 511 1724; x_wconf 89' lang='lat' dir='ltr'><strong>Aeoles</strong></span> <span class='ocrx_word' id='word_1_154' title='bbox 543 1695 578 1724; x_wconf 84' lang='lat' dir='ltr'><strong>et</strong></span> <span class='ocrx_word' id='word_1_155' title='bbox 600 1692 699 1726; x_wconf 81' lang='lat' dir='ltr'><strong>Iones</strong></span> <span class='ocrx_word' id='word_1_156' title='bbox 722 1695 787 1727; x_wconf 88' lang='lat' dir='ltr'><strong>he-</strong></span> 
     </span>
     <span class='ocr_line' id='line_1_34' title="bbox 109 1732 782 1781; baseline 0.013 -17"><span class='ocrx_word' id='word_1_157' title='bbox 109 1732 266 1766; x_wconf 73' lang='lat' dir='ltr'><strong>rediturii</strong></span> <span class='ocrx_word' id='word_1_158' title='bbox 299 1735 483 1780; x_wconf 82' lang='lat' dir='ltr'><strong>Cambysis</strong></span> <span class='ocrx_word' id='word_1_159' title='bbox 517 1738 629 1780; x_wconf 85' lang='lat' dir='ltr'><strong>servi,</strong></span> <span class='ocrx_word' id='word_1_160' title='bbox 664 1739 710 1781; x_wconf 89' lang='grc' dir='ltr'><strong>ΙΙ,</strong></span> <span class='ocrx_word' id='word_1_161' title='bbox 748 1741 782 1774; x_wconf 92' lang='grc'><strong>1.</strong></span> 
     </span>
    </p>
   </div>
   <div class='ocr_carea' id='block_1_6' title="bbox 61 1778 784 1825">
    <p class='ocr_par' dir='ltr' id='par_1_13' title="bbox 61 1778 784 1825">
     <span class='ocr_line' id='line_1_35' title="bbox 61 1778 784 1825; baseline 0.012 -15"><span class='ocrx_word' id='word_1_162' title='bbox 61 1794 64 1795; x_wconf 47' lang='grc'>’</span> <span class='ocrx_word' id='word_1_163' title='bbox 109 1778 285 1812; x_wconf 86' lang='lat' dir='ltr'><strong>tributarii</strong></span> <span class='ocrx_word' id='word_1_164' title='bbox 302 1781 421 1825; x_wconf 83' lang='lat' dir='ltr'><strong>Dario,</strong></span> <span class='ocrx_word' id='word_1_165' title='bbox 447 1782 556 1824; x_wconf 79' lang='lat'><strong>11,90.</strong></span> <span class='ocrx_word' id='word_1_166' title='bbox 581 1784 704 1818; x_wconf 88' lang='lat' dir='ltr'><strong>Aeoles</strong></span> <span class='ocrx_word' id='word_1_167' title='bbox 715 1786 784 1819; x_wconf 85' lang='lat' dir='ltr'><strong>cir-</strong></span> 
     </span>
    </p>
   </div>
   <div class='ocr_carea' id='block_1_7' title="bbox 53 1827 785 2854">
    <p class='ocr_par' dir='ltr' id='par_1_14' title="bbox 107 1827 784 2004">
     <span class='ocr_line' id='line_1_36' title="bbox 109 1827 782 1875; baseline 0.015 -19"><span class='ocrx_word' id='word_1_168' title='bbox 109 1835 151 1858; x_wconf 86' lang='lat' dir='ltr'><strong>ca.</strong></span> <span class='ocrx_word' id='word_1_169' title='bbox 175 1836 274 1858; x_wconf 85' lang='lat' dir='ltr'><strong>oram</strong></span> <span class='ocrx_word' id='word_1_170' title='bbox 284 1827 429 1861; x_wconf 85' lang='lat' dir='ltr'><strong>Iliadem</strong></span> <span class='ocrx_word' id='word_1_171' title='bbox 455 1829 547 1872; x_wconf 88' lang='lat' dir='ltr'><strong>capti</strong></span> <span class='ocrx_word' id='word_1_172' title='bbox 571 1831 615 1863; x_wconf 83' lang='lat' dir='ltr'><strong>ab</strong></span> <span class='ocrx_word' id='word_1_173' title='bbox 628 1832 782 1875; x_wconf 86' lang='lat' dir='ltr'><strong>Hymea,</strong></span> 
     </span>
     <span class='ocr_line' id='line_1_37' title="bbox 107 1870 784 1912; baseline 0.015 -10"><span class='ocrx_word' id='word_1_174' title='bbox 107 1871 148 1912; x_wconf 90' lang='lat' dir='ltr'><strong>V,</strong></span> <span class='ocrx_word' id='word_1_175' title='bbox 175 1870 253 1904; x_wconf 88' lang='grc'><strong>122.</strong></span> <span class='ocrx_word' id='word_1_176' title='bbox 286 1884 408 1906; x_wconf 86' lang='lat' dir='ltr'><strong>eorum</strong></span> <span class='ocrx_word' id='word_1_177' title='bbox 438 1873 473 1906; x_wconf 87' lang='lat' dir='ltr'><strong>in</strong></span> <span class='ocrx_word' id='word_1_178' title='bbox 506 1876 631 1909; x_wconf 84' lang='lat' dir='ltr'><strong>Xerxis</strong></span> <span class='ocrx_word' id='word_1_179' title='bbox 675 1878 784 1912; x_wconf 84' lang='lat' dir='ltr'><strong>classe</strong></span> 
     </span>
     <span class='ocr_line' id='line_1_38' title="bbox 109 1917 781 1959; baseline 0.016 -11"><span class='ocrx_word' id='word_1_180' title='bbox 109 1926 220 1958; x_wconf 85' lang='lat' dir='ltr'><strong>arma,</strong></span> <span class='ocrx_word' id='word_1_181' title='bbox 243 1918 319 1958; x_wconf 77' lang='lat' dir='ltr'><strong>vll,</strong></span> <span class='ocrx_word' id='word_1_182' title='bbox 343 1917 398 1952; x_wconf 86' lang='grc'><strong>95.</strong></span> <span class='ocrx_word' id='word_1_183' title='bbox 422 1920 547 1955; x_wconf 86' lang='lat' dir='ltr'><strong>Aeoles</strong></span> <span class='ocrx_word' id='word_1_184' title='bbox 570 1921 709 1957; x_wconf 85' lang='lat' dir='ltr'><strong>Sestum</strong></span> <span class='ocrx_word' id='word_1_185' title='bbox 731 1928 781 1959; x_wconf 89' lang='lat' dir='ltr'><strong>te-</strong></span> 
     </span>
     <span class='ocr_line' id='line_1_39' title="bbox 107 1963 423 2004; baseline 0.013 -10"><span class='ocrx_word' id='word_1_186' title='bbox 107 1967 237 2004; x_wconf 81' lang='lat' dir='ltr'><strong>nentes,</strong></span> <span class='ocrx_word' id='word_1_187' title='bbox 258 1963 318 1999; x_wconf 78' lang='lat' dir='ltr'><strong>lx,</strong></span> <span class='ocrx_word' id='word_1_188' title='bbox 345 1964 423 1998; x_wconf 90' lang='lat'>115.</span> 
     </span>
    </p>

    <p class='ocr_par' dir='ltr' id='par_1_15' title="bbox 61 2008 784 2089">
     <span class='ocr_line' id='line_1_40' title="bbox 61 2008 784 2060; baseline 0.014 -21"><span class='ocrx_word' id='word_1_189' title='bbox 61 2008 240 2042; x_wconf 82' lang='lat' dir='ltr'><strong>Aeolenses</strong></span> <span class='ocrx_word' id='word_1_190' title='bbox 271 2010 487 2055; x_wconf 81' lang='lat' dir='ltr'><strong>Mitylenaei,</strong></span> <span class='ocrx_word' id='word_1_191' title='bbox 519 2013 559 2055; x_wconf 90' lang='lat' dir='ltr'><strong>V,</strong></span> <span class='ocrx_word' id='word_1_192' title='bbox 583 2012 629 2048; x_wconf 84' lang='grc'><strong>94</strong></span> <span class='ocrx_word' id='word_1_193' title='bbox 668 2015 714 2052; x_wconf 84' lang='lat' dir='ltr'><strong>cf.</strong></span> <span class='ocrx_word' id='word_1_194' title='bbox 742 2017 784 2060; x_wconf 88' lang='lat' dir='ltr'><strong>V,</strong></span> 
     </span>
     <span class='ocr_line' id='line_1_41' title="bbox 106 2054 269 2089; baseline 0.018 -3"><span class='ocrx_word' id='word_1_195' title='bbox 106 2054 175 2087; x_wconf 84' lang='grc'><strong>122</strong></span> <span class='ocrx_word' id='word_1_196' title='bbox 198 2059 269 2089; x_wconf 86' lang='lat' dir='ltr'><strong>not.</strong></span> 
     </span>
    </p>

    <p class='ocr_par' dir='ltr' id='par_1_16' title="bbox 58 2101 785 2378">
     <span class='ocr_line' id='line_1_42' title="bbox 58 2101 785 2151; baseline 0.015 -20"><span class='ocrx_word' id='word_1_197' title='bbox 58 2101 215 2133; x_wconf 81' lang='lat' dir='ltr'><strong>Aeolicae</strong></span> <span class='ocrx_word' id='word_1_198' title='bbox 245 2101 402 2137; x_wconf 87' lang='lat' dir='ltr'><strong>undecim</strong></span> <span class='ocrx_word' id='word_1_199' title='bbox 432 2103 589 2139; x_wconf 80' lang='lat' dir='ltr'><strong>civitates</strong></span> <span class='ocrx_word' id='word_1_200' title='bbox 628 2105 685 2151; x_wconf 71' lang='lat' dir='ltr'><strong>(az</strong></span> <span class='ocrx_word' id='word_1_201' title='bbox 720 2107 785 2142; x_wconf 79' lang='grc' dir='ltr'><em>Αἰ·-</em></span> 
     </span>
     <span class='ocr_line' id='line_1_43' title="bbox 105 2146 784 2192; baseline 0.015 -13"><span class='ocrx_word' id='word_1_202' title='bbox 105 2146 223 2185; x_wconf 78' lang='grc' dir='ltr'><em>ολίὸες</em></span> <span class='ocrx_word' id='word_1_203' title='bbox 239 2146 393 2192; x_wconf 77' lang='grc' dir='ltr'><strong>πόλιες),</strong></span> <span class='ocrx_word' id='word_1_204' title='bbox 428 2150 455 2191; x_wconf 89' lang='grc' dir='ltr'><strong>Ι,</strong></span> <span class='ocrx_word' id='word_1_205' title='bbox 481 2150 548 2185; x_wconf 75' lang='grc'><strong>149</strong></span> <span class='ocrx_word' id='word_1_206' title='bbox 571 2157 641 2187; x_wconf 88' lang='lat' dir='ltr'><strong>not.</strong></span> <span class='ocrx_word' id='word_1_207' title='bbox 665 2154 784 2188; x_wconf 90' lang='lat' dir='ltr'><strong>Aeoli-</strong></span> 
     </span>
     <span class='ocr_line' id='line_1_44' title="bbox 102 2193 781 2242; baseline 0.013 -18"><span class='ocrx_word' id='word_1_208' title='bbox 102 2203 166 2225; x_wconf 85' lang='lat' dir='ltr'><strong>cae</strong></span> <span class='ocrx_word' id='word_1_209' title='bbox 197 2193 355 2228; x_wconf 81' lang='lat' dir='ltr'><strong>civitates</strong></span> <span class='ocrx_word' id='word_1_210' title='bbox 378 2196 547 2231; x_wconf 81' lang='lat' dir='ltr'><strong>insulares</strong></span> <span class='ocrx_word' id='word_1_211' title='bbox 569 2199 729 2242; x_wconf 88' lang='lat' dir='ltr'><strong>quinque,</strong></span> <span class='ocrx_word' id='word_1_212' title='bbox 753 2201 781 2242; x_wconf 90' lang='lat' dir='ltr'><strong>I,</strong></span> 
     </span>
     <span class='ocr_line' id='line_1_45' title="bbox 101 2236 782 2282; baseline 0.016 -12"><span class='ocrx_word' id='word_1_213' title='bbox 101 2236 168 2271; x_wconf 87' lang='lat'><strong>151</strong></span> <span class='ocrx_word' id='word_1_214' title='bbox 180 2244 249 2272; x_wconf 85' lang='lat' dir='ltr'><strong>not.</strong></span> <span class='ocrx_word' id='word_1_215' title='bbox 268 2241 431 2275; x_wconf 88' lang='lat' dir='ltr'><strong>Aeolicae</strong></span> <span class='ocrx_word' id='word_1_216' title='bbox 441 2243 622 2278; x_wconf 80' lang='lat' dir='ltr'><strong>etlonieae</strong></span> <span class='ocrx_word' id='word_1_217' title='bbox 640 2246 782 2282; x_wconf 82' lang='lat' dir='ltr'><strong>ditionis</strong></span> 
     </span>
     <span class='ocr_line' id='line_1_46' title="bbox 101 2285 778 2328; baseline 0.013 -11"><span class='ocrx_word' id='word_1_218' title='bbox 101 2285 254 2328; x_wconf 76' lang='lat' dir='ltr'><strong>collatio,</strong></span> <span class='ocrx_word' id='word_1_219' title='bbox 271 2286 299 2328; x_wconf 89' lang='grc' dir='ltr'><strong>Ι,</strong></span> <span class='ocrx_word' id='word_1_220' title='bbox 318 2286 385 2321; x_wconf 80' lang='lat'><strong>149</strong></span> <span class='ocrx_word' id='word_1_221' title='bbox 402 2294 473 2323; x_wconf 87' lang='lat' dir='ltr'><strong>not.</strong></span> <span class='ocrx_word' id='word_1_222' title='bbox 517 2291 778 2327; x_wconf 86' lang='lat' dir='ltr'><strong>Aeolidensium</strong></span> 
     </span>
     <span class='ocr_line' id='line_1_47' title="bbox 100 2331 752 2378; baseline 0.017 -16"><span class='ocrx_word' id='word_1_223' title='bbox 100 2331 264 2373; x_wconf 82' lang='lat' dir='ltr'><strong>oppidum</strong></span> <span class='ocrx_word' id='word_1_224' title='bbox 281 2333 470 2376; x_wconf 87' lang='lat' dir='ltr'><strong>incensum,</strong></span> <span class='ocrx_word' id='word_1_225' title='bbox 495 2337 586 2378; x_wconf 74' lang='lat' dir='ltr'><strong>VIII,</strong></span> <span class='ocrx_word' id='word_1_226' title='bbox 612 2337 658 2372; x_wconf 79' lang='lat'><strong>35</strong></span> <span class='ocrx_word' id='word_1_227' title='bbox 680 2343 752 2373; x_wconf 88' lang='lat' dir='ltr'><strong>not.</strong></span> 
     </span>
    </p>

    <p class='ocr_par' dir='ltr' id='par_1_17' title="bbox 54 2373 779 2467">
     <span class='ocr_line' id='line_1_48' title="bbox 54 2373 779 2428; baseline 0.015 -19"><span class='ocrx_word' id='word_1_228' title='bbox 54 2378 165 2410; x_wconf 83' lang='lat' dir='ltr'><strong>Aeolis</strong></span> <span class='ocrx_word' id='word_1_229' title='bbox 189 2373 230 2421; x_wconf 78' lang='grc' dir='ltr'><strong>(ἦ</strong></span> <span class='ocrx_word' id='word_1_230' title='bbox 248 2378 399 2421; x_wconf 79' lang='grc' dir='ltr'><strong>Αἰολὶς),</strong></span> <span class='ocrx_word' id='word_1_231' title='bbox 419 2381 534 2422; x_wconf 81' lang='lat' dir='ltr'>v‚123</span> <span class='ocrx_word' id='word_1_232' title='bbox 551 2386 620 2417; x_wconf 83' lang='lat' dir='ltr'><strong>not.</strong></span> <span class='ocrx_word' id='word_1_233' title='bbox 644 2384 779 2428; x_wconf 86' lang='lat' dir='ltr'><strong>(Thes-</strong></span> 
     </span>
     <span class='ocr_line' id='line_1_49' title="bbox 98 2423 501 2467; baseline 0.012 -11"><span class='ocrx_word' id='word_1_234' title='bbox 98 2423 217 2467; x_wconf 80' lang='lat' dir='ltr'><strong>salia).</strong></span> <span class='ocrx_word' id='word_1_235' title='bbox 243 2425 317 2466; x_wconf 67' lang='lat' dir='ltr'><strong>VII,</strong></span> <span class='ocrx_word' id='word_1_236' title='bbox 342 2425 408 2459; x_wconf 87' lang='grc'><strong>176</strong></span> <span class='ocrx_word' id='word_1_237' title='bbox 431 2432 501 2461; x_wconf 88' lang='lat' dir='ltr'><strong>not.</strong></span> 
     </span>
    </p>

    <p class='ocr_par' dir='ltr' id='par_1_18' title="bbox 54 2468 774 2518">
     <span class='ocr_line' id='line_1_50' title="bbox 54 2468 774 2518; baseline 0.017 -18"><span class='ocrx_word' id='word_1_238' title='bbox 54 2468 176 2502; x_wconf 83' lang='lat' dir='ltr'><strong>Aeolus</strong></span> <span class='ocrx_word' id='word_1_239' title='bbox 211 2469 431 2505; x_wconf 78' lang='lat' dir='ltr'><strong>Athamantis</strong></span> <span class='ocrx_word' id='word_1_240' title='bbox 465 2477 571 2517; x_wconf 85' lang='lat' dir='ltr'><strong>pater,</strong></span> <span class='ocrx_word' id='word_1_241' title='bbox 596 2476 671 2518; x_wconf 89' lang='lat' dir='ltr'><strong>VII,</strong></span> <span class='ocrx_word' id='word_1_242' title='bbox 695 2477 774 2512; x_wconf 93' lang='grc'><strong>197.</strong></span> 
     </span>
    </p>

    <p class='ocr_par' dir='ltr' id='par_1_19' title="bbox 55 2514 774 2609">
     <span class='ocr_line' id='line_1_51' title="bbox 55 2514 774 2564; baseline 0.018 -18"><span class='ocrx_word' id='word_1_243' title='bbox 55 2515 138 2548; x_wconf 87' lang='lat' dir='ltr'><strong>Aeor</strong></span> <span class='ocrx_word' id='word_1_244' title='bbox 162 2514 328 2561; x_wconf 74' lang='grc' dir='ltr'><strong>ι(Οἰόρ),</strong></span> <span class='ocrx_word' id='word_1_245' title='bbox 363 2520 455 2560; x_wconf 86' lang='lat' dir='ltr'><strong>apud</strong></span> <span class='ocrx_word' id='word_1_246' title='bbox 485 2521 635 2564; x_wconf 79' lang='lat' dir='ltr'><strong>Scythas</strong></span> <span class='ocrx_word' id='word_1_247' title='bbox 657 2524 774 2559; x_wconf 84' lang='lat' dir='ltr'><strong>virum</strong></span> 
     </span>
     <span class='ocr_line' id='line_1_52' title="bbox 98 2561 501 2609; baseline 0.017 -17"><span class='ocrx_word' id='word_1_248' title='bbox 98 2561 281 2605; x_wconf 83' lang='lat' dir='ltr'><strong>significat,</strong></span> <span class='ocrx_word' id='word_1_249' title='bbox 309 2565 362 2605; x_wconf 84' lang='lat' dir='ltr'><strong>IV,</strong></span> <span class='ocrx_word' id='word_1_250' title='bbox 386 2566 466 2600; x_wconf 91' lang='grc'><strong>110.</strong></span> <span class='ocrx_word' id='word_1_251' title='bbox 499 2607 501 2609; x_wconf 24' lang='lat'><strong><em>¹</em></strong></span> 
     </span>
    </p>

    <p class='ocr_par' dir='ltr' id='par_1_20' title="bbox 56 2605 773 2742">
     <span class='ocr_line' id='line_1_53' title="bbox 56 2605 773 2656; baseline 0.018 -19"><span class='ocrx_word' id='word_1_252' title='bbox 56 2605 227 2650; x_wconf 71' lang='lat' dir='ltr'><strong>Aeni-pata</strong></span> <span class='ocrx_word' id='word_1_253' title='bbox 252 2608 503 2656; x_wconf 80' lang='grc' dir='ltr'><strong>(Οἰόρπατα),</strong></span> <span class='ocrx_word' id='word_1_254' title='bbox 527 2612 562 2646; x_wconf 85' lang='lat' dir='ltr'><strong>id</strong></span> <span class='ocrx_word' id='word_1_255' title='bbox 586 2617 654 2656; x_wconf 83' lang='lat' dir='ltr'><strong>est,</strong></span> <span class='ocrx_word' id='word_1_256' title='bbox 686 2615 773 2650; x_wconf 74' lang='lat' dir='ltr'><strong>viri-</strong></span> 
     </span>
     <span class='ocr_line' id='line_1_54' title="bbox 101 2651 772 2707; baseline 0.021 -24"><span class='ocrx_word' id='word_1_257' title='bbox 101 2651 215 2694; x_wconf 77' lang='lat' dir='ltr'><strong>ciuae‚</strong></span> <span class='ocrx_word' id='word_1_258' title='bbox 260 2656 451 2692; x_wconf 82' lang='lat' dir='ltr'><strong>Amazones</strong></span> <span class='ocrx_word' id='word_1_259' title='bbox 497 2659 608 2693; x_wconf 80' lang='lat' dir='ltr'><strong>dictae</strong></span> <span class='ocrx_word' id='word_1_260' title='bbox 650 2660 772 2707; x_wconf 81' lang='lat' dir='ltr'><strong>lingua</strong></span> 
     </span>
     <span class='ocr_line' id='line_1_55' title="bbox 98 2696 382 2742; baseline 0.032 -13"><span class='ocrx_word' id='word_1_261' title='bbox 98 2696 275 2742; x_wconf 82' lang='lat' dir='ltr'><strong>Scythica,</strong></span> <span class='ocrx_word' id='word_1_262' title='bbox 299 2703 382 2739; x_wconf 77' lang='lat' dir='ltr'><strong>ibid.</strong></span> 
     </span>
    </p>

    <p class='ocr_par' dir='ltr' id='par_1_21' title="bbox 54 2753 703 2808">
     <span class='ocr_line' id='line_1_56' title="bbox 54 2753 703 2808; baseline 0.025 -24"><span class='ocrx_word' id='word_1_263' title='bbox 54 2753 299 2799; x_wconf 77' lang='lat' dir='ltr'><strong>Aequabilitas,</strong></span> <span class='ocrx_word' id='word_1_264' title='bbox 322 2772 377 2801; x_wconf 84' lang='lat' dir='ltr'><strong>res</strong></span> <span class='ocrx_word' id='word_1_265' title='bbox 399 2763 555 2808; x_wconf 81' lang='lat' dir='ltr'><strong>egregia,</strong></span> <span class='ocrx_word' id='word_1_266' title='bbox 581 2764 621 2806; x_wconf 80' lang='lat' dir='ltr'><strong>V,</strong></span> <span class='ocrx_word' id='word_1_267' title='bbox 647 2764 703 2800; x_wconf 85' lang='lat'><strong>78.</strong></span> 
     </span>
    </p>

    <p class='ocr_par' dir='ltr' id='par_1_22' title="bbox 53 2800 687 2854">
     <span class='ocr_line' id='line_1_57' title="bbox 53 2800 687 2854; baseline 0.024 -22"><span class='ocrx_word' id='word_1_268' title='bbox 53 2800 228 2844; x_wconf 67' lang='lat' dir='ltr'><strong>,aequitati</strong></span> <span class='ocrx_word' id='word_1_269' title='bbox 249 2803 410 2849; x_wconf 79' lang='lat' dir='ltr'><strong>iniquitas</strong></span> <span class='ocrx_word' id='word_1_270' title='bbox 432 2809 556 2854; x_wconf 85' lang='lat' dir='ltr'><strong>invisa,</strong></span> <span class='ocrx_word' id='word_1_271' title='bbox 579 2810 606 2853; x_wconf 89' lang='lat' dir='ltr'><strong>I,</strong></span> <span class='ocrx_word' id='word_1_272' title='bbox 629 2811 687 2846; x_wconf 82' lang='lat'><strong>96.</strong></span> 
     </span>
    </p>
   </div>
   <div class='ocr_carea' id='block_1_8' title="bbox 1501 200 1586 242">
    <p class='ocr_par' dir='ltr' id='par_1_23' title="bbox 1501 200 1586 242">
     <span class='ocr_line' id='line_1_58' title="bbox 1501 200 1586 242; baseline 0 -1"><span class='ocrx_word' id='word_1_273' title='bbox 1501 200 1586 242; x_wconf 72' lang='lat'><strong>445</strong></span> 
     </span>
    </p>
   </div>
   <div class='ocr_carea' id='block_1_9' title="bbox 832 305 1583 2515">
    <p class='ocr_par' dir='ltr' id='par_1_24' title="bbox 867 305 1583 444">
     <span class='ocr_line' id='line_1_59' title="bbox 867 305 1583 354; baseline 0.013 -17"><span class='ocrx_word' id='word_1_274' title='bbox 867 305 933 338; x_wconf 74' lang='grc' dir='ltr'><strong>Αὲν</strong></span> <span class='ocrx_word' id='word_1_275' title='bbox 970 306 1224 351; x_wconf 77' lang='lat' dir='ltr'><strong>Aegyptiorum</strong></span> <span class='ocrx_word' id='word_1_276' title='bbox 1260 320 1435 354; x_wconf 85' lang='lat' dir='ltr'><strong>nunquam</strong></span> <span class='ocrx_word' id='word_1_277' title='bbox 1457 309 1583 346; x_wconf 82' lang='lat' dir='ltr'><strong>immu³</strong></span> 
     </span>
     <span class='ocr_line' id='line_1_60' title="bbox 913 354 1583 394; baseline 0.015 -11"><span class='ocrx_word' id='word_1_278' title='bbox 913 354 1016 391; x_wconf 81' lang='lat' dir='ltr'><strong>tatur,</strong></span> <span class='ocrx_word' id='word_1_279' title='bbox 1040 354 1084 394; x_wconf 93' lang='grc' dir='ltr'><strong>ΙΙ,</strong></span> <span class='ocrx_word' id='word_1_280' title='bbox 1107 354 1164 388; x_wconf 86' lang='grc'><strong>77.</strong></span> <span class='ocrx_word' id='word_1_281' title='bbox 1188 355 1278 390; x_wconf 61' lang='lat' dir='ltr'><strong>acris</strong></span> <span class='ocrx_word' id='word_1_282' title='bbox 1302 357 1490 391; x_wconf 82' lang='lat' dir='ltr'><strong>mutatione</strong></span> <span class='ocrx_word' id='word_1_283' title='bbox 1508 358 1583 393; x_wconf 83' lang='lat' dir='ltr'><strong>exi-</strong></span> 
     </span>
     <span class='ocr_line' id='line_1_61' title="bbox 911 401 1469 444; baseline 0.018 -17"><span class='ocrx_word' id='word_1_284' title='bbox 911 401 1002 430; x_wconf 83' lang='lat' dir='ltr'><strong>stunt</strong></span> <span class='ocrx_word' id='word_1_285' title='bbox 1027 402 1209 443; x_wconf 82' lang='lat' dir='ltr'><strong>praecipue</strong></span> <span class='ocrx_word' id='word_1_286' title='bbox 1235 403 1358 444; x_wconf 87' lang='lat' dir='ltr'><strong>morbi,</strong></span> <span class='ocrx_word' id='word_1_287' title='bbox 1384 404 1469 438; x_wconf 80' lang='lat' dir='ltr'><strong>ibid.</strong></span> 
     </span>
    </p>

    <p class='ocr_par' dir='ltr' id='par_1_25' title="bbox 865 442 1541 490">
     <span class='ocr_line' id='line_1_62' title="bbox 865 442 1541 490; baseline 0.016 -18"><span class='ocrx_word' id='word_1_288' title='bbox 865 442 1045 476; x_wconf 80' lang='lat' dir='ltr'><strong>Aerarium</strong></span> <span class='ocrx_word' id='word_1_289' title='bbox 1069 446 1340 490; x_wconf 85' lang='lat' dir='ltr'><strong>Atheniensium,</strong></span> <span class='ocrx_word' id='word_1_290' title='bbox 1365 450 1437 490; x_wconf 67' lang='lat' dir='ltr'><strong>Vll,</strong></span> <span class='ocrx_word' id='word_1_291' title='bbox 1461 449 1541 484; x_wconf 71' lang='grc'><strong>144.</strong></span> 
     </span>
    </p>

    <p class='ocr_par' dir='ltr' id='par_1_26' title="bbox 864 489 1580 565">
     <span class='ocr_line' id='line_1_63' title="bbox 864 489 1580 565; baseline 0.018 -47"><span class='ocrx_word' id='word_1_292' title='bbox 864 489 964 565; x_wconf 71' lang='grc' dir='ltr'><em>ΑσΙνΙεὶ</em></span> <span class='ocrx_word' id='word_1_293' title='bbox 991 490 1060 551; x_wconf 60' lang='grc' dir='ltr'><strong>1ζίνὶ</strong></span> <span class='ocrx_word' id='word_1_294' title='bbox 1083 492 1334 528; x_wconf 81' lang='lat' dir='ltr'><strong>Psammiticho</strong></span> <span class='ocrx_word' id='word_1_295' title='bbox 1357 496 1580 540; x_wconf 76' lang='lat' dir='ltr'><strong>auxiliantur,</strong></span> 
     </span>
    </p>

    <p class='ocr_par' dir='ltr' id='par_1_27' title="bbox 943 535 1056 576">
     <span class='ocr_line' id='line_1_64' title="bbox 943 535 1056 576; baseline 0.027 -11"><span class='ocrx_word' id='word_1_296' title='bbox 943 559 952 576; x_wconf 85' lang='grc'><strong>,</strong></span> <span class='ocrx_word' id='word_1_297' title='bbox 978 535 1056 568; x_wconf 68' lang='lat'>102.</span> 
     </span>
    </p>

    <p class='ocr_par' dir='ltr' id='par_1_28' title="bbox 861 579 1581 713">
     <span class='ocr_line' id='line_1_65' title="bbox 861 579 1581 628; baseline 0.017 -17"><span class='ocrx_word' id='word_1_298' title='bbox 861 579 985 613; x_wconf 86' lang='lat' dir='ltr'><strong>Aereus</strong></span> <span class='ocrx_word' id='word_1_299' title='bbox 1008 582 1138 625; x_wconf 85' lang='lat' dir='ltr'><strong>Iupiter</strong></span> <span class='ocrx_word' id='word_1_300' title='bbox 1158 586 1192 618; x_wconf 86' lang='lat' dir='ltr'><strong>et</strong></span> <span class='ocrx_word' id='word_1_301' title='bbox 1213 584 1408 628; x_wconf 82' lang='lat' dir='ltr'><strong>Neptunus,</strong></span> <span class='ocrx_word' id='word_1_302' title='bbox 1439 587 1501 628; x_wconf 91' lang='lat' dir='ltr'><strong>IX,</strong></span> <span class='ocrx_word' id='word_1_303' title='bbox 1522 587 1581 624; x_wconf 85' lang='grc'><strong>80.</strong></span> 
     </span>
     <span class='ocr_line' id='line_1_66' title="bbox 905 627 1579 678; baseline 0.016 -21"><span class='ocrx_word' id='word_1_304' title='bbox 905 627 1055 660; x_wconf 80' lang='lat' dir='ltr'><strong>Aereuin</strong></span> <span class='ocrx_word' id='word_1_305' title='bbox 1072 633 1184 663; x_wconf 89' lang='lat' dir='ltr'><strong>totum</strong></span> <span class='ocrx_word' id='word_1_306' title='bbox 1206 631 1380 665; x_wconf 84' lang='lat' dir='ltr'><strong>Mardonii</strong></span> <span class='ocrx_word' id='word_1_307' title='bbox 1403 644 1579 678; x_wconf 84' lang='lat' dir='ltr'><strong>praesepe,</strong></span> 
     </span>
     <span class='ocr_line' id='line_1_67' title="bbox 906 672 1047 713; baseline 0.014 -9"><span class='ocrx_word' id='word_1_308' title='bbox 906 672 968 713; x_wconf 82' lang='lat' dir='ltr'><strong>lx,</strong></span> <span class='ocrx_word' id='word_1_309' title='bbox 990 673 1047 706; x_wconf 90' lang='grc'><strong>69.</strong></span> 
     </span>
    </p>

    <p class='ocr_par' dir='ltr' id='par_1_29' title="bbox 859 718 1578 763">
     <span class='ocr_line' id='line_1_68' title="bbox 859 718 1578 763; baseline 0.014 -13"><span class='ocrx_word' id='word_1_310' title='bbox 859 718 1011 762; x_wconf 73' lang='lat' dir='ltr'><strong>Ae&#39;ropus</strong></span> <span class='ocrx_word' id='word_1_311' title='bbox 1022 719 1179 753; x_wconf 85' lang='lat' dir='ltr'><strong>Temeno</strong></span> <span class='ocrx_word' id='word_1_312' title='bbox 1194 723 1307 762; x_wconf 84' lang='lat' dir='ltr'><strong>natus,</strong></span> <span class='ocrx_word' id='word_1_313' title='bbox 1317 722 1409 763; x_wconf 87' lang='lat' dir='ltr'><strong>VIII,</strong></span> <span class='ocrx_word' id='word_1_314' title='bbox 1421 723 1488 757; x_wconf 81' lang='lat'><strong>137</strong></span> <span class='ocrx_word' id='word_1_315' title='bbox 1505 728 1578 761; x_wconf 84' lang='lat' dir='ltr'><strong>not.</strong></span> 
     </span>
    </p>

    <p class='ocr_par' dir='ltr' id='par_1_30' title="bbox 858 765 1578 854">
     <span class='ocr_line' id='line_1_69' title="bbox 858 765 1578 815; baseline 0.011 -19"><span class='ocrx_word' id='word_1_316' title='bbox 858 765 1021 808; x_wconf 65' lang='lat' dir='ltr'><strong>Aeropus,</strong></span> <span class='ocrx_word' id='word_1_317' title='bbox 1045 766 1199 808; x_wconf 77' lang='lat' dir='ltr'><strong>Philippi</strong></span> <span class='ocrx_word' id='word_1_318' title='bbox 1222 766 1326 809; x_wconf 76' lang='lat' dir='ltr'><strong>filius,</strong></span> <span class='ocrx_word' id='word_1_319' title='bbox 1352 769 1492 803; x_wconf 78' lang='lat' dir='ltr'><strong>Alcetae</strong></span> <span class='ocrx_word' id='word_1_320' title='bbox 1514 783 1578 815; x_wconf 79' lang='lat' dir='ltr'><strong>pa-</strong></span> 
     </span>
     <span class='ocr_line' id='line_1_70' title="bbox 905 812 1270 854; baseline 0.016 -13"><span class='ocrx_word' id='word_1_321' title='bbox 905 816 965 852; x_wconf 77' lang='lat' dir='ltr'><strong>ter,</strong></span> <span class='ocrx_word' id='word_1_322' title='bbox 992 812 1083 854; x_wconf 71' lang='lat' dir='ltr'><strong>Yill,</strong></span> <span class='ocrx_word' id='word_1_323' title='bbox 1109 812 1177 846; x_wconf 81' lang='grc'><strong>139</strong></span> <span class='ocrx_word' id='word_1_324' title='bbox 1200 817 1270 847; x_wconf 83' lang='lat' dir='ltr'><strong>not.</strong></span> 
     </span>
    </p>

    <p class='ocr_par' dir='ltr' id='par_1_31' title="bbox 858 858 1493 903">
     <span class='ocr_line' id='line_1_71' title="bbox 858 858 1493 903; baseline 0.009 -14"><span class='ocrx_word' id='word_1_325' title='bbox 858 858 1022 901; x_wconf 78' lang='lat' dir='ltr'><strong>Ae‘ropns,</strong></span> <span class='ocrx_word' id='word_1_326' title='bbox 1048 859 1195 892; x_wconf 83' lang='lat' dir='ltr'><strong>Echemi</strong></span> <span class='ocrx_word' id='word_1_327' title='bbox 1217 862 1326 903; x_wconf 82' lang='lat' dir='ltr'><strong>pater,</strong></span> <span class='ocrx_word' id='word_1_328' title='bbox 1351 859 1413 901; x_wconf 81' lang='lat' dir='ltr'><strong>IX,</strong></span> <span class='ocrx_word' id='word_1_329' title='bbox 1437 861 1493 895; x_wconf 90' lang='grc'><strong>26.</strong></span> 
     </span>
    </p>

    <p class='ocr_par' dir='ltr' id='par_1_32' title="bbox 858 904 1577 1639">
     <span class='ocr_line' id='line_1_72' title="bbox 858 904 1577 949; baseline 0.01 -14"><span class='ocrx_word' id='word_1_330' title='bbox 858 904 922 936; x_wconf 89' lang='lat' dir='ltr'><strong>Aes</strong></span> <span class='ocrx_word' id='word_1_331' title='bbox 947 904 1040 947; x_wconf 78' lang='lat' dir='ltr'><strong>apud</strong></span> <span class='ocrx_word' id='word_1_332' title='bbox 1051 904 1243 949; x_wconf 81' lang='lat' dir='ltr'><strong>Aethiopas</strong></span> <span class='ocrx_word' id='word_1_333' title='bbox 1268 907 1423 940; x_wconf 85' lang='lat' dir='ltr'><strong>omnium</strong></span> <span class='ocrx_word' id='word_1_334' title='bbox 1447 909 1577 949; x_wconf 84' lang='lat' dir='ltr'><strong>pretio-</strong></span> 
     </span>
     <span class='ocr_line' id='line_1_73' title="bbox 905 949 1576 996; baseline 0.01 -14"><span class='ocrx_word' id='word_1_335' title='bbox 905 949 1079 984; x_wconf 86' lang='lat' dir='ltr'><strong>sissimum</strong></span> <span class='ocrx_word' id='word_1_336' title='bbox 1112 956 1145 985; x_wconf 85' lang='lat' dir='ltr'><strong>et</strong></span> <span class='ocrx_word' id='word_1_337' title='bbox 1178 951 1406 995; x_wconf 83' lang='lat' dir='ltr'><strong>rarissimum,</strong></span> <span class='ocrx_word' id='word_1_338' title='bbox 1437 955 1499 996; x_wconf 89' lang='grc' dir='ltr'><strong>ΙΙΙ,</strong></span> <span class='ocrx_word' id='word_1_339' title='bbox 1529 955 1576 989; x_wconf 76' lang='grc'><strong>23</strong></span> 
     </span>
     <span class='ocr_line' id='line_1_74' title="bbox 902 997 1574 1043; baseline 0.01 -15"><span class='ocrx_word' id='word_1_340' title='bbox 902 999 971 1028; x_wconf 82' lang='lat' dir='ltr'><strong>not.</strong></span> <span class='ocrx_word' id='word_1_341' title='bbox 996 997 1087 1038; x_wconf 86' lang='lat' dir='ltr'><strong>apud</strong></span> <span class='ocrx_word' id='word_1_342' title='bbox 1111 997 1261 1042; x_wconf 83' lang='lat' dir='ltr'><strong>Scythas</strong></span> <span class='ocrx_word' id='word_1_343' title='bbox 1285 1009 1353 1032; x_wconf 92' lang='lat' dir='ltr'><strong>non</strong></span> <span class='ocrx_word' id='word_1_344' title='bbox 1378 1000 1478 1033; x_wconf 84' lang='lat' dir='ltr'><strong>estin</strong></span> <span class='ocrx_word' id='word_1_345' title='bbox 1498 1014 1574 1043; x_wconf 88' lang='lat' dir='ltr'><strong>usu,</strong></span> 
     </span>
     <span class='ocr_line' id='line_1_75' title="bbox 903 1041 1576 1089; baseline 0.012 -15"><span class='ocrx_word' id='word_1_346' title='bbox 903 1041 962 1081; x_wconf 92' lang='lat' dir='ltr'><strong>IV,</strong></span> <span class='ocrx_word' id='word_1_347' title='bbox 994 1041 1050 1075; x_wconf 88' lang='lat'><strong>71.</strong></span> <span class='ocrx_word' id='word_1_348' title='bbox 1086 1043 1160 1076; x_wconf 86' lang='lat' dir='ltr'><strong>eins</strong></span> <span class='ocrx_word' id='word_1_349' title='bbox 1196 1044 1297 1087; x_wconf 88' lang='lat' dir='ltr'><strong>copia</strong></span> <span class='ocrx_word' id='word_1_350' title='bbox 1324 1047 1417 1089; x_wconf 88' lang='lat' dir='ltr'><strong>apud</strong></span> <span class='ocrx_word' id='word_1_351' title='bbox 1440 1048 1576 1082; x_wconf 87' lang='lat' dir='ltr'><strong>Massa-</strong></span> 
     </span>
     <span class='ocr_line' id='line_1_76' title="bbox 900 1087 1575 1130; baseline 0.013 -11"><span class='ocrx_word' id='word_1_352' title='bbox 900 1091 1012 1130; x_wconf 81' lang='lat' dir='ltr'><strong>getas,</strong></span> <span class='ocrx_word' id='word_1_353' title='bbox 1048 1089 1077 1129; x_wconf 89' lang='lat' dir='ltr'><strong>I,</strong></span> <span class='ocrx_word' id='word_1_354' title='bbox 1110 1087 1189 1123; x_wconf 84' lang='grc'><strong>215.</strong></span> <span class='ocrx_word' id='word_1_355' title='bbox 1226 1101 1285 1123; x_wconf 88' lang='lat' dir='ltr'><strong>aes</strong></span> <span class='ocrx_word' id='word_1_356' title='bbox 1328 1097 1409 1125; x_wconf 87' lang='lat' dir='ltr'><strong>ante</strong></span> <span class='ocrx_word' id='word_1_357' title='bbox 1442 1093 1575 1129; x_wconf 84' lang='lat' dir='ltr'><strong>ferrum</strong></span> 
     </span>
     <span class='ocr_line' id='line_1_77' title="bbox 899 1133 1574 1179; baseline 0.012 -13"><span class='ocrx_word' id='word_1_358' title='bbox 899 1133 935 1166; x_wconf 90' lang='lat' dir='ltr'><strong>in</strong></span> <span class='ocrx_word' id='word_1_359' title='bbox 955 1145 1030 1176; x_wconf 88' lang='lat' dir='ltr'><strong>usu,</strong></span> <span class='ocrx_word' id='word_1_360' title='bbox 1056 1135 1082 1176; x_wconf 92' lang='lat' dir='ltr'><strong>I,</strong></span> <span class='ocrx_word' id='word_1_361' title='bbox 1107 1135 1152 1168; x_wconf 84' lang='lat'><strong>68</strong></span> <span class='ocrx_word' id='word_1_362' title='bbox 1176 1139 1246 1170; x_wconf 85' lang='lat' dir='ltr'><strong>not.</strong></span> <span class='ocrx_word' id='word_1_363' title='bbox 1268 1147 1330 1179; x_wconf 92' lang='lat' dir='ltr'><strong>pro</strong></span> <span class='ocrx_word' id='word_1_364' title='bbox 1347 1148 1428 1171; x_wconf 87' lang='lat' dir='ltr'><strong>aere</strong></span> <span class='ocrx_word' id='word_1_365' title='bbox 1449 1150 1574 1174; x_wconf 84' lang='lat' dir='ltr'><strong>aurum</strong></span> 
     </span>
     <span class='ocr_line' id='line_1_78' title="bbox 897 1181 1575 1225; baseline 0.013 -14"><span class='ocrx_word' id='word_1_366' title='bbox 897 1184 1097 1214; x_wconf 87' lang='lat' dir='ltr'><strong>mercantur</strong></span> <span class='ocrx_word' id='word_1_367' title='bbox 1117 1182 1317 1225; x_wconf 72' lang='lat' dir='ltr'><strong>Aeginetae,</strong></span> <span class='ocrx_word' id='word_1_368' title='bbox 1348 1181 1409 1222; x_wconf 80' lang='lat' dir='ltr'><strong>IX,</strong></span> <span class='ocrx_word' id='word_1_369' title='bbox 1432 1184 1478 1219; x_wconf 87' lang='lat'><strong>79</strong></span> <span class='ocrx_word' id='word_1_370' title='bbox 1502 1192 1575 1220; x_wconf 78' lang='lat' dir='ltr'><strong>not.</strong></span> 
     </span>
     <span class='ocr_line' id='line_1_79' title="bbox 897 1225 1574 1266; baseline 0.012 -8"><span class='ocrx_word' id='word_1_371' title='bbox 897 1225 996 1260; x_wconf 86' lang='lat' dir='ltr'><strong>Aeris</strong></span> <span class='ocrx_word' id='word_1_372' title='bbox 1017 1227 1120 1261; x_wconf 84' lang='lat' dir='ltr'><strong>alieni</strong></span> <span class='ocrx_word' id='word_1_373' title='bbox 1144 1227 1278 1262; x_wconf 84' lang='lat' dir='ltr'><strong>debitor</strong></span> <span class='ocrx_word' id='word_1_374' title='bbox 1301 1230 1482 1266; x_wconf 87' lang='lat' dir='ltr'><strong>mendacio</strong></span> <span class='ocrx_word' id='word_1_375' title='bbox 1510 1233 1574 1266; x_wconf 91' lang='lat' dir='ltr'><strong>ob-</strong></span> 
     </span>
     <span class='ocr_line' id='line_1_80' title="bbox 895 1271 1573 1314; baseline 0.013 -10"><span class='ocrx_word' id='word_1_376' title='bbox 895 1271 1030 1314; x_wconf 81' lang='lat' dir='ltr'><strong>noxius,</strong></span> <span class='ocrx_word' id='word_1_377' title='bbox 1069 1273 1095 1314; x_wconf 92' lang='lat' dir='ltr'><strong>I,</strong></span> <span class='ocrx_word' id='word_1_378' title='bbox 1122 1273 1199 1307; x_wconf 83' lang='lat'>138.</span> <span class='ocrx_word' id='word_1_379' title='bbox 1233 1294 1278 1299; x_wconf 91' lang='lat'><strong>—</strong></span> <span class='ocrx_word' id='word_1_380' title='bbox 1312 1276 1379 1309; x_wconf 83' lang='lat' dir='ltr'><strong>Aes</strong></span> <span class='ocrx_word' id='word_1_381' title='bbox 1419 1278 1573 1313; x_wconf 86' lang='lat' dir='ltr'><strong>alienum</strong></span> 
     </span>
     <span class='ocr_line' id='line_1_81' title="bbox 896 1318 1572 1366; baseline 0.013 -16"><span class='ocrx_word' id='word_1_382' title='bbox 896 1318 1033 1358; x_wconf 86' lang='lat' dir='ltr'><strong>debere,</strong></span> <span class='ocrx_word' id='word_1_383' title='bbox 1055 1321 1146 1362; x_wconf 85' lang='lat' dir='ltr'><strong>apud</strong></span> <span class='ocrx_word' id='word_1_384' title='bbox 1170 1321 1294 1355; x_wconf 87' lang='lat' dir='ltr'><strong>Persas</strong></span> <span class='ocrx_word' id='word_1_385' title='bbox 1317 1325 1430 1366; x_wconf 83' lang='lat' dir='ltr'><strong>turpe,</strong></span> <span class='ocrx_word' id='word_1_386' title='bbox 1456 1324 1572 1365; x_wconf 81' lang='lat'><strong>1,138.</strong></span> 
     </span>
     <span class='ocr_line' id='line_1_82' title="bbox 897 1364 1573 1414; baseline 0.013 -18"><span class='ocrx_word' id='word_1_387' title='bbox 897 1364 987 1397; x_wconf 87' lang='lat' dir='ltr'><strong>aeris</strong></span> <span class='ocrx_word' id='word_1_388' title='bbox 1011 1365 1116 1399; x_wconf 88' lang='lat' dir='ltr'><strong>alieni</strong></span> <span class='ocrx_word' id='word_1_389' title='bbox 1133 1366 1268 1400; x_wconf 80' lang='lat' dir='ltr'><strong>debitor</strong></span> <span class='ocrx_word' id='word_1_390' title='bbox 1291 1368 1441 1403; x_wconf 74' lang='lat' dir='ltr'><strong>cadaver</strong></span> <span class='ocrx_word' id='word_1_391' title='bbox 1462 1371 1573 1414; x_wconf 88' lang='lat' dir='ltr'><strong>patris</strong></span> 
     </span>
     <span class='ocr_line' id='line_1_83' title="bbox 896 1410 1571 1457; baseline 0.013 -15"><span class='ocrx_word' id='word_1_392' title='bbox 896 1410 1034 1453; x_wconf 84' lang='lat' dir='ltr'><strong>deponit</strong></span> <span class='ocrx_word' id='word_1_393' title='bbox 1074 1423 1131 1455; x_wconf 86' lang='lat' dir='ltr'><strong>ap.</strong></span> <span class='ocrx_word' id='word_1_394' title='bbox 1164 1412 1368 1457; x_wconf 75' lang='lat' dir='ltr'><strong>AegyptiOS,</strong></span> <span class='ocrx_word' id='word_1_395' title='bbox 1404 1415 1449 1454; x_wconf 86' lang='grc' dir='ltr'><strong>ΙΙ,</strong></span> <span class='ocrx_word' id='word_1_396' title='bbox 1489 1416 1571 1452; x_wconf 82' lang='lat'><strong>136.</strong></span> 
     </span>
     <span class='ocr_line' id='line_1_84' title="bbox 894 1457 1571 1506; baseline 0.012 -17"><span class='ocrx_word' id='word_1_397' title='bbox 894 1467 974 1490; x_wconf 85' lang='lat' dir='ltr'><strong>aere</strong></span> <span class='ocrx_word' id='word_1_398' title='bbox 1006 1457 1119 1491; x_wconf 84' lang='lat' dir='ltr'><strong>alieno</strong></span> <span class='ocrx_word' id='word_1_399' title='bbox 1142 1457 1310 1493; x_wconf 87' lang='lat' dir='ltr'><strong>liberatur</strong></span> <span class='ocrx_word' id='word_1_400' title='bbox 1332 1471 1387 1503; x_wconf 85' lang='lat' dir='ltr'><strong>ap.</strong></span> <span class='ocrx_word' id='word_1_401' title='bbox 1426 1462 1571 1506; x_wconf 83' lang='lat' dir='ltr'><strong>Sparta-</strong></span> 
     </span>
     <span class='ocr_line' id='line_1_85' title="bbox 893 1503 1570 1553; baseline 0.013 -18"><span class='ocrx_word' id='word_1_402' title='bbox 893 1513 968 1544; x_wconf 86' lang='lat' dir='ltr'><strong>nos,</strong></span> <span class='ocrx_word' id='word_1_403' title='bbox 1000 1503 1034 1536; x_wconf 92' lang='lat' dir='ltr'><strong>in</strong></span> <span class='ocrx_word' id='word_1_404' title='bbox 1059 1504 1152 1545; x_wconf 73' lang='lat' dir='ltr'><strong>regis</strong></span> <span class='ocrx_word' id='word_1_405' title='bbox 1177 1505 1286 1548; x_wconf 90' lang='lat' dir='ltr'><strong>obitu,</strong></span> <span class='ocrx_word' id='word_1_406' title='bbox 1323 1506 1383 1550; x_wconf 90' lang='lat' dir='ltr'><strong>qui</strong></span> <span class='ocrx_word' id='word_1_407' title='bbox 1408 1513 1469 1543; x_wconf 87' lang='lat' dir='ltr'><strong>aut</strong></span> <span class='ocrx_word' id='word_1_408' title='bbox 1491 1509 1570 1553; x_wconf 78' lang='lat' dir='ltr'><strong>regi</strong></span> 
     </span>
     <span class='ocr_line' id='line_1_86' title="bbox 893 1549 1569 1600; baseline 0.013 -19"><span class='ocrx_word' id='word_1_409' title='bbox 893 1553 954 1581; x_wconf 87' lang='lat' dir='ltr'><strong>aut·</strong></span> <span class='ocrx_word' id='word_1_410' title='bbox 975 1549 1186 1593; x_wconf 84' lang='lat' dir='ltr'><strong>reipublicae</strong></span> <span class='ocrx_word' id='word_1_411' title='bbox 1208 1552 1252 1584; x_wconf 85' lang='lat' dir='ltr'><strong>sit</strong></span> <span class='ocrx_word' id='word_1_412' title='bbox 1274 1552 1471 1600; x_wconf 84' lang='lat' dir='ltr'><strong>obstrictus,</strong></span> <span class='ocrx_word' id='word_1_413' title='bbox 1510 1556 1569 1599; x_wconf 81' lang='lat' dir='ltr'><strong>Vl,</strong></span> 
     </span>
     <span class='ocr_line' id='line_1_87' title="bbox 891 1593 1445 1639; baseline 0.011 -12"><span class='ocrx_word' id='word_1_414' title='bbox 891 1593 947 1628; x_wconf 77' lang='lat'><strong>59.</strong></span> <span class='ocrx_word' id='word_1_415' title='bbox 973 1600 1011 1629; x_wconf 90' lang='lat' dir='ltr'><strong>ut</strong></span> <span class='ocrx_word' id='word_1_416' title='bbox 1033 1600 1066 1629; x_wconf 85' lang='lat' dir='ltr'><strong>et</strong></span> <span class='ocrx_word' id='word_1_417' title='bbox 1089 1597 1179 1639; x_wconf 88' lang='lat' dir='ltr'><strong>apud</strong></span> <span class='ocrx_word' id='word_1_418' title='bbox 1201 1598 1336 1636; x_wconf 77' lang='lat' dir='ltr'><strong>Persas,</strong></span> <span class='ocrx_word' id='word_1_419' title='bbox 1360 1599 1445 1633; x_wconf 72' lang='lat' dir='ltr'><strong>ibid.</strong></span> 
     </span>
    </p>

    <p class='ocr_par' dir='ltr' id='par_1_33' title="bbox 844 1641 1474 1685">
     <span class='ocr_line' id='line_1_88' title="bbox 844 1641 1474 1685; baseline 0.013 -13"><span class='ocrx_word' id='word_1_420' title='bbox 844 1641 1023 1682; x_wconf 77' lang='lat' dir='ltr'><strong>Aesonius,</strong></span> <span class='ocrx_word' id='word_1_421' title='bbox 1048 1642 1147 1674; x_wconf 87' lang='lat' dir='ltr'><strong>Grini</strong></span> <span class='ocrx_word' id='word_1_422' title='bbox 1172 1647 1284 1685; x_wconf 84' lang='lat' dir='ltr'><strong>pater,</strong></span> <span class='ocrx_word' id='word_1_423' title='bbox 1312 1644 1370 1685; x_wconf 87' lang='lat' dir='ltr'><strong>IV,</strong></span> <span class='ocrx_word' id='word_1_424' title='bbox 1396 1644 1474 1681; x_wconf 85' lang='lat'>150.</span> 
     </span>
    </p>

    <p class='ocr_par' dir='ltr' id='par_1_34' title="bbox 842 1687 1567 1904">
     <span class='ocr_line' id='line_1_89' title="bbox 842 1687 1567 1733; baseline 0.012 -15"><span class='ocrx_word' id='word_1_425' title='bbox 842 1687 1033 1728; x_wconf 73' lang='lat' dir='ltr'><strong>Aeschines,</strong></span> <span class='ocrx_word' id='word_1_426' title='bbox 1066 1688 1236 1722; x_wconf 76' lang='lat' dir='ltr'><strong>Nothonis</strong></span> <span class='ocrx_word' id='word_1_427' title='bbox 1258 1689 1363 1732; x_wconf 81' lang='lat' dir='ltr'><strong>filius,</strong></span> <span class='ocrx_word' id='word_1_428' title='bbox 1397 1693 1454 1733; x_wconf 64' lang='lat' dir='ltr'><strong>vl,</strong></span> <span class='ocrx_word' id='word_1_429' title='bbox 1487 1692 1567 1727; x_wconf 89' lang='grc'><strong>100.</strong></span> 
     </span>
     <span class='ocr_line' id='line_1_90' title="bbox 887 1733 1566 1773; baseline 0.012 -8"><span class='ocrx_word' id='word_1_430' title='bbox 887 1744 955 1766; x_wconf 92' lang='lat' dir='ltr'><strong>non</strong></span> <span class='ocrx_word' id='word_1_431' title='bbox 991 1733 1071 1767; x_wconf 74' lang='lat' dir='ltr'><strong>sinit</strong></span> <span class='ocrx_word' id='word_1_432' title='bbox 1112 1734 1376 1769; x_wconf 88' lang='lat' dir='ltr'><strong>Atheniensium</strong></span> <span class='ocrx_word' id='word_1_433' title='bbox 1419 1740 1566 1773; x_wconf 83' lang='lat' dir='ltr'><strong>auxilia-</strong></span> 
     </span>
     <span class='ocr_line' id='line_1_91' title="bbox 887 1782 1567 1823; baseline 0.012 -12"><span class='ocrx_word' id='word_1_434' title='bbox 887 1783 1004 1812; x_wconf 88' lang='lat' dir='ltr'><strong>torum</strong></span> <span class='ocrx_word' id='word_1_435' title='bbox 1033 1784 1183 1823; x_wconf 80' lang='lat' dir='ltr'><strong>quatuor</strong></span> <span class='ocrx_word' id='word_1_436' title='bbox 1213 1782 1328 1815; x_wconf 88' lang='lat' dir='ltr'><strong>millia</strong></span> <span class='ocrx_word' id='word_1_437' title='bbox 1363 1795 1443 1817; x_wconf 84' lang='lat' dir='ltr'><strong>cum</strong></span> <span class='ocrx_word' id='word_1_438' title='bbox 1479 1787 1567 1818; x_wconf 85' lang='lat' dir='ltr'><strong>Ere-</strong></span> 
     </span>
     <span class='ocr_line' id='line_1_92' title="bbox 884 1825 1564 1874; baseline 0.01 -17"><span class='ocrx_word' id='word_1_439' title='bbox 884 1825 1070 1859; x_wconf 89' lang='lat' dir='ltr'><strong>triensibus</strong></span> <span class='ocrx_word' id='word_1_440' title='bbox 1091 1826 1127 1860; x_wconf 90' lang='lat' dir='ltr'><strong>in</strong></span> <span class='ocrx_word' id='word_1_441' title='bbox 1150 1828 1244 1861; x_wconf 87' lang='lat' dir='ltr'><strong>bello</strong></span> <span class='ocrx_word' id='word_1_442' title='bbox 1267 1828 1410 1864; x_wconf 87' lang='lat' dir='ltr'><strong>Persico</strong></span> <span class='ocrx_word' id='word_1_443' title='bbox 1438 1832 1564 1874; x_wconf 85' lang='lat' dir='ltr'><strong>perire,</strong></span> 
     </span>
     <span class='ocr_line' id='line_1_93' title="bbox 885 1871 969 1904; baseline 0.012 -1"><span class='ocrx_word' id='word_1_444' title='bbox 885 1871 969 1904; x_wconf 81' lang='lat' dir='ltr'><strong>ibid.</strong></span> 
     </span>
    </p>

    <p class='ocr_par' dir='ltr' id='par_1_35' title="bbox 839 1917 1560 1964">
     <span class='ocr_line' id='line_1_94' title="bbox 839 1917 1560 1964; baseline 0.008 -15"><span class='ocrx_word' id='word_1_445' title='bbox 839 1917 1036 1958; x_wconf 81' lang='lat' dir='ltr'><strong>Aeschreas,</strong></span> <span class='ocrx_word' id='word_1_446' title='bbox 1052 1917 1257 1962; x_wconf 79' lang='lat' dir='ltr'><strong>Lycomedis</strong></span> <span class='ocrx_word' id='word_1_447' title='bbox 1278 1922 1388 1962; x_wconf 87' lang='lat' dir='ltr'><strong>pater,</strong></span> <span class='ocrx_word' id='word_1_448' title='bbox 1400 1920 1490 1964; x_wconf 83' lang='lat' dir='ltr'><strong>VIII,</strong></span> <span class='ocrx_word' id='word_1_449' title='bbox 1504 1922 1560 1955; x_wconf 91' lang='grc'><strong>11.</strong></span> 
     </span>
    </p>

    <p class='ocr_par' dir='ltr' id='par_1_36' title="bbox 839 1964 1561 2042">
     <span class='ocr_line' id='line_1_95' title="bbox 839 1964 1561 2011; baseline 0.01 -16"><span class='ocrx_word' id='word_1_450' title='bbox 839 1964 1060 1997; x_wconf 78' lang='lat' dir='ltr'><strong>Aeschrionia</strong></span> <span class='ocrx_word' id='word_1_451' title='bbox 1091 1964 1291 1999; x_wconf 86' lang='lat' dir='ltr'><strong>Samiorum</strong></span> <span class='ocrx_word' id='word_1_452' title='bbox 1330 1967 1461 2010; x_wconf 87' lang='lat' dir='ltr'><strong>tribus,</strong></span> <span class='ocrx_word' id='word_1_453' title='bbox 1500 1969 1561 2011; x_wconf 86' lang='lat'><strong>111,</strong></span> 
     </span>
     <span class='ocr_line' id='line_1_96' title="bbox 885 2009 1026 2042; baseline 0.007 -1"><span class='ocrx_word' id='word_1_454' title='bbox 885 2009 930 2041; x_wconf 85' lang='grc'><strong>26</strong></span> <span class='ocrx_word' id='word_1_455' title='bbox 954 2014 1026 2042; x_wconf 85' lang='lat' dir='ltr'><strong>not.</strong></span> 
     </span>
    </p>

    <p class='ocr_par' dir='ltr' id='par_1_37' title="bbox 838 2055 1561 2421">
     <span class='ocr_line' id='line_1_97' title="bbox 838 2055 1561 2101; baseline 0.01 -14"><span class='ocrx_word' id='word_1_456' title='bbox 838 2055 1033 2098; x_wconf 77' lang='lat' dir='ltr'><strong>Aeschylus,</strong></span> <span class='ocrx_word' id='word_1_457' title='bbox 1057 2055 1289 2098; x_wconf 88' lang='lat' dir='ltr'><strong>Euphorionis</strong></span> <span class='ocrx_word' id='word_1_458' title='bbox 1311 2057 1417 2100; x_wconf 82' lang='lat' dir='ltr'><strong>filius,</strong></span> <span class='ocrx_word' id='word_1_459' title='bbox 1438 2059 1482 2101; x_wconf 90' lang='grc' dir='ltr'><strong>ΙΙ,</strong></span> <span class='ocrx_word' id='word_1_460' title='bbox 1492 2059 1561 2094; x_wconf 85' lang='grc'><strong>156</strong></span> 
     </span>
     <span class='ocr_line' id='line_1_98' title="bbox 886 2101 1560 2146; baseline 0.009 -13"><span class='ocrx_word' id='word_1_461' title='bbox 886 2106 955 2134; x_wconf 89' lang='lat' dir='ltr'><strong>not.</strong></span> <span class='ocrx_word' id='word_1_462' title='bbox 987 2101 1151 2146; x_wconf 83' lang='lat' dir='ltr'><strong>Aeschyli</strong></span> <span class='ocrx_word' id='word_1_463' title='bbox 1182 2103 1278 2137; x_wconf 89' lang='lat' dir='ltr'><strong>notio</strong></span> <span class='ocrx_word' id='word_1_464' title='bbox 1301 2104 1344 2137; x_wconf 90' lang='lat' dir='ltr'><strong>de</strong></span> <span class='ocrx_word' id='word_1_465' title='bbox 1367 2105 1439 2138; x_wconf 78' lang='lat' dir='ltr'><strong>fato</strong></span> <span class='ocrx_word' id='word_1_466' title='bbox 1463 2106 1560 2139; x_wconf 88' lang='lat' dir='ltr'><strong>simi-</strong></span> 
     </span>
     <span class='ocr_line' id='line_1_99' title="bbox 885 2147 1557 2194; baseline 0.01 -15"><span class='ocrx_word' id='word_1_467' title='bbox 885 2147 927 2180; x_wconf 88' lang='lat' dir='ltr'><strong>lis</strong></span> <span class='ocrx_word' id='word_1_468' title='bbox 951 2148 1171 2182; x_wconf 85' lang='lat' dir='ltr'><strong>Herodoteae</strong></span> <span class='ocrx_word' id='word_1_469' title='bbox 1192 2149 1344 2192; x_wconf 88' lang='lat' dir='ltr'><strong>notioni,</strong></span> <span class='ocrx_word' id='word_1_470' title='bbox 1368 2152 1500 2185; x_wconf 80' lang='lat' dir='ltr'><strong>Conim.</strong></span> <span class='ocrx_word' id='word_1_471' title='bbox 1525 2155 1557 2194; x_wconf 82' lang='lat'><strong>§.</strong></span> 
     </span>
     <span class='ocr_line' id='line_1_100' title="bbox 884 2192 1560 2242; baseline 0.01 -17"><span class='ocrx_word' id='word_1_472' title='bbox 884 2192 949 2231; x_wconf 72' lang='lat'><strong>123</strong></span> <span class='ocrx_word' id='word_1_473' title='bbox 971 2193 1006 2226; x_wconf 90' lang='lat' dir='ltr'><strong>in</strong></span> <span class='ocrx_word' id='word_1_474' title='bbox 1026 2194 1140 2228; x_wconf 85' lang='lat' dir='ltr'><strong>Persis</strong></span> <span class='ocrx_word' id='word_1_475' title='bbox 1163 2195 1254 2228; x_wconf 89' lang='lat' dir='ltr'><strong>idem</strong></span> <span class='ocrx_word' id='word_1_476' title='bbox 1277 2195 1350 2229; x_wconf 82' lang='lat' dir='ltr'><strong>fere</strong></span> <span class='ocrx_word' id='word_1_477' title='bbox 1370 2208 1560 2242; x_wconf 85' lang='lat' dir='ltr'><strong>argumen-</strong></span> 
     </span>
     <span class='ocr_line' id='line_1_101' title="bbox 883 2241 1558 2286; baseline 0.012 -15"><span class='ocrx_word' id='word_1_478' title='bbox 883 2242 970 2280; x_wconf 91' lang='lat' dir='ltr'><strong>tum,</strong></span> <span class='ocrx_word' id='word_1_479' title='bbox 1019 2241 1113 2283; x_wconf 88' lang='lat' dir='ltr'><strong>quod</strong></span> <span class='ocrx_word' id='word_1_480' title='bbox 1157 2242 1377 2284; x_wconf 86' lang='lat' dir='ltr'><strong>Herodotus,</strong></span> <span class='ocrx_word' id='word_1_481' title='bbox 1422 2248 1558 2286; x_wconf 84' lang='lat' dir='ltr'><strong>tractat,</strong></span> 
     </span>
     <span class='ocr_line' id='line_1_102' title="bbox 880 2285 1559 2328; baseline 0.01 -10"><span class='ocrx_word' id='word_1_482' title='bbox 880 2285 1014 2319; x_wconf 87' lang='lat' dir='ltr'><strong>Comm.</strong></span> <span class='ocrx_word' id='word_1_483' title='bbox 1042 2288 1074 2327; x_wconf 82' lang='lat'><strong>§.</strong></span> <span class='ocrx_word' id='word_1_484' title='bbox 1099 2286 1164 2328; x_wconf 80' lang='lat'><strong>123</strong></span> <span class='ocrx_word' id='word_1_485' title='bbox 1198 2288 1285 2322; x_wconf 88' lang='lat' dir='ltr'><strong>Eius</strong></span> <span class='ocrx_word' id='word_1_486' title='bbox 1308 2291 1438 2324; x_wconf 88' lang='lat' dir='ltr'><strong>multae</strong></span> <span class='ocrx_word' id='word_1_487' title='bbox 1462 2291 1559 2324; x_wconf 91' lang='lat' dir='ltr'><strong>locu-</strong></span> 
     </span>
     <span class='ocr_line' id='line_1_103' title="bbox 880 2331 1557 2380; baseline 0.009 -16"><span class='ocrx_word' id='word_1_488' title='bbox 880 2331 989 2366; x_wconf 85' lang='lat' dir='ltr'><strong>tiones</strong></span> <span class='ocrx_word' id='word_1_489' title='bbox 1025 2332 1060 2365; x_wconf 90' lang='lat' dir='ltr'><strong>in</strong></span> <span class='ocrx_word' id='word_1_490' title='bbox 1105 2334 1285 2369; x_wconf 85' lang='lat' dir='ltr'><strong>Herodoto</strong></span> <span class='ocrx_word' id='word_1_491' title='bbox 1325 2336 1557 2380; x_wconf 86' lang='lat' dir='ltr'><strong>reperiuntur,</strong></span> 
     </span>
     <span class='ocr_line' id='line_1_104' title="bbox 881 2377 1154 2421; baseline 0.011 -11"><span class='ocrx_word' id='word_1_492' title='bbox 881 2377 1015 2413; x_wconf 88' lang='lat' dir='ltr'><strong>Comm.</strong></span> <span class='ocrx_word' id='word_1_493' title='bbox 1041 2381 1072 2421; x_wconf 83' lang='lat'><strong>§.</strong></span> <span class='ocrx_word' id='word_1_494' title='bbox 1099 2378 1154 2413; x_wconf 88' lang='grc'><strong>15.</strong></span> 
     </span>
    </p>

    <p class='ocr_par' dir='ltr' id='par_1_38' title="bbox 832 2424 1555 2515">
     <span class='ocr_line' id='line_1_105' title="bbox 832 2424 1555 2470; baseline 0.008 -14"><span class='ocrx_word' id='word_1_495' title='bbox 832 2424 992 2468; x_wconf 85' lang='lat' dir='ltr'><strong>Aesopus,</strong></span> <span class='ocrx_word' id='word_1_496' title='bbox 1016 2425 1217 2459; x_wconf 79' lang='lat' dir='ltr'><strong>fabularum</strong></span> <span class='ocrx_word' id='word_1_497' title='bbox 1240 2426 1399 2469; x_wconf 88' lang='lat' dir='ltr'><strong>scriptor,</strong></span> <span class='ocrx_word' id='word_1_498' title='bbox 1422 2427 1467 2470; x_wconf 90' lang='lat' dir='ltr'><strong>II,</strong></span> <span class='ocrx_word' id='word_1_499' title='bbox 1487 2428 1555 2464; x_wconf 66' lang='grc'><strong>131</strong></span> 
     </span>
     <span class='ocr_line' id='line_1_106' title="bbox 879 2473 1393 2515; baseline 0.008 -12"><span class='ocrx_word' id='word_1_500' title='bbox 879 2475 949 2504; x_wconf 90' lang='lat' dir='ltr'><strong>not.</strong></span> <span class='ocrx_word' id='word_1_501' title='bbox 975 2474 1069 2505; x_wconf 87' lang='lat' dir='ltr'><strong>aetas</strong></span> <span class='ocrx_word' id='word_1_502' title='bbox 1094 2476 1127 2505; x_wconf 91' lang='lat' dir='ltr'><strong>et</strong></span> <span class='ocrx_word' id='word_1_503' title='bbox 1151 2473 1282 2515; x_wconf 84' lang='lat' dir='ltr'><strong>caedes,</strong></span> <span class='ocrx_word' id='word_1_504' title='bbox 1309 2474 1393 2507; x_wconf 82' lang='lat' dir='ltr'><strong>ibid.</strong></span> 
     </span>
    </p>
   </div>
   <div class='ocr_carea' id='block_1_10' title="bbox 828 2528 1552 2752">
    <p class='ocr_par' dir='ltr' id='par_1_39' title="bbox 831 2528 1552 2652">
     <span class='ocr_line' id='line_1_107' title="bbox 831 2528 1552 2578; baseline 0.008 -18"><span class='ocrx_word' id='word_1_505' title='bbox 831 2528 952 2561; x_wconf 83' lang='lat' dir='ltr'><strong>Aestas</strong></span> <span class='ocrx_word' id='word_1_506' title='bbox 987 2528 1048 2561; x_wconf 90' lang='lat' dir='ltr'><strong>ubi</strong></span> <span class='ocrx_word' id='word_1_507' title='bbox 1082 2540 1216 2572; x_wconf 82' lang='lat' dir='ltr'><strong>semper</strong></span> <span class='ocrx_word' id='word_1_508' title='bbox 1249 2531 1370 2565; x_wconf 85' lang='lat' dir='ltr'><strong>nubila</strong></span> <span class='ocrx_word' id='word_1_509' title='bbox 1393 2535 1460 2572; x_wconf 84' lang='lat' dir='ltr'><strong>est,</strong></span> <span class='ocrx_word' id='word_1_510' title='bbox 1491 2532 1552 2578; x_wconf 87' lang='lat' dir='ltr'><strong>IV,</strong></span> 
     </span>
     <span class='ocr_line' id='line_1_108' title="bbox 877 2573 1551 2652; baseline 0.01 -46"><span class='ocrx_word' id='word_1_511' title='bbox 877 2573 931 2608; x_wconf 78' lang='lat'><strong>28.</strong></span> <span class='ocrx_word' id='word_1_512' title='bbox 959 2575 1098 2652; x_wconf 59' lang='lat' dir='ltr'><strong>aflstatis</strong></span> <span class='ocrx_word' id='word_1_513' title='bbox 1130 2582 1166 2609; x_wconf 86' lang='lat' dir='ltr'><strong>et</strong></span> <span class='ocrx_word' id='word_1_514' title='bbox 1191 2575 1318 2610; x_wconf 88' lang='lat' dir='ltr'><strong>hiemis</strong></span> <span class='ocrx_word' id='word_1_515' title='bbox 1353 2577 1551 2622; x_wconf 86' lang='lat' dir='ltr'><strong>simulacra,</strong></span> 
     </span>
    </p>

    <p class='ocr_par' dir='ltr' id='par_1_40' title="bbox 828 2619 1548 2752">
     <span class='ocr_line' id='line_1_109' title="bbox 828 2619 1548 2746; baseline 0.014 -50"><span class='ocrx_word' id='word_1_516' title='bbox 828 2619 1066 2746; x_wconf 40' lang='lat' dir='ltr'><strong>Aci-ispzizletdoeo</strong></span> <span class='ocrx_word' id='word_1_517' title='bbox 1094 2665 1130 2700; x_wconf 88' lang='lat' dir='ltr'><strong>in</strong></span> <span class='ocrx_word' id='word_1_518' title='bbox 1175 2665 1299 2703; x_wconf 88' lang='lat' dir='ltr'><strong>Ionum</strong></span> <span class='ocrx_word' id='word_1_519' title='bbox 1338 2668 1548 2715; x_wconf 84' lang='lat' dir='ltr'><strong>civitatibus,</strong></span> 
     </span>
     <span class='ocr_line' id='line_1_110' title="bbox 871 2723 1077 2752; baseline 0.01 -9"><span class='ocrx_word' id='word_1_520' title='bbox 871 2723 941 2746; x_wconf 85' lang='lat' dir='ltr'><strong>no.</strong></span> <span class='ocrx_word' id='word_1_521' title='bbox 986 2738 996 2752; x_wconf 91' lang='lat'><strong>,</strong></span> <span class='ocrx_word' id='word_1_522' title='bbox 1021 2735 1041 2744; x_wconf 91' lang='lat'>-</span> <span class='ocrx_word' id='word_1_523' title='bbox 1069 2739 1077 2748; x_wconf 89' lang='lat'><strong>.</strong></span> 
     </span>
    </p>
   </div>
   <div class='ocr_carea' id='block_1_11' title="bbox 824 2768 1544 2865">
    <p class='ocr_par' dir='ltr' id='par_1_41' title="bbox 824 2768 1544 2865">
     <span class='ocr_line' id='line_1_111' title="bbox 824 2768 1544 2815; baseline 0.011 -15"><span class='ocrx_word' id='word_1_524' title='bbox 824 2768 1014 2812; x_wconf 76' lang='lat' dir='ltr'><strong>Aethiopes,</strong></span> <span class='ocrx_word' id='word_1_525' title='bbox 1042 2769 1097 2810; x_wconf 82' lang='lat' dir='ltr'><strong>IV,</strong></span> <span class='ocrx_word' id='word_1_526' title='bbox 1116 2769 1184 2806; x_wconf 86' lang='grc'><strong>197</strong></span> <span class='ocrx_word' id='word_1_527' title='bbox 1206 2775 1275 2807; x_wconf 80' lang='lat' dir='ltr'><strong>not.</strong></span> <span class='ocrx_word' id='word_1_528' title='bbox 1307 2774 1383 2815; x_wconf 62' lang='lat' dir='ltr'><strong>VII,</strong></span> <span class='ocrx_word' id='word_1_529' title='bbox 1406 2774 1451 2808; x_wconf 89' lang='grc'><strong>69</strong></span> <span class='ocrx_word' id='word_1_530' title='bbox 1474 2777 1544 2808; x_wconf 83' lang='lat' dir='ltr'><strong>not.</strong></span> 
     </span>
     <span class='ocr_line' id='line_1_112' title="bbox 869 2816 1544 2865; baseline 0.007 -17"><span class='ocrx_word' id='word_1_531' title='bbox 869 2816 1042 2858; x_wconf 83' lang='lat' dir='ltr'><strong>quomodo</strong></span> <span class='ocrx_word' id='word_1_532' title='bbox 1062 2818 1188 2854; x_wconf 85' lang='lat' dir='ltr'><strong>redditi</strong></span> <span class='ocrx_word' id='word_1_533' title='bbox 1218 2820 1479 2863; x_wconf 87' lang='lat' dir='ltr'><strong>mansuetiores,</strong></span> <span class='ocrx_word' id='word_1_534' title='bbox 1498 2820 1544 2865; x_wconf 88' lang='lat'><strong>11,</strong></span> 
     </span>
    </p>
   </div>
  </div>
 </body>
</html>
