1879 3222
495 155 960 194 CALLIOPE.

1017 156 1034 191 l
1045 156 1098 193 X.
1347 159 1433 200 339

167 268 324 319 θόντες
353 265 477 310 λύκοι
515 265 558 315 ἐς
592 262 641 306 τὸ
682 261 867 315 ἄντρου,
906 264 1165 320 διέφθειραν
1203 268 1294 309 τῶν
1323 275 1487 323 προ-60

139 336 315 392 4βάτων
346 335 400 384 ὧς
430 330 650 387 ἑξήκοντα.

709 329 732 373 ὁ
755 331 813 383 δὲ,
845 329 904 381 ὥς
933 331 1100 387 ἐπήισε,
1131 332 1213 390 εἶχε
1238 339 1336 393 σιγῇ
1358 338 1432 380 καὶ

168 404 325 460 ἔφραζε
356 400 525 451 οὐδενὶ,
564 399 610 443 ἐν
642 397 733 455 νόῳ
765 398 873 452 ἔχων
913 396 1294 458 ἀντικαταστήσειν
1323 405 1433 449 ἄλλα

139 471 410 527 5πριάμενος.

472 468 544 511 καὶ
585 466 639 510 ού
678 466 761 523 γὰρ
800 467 926 510 ἔλαθε
960 468 1065 519 τούς
1089 468 1434 530 Ἀπολλωνιήτας

166 543 302 583 ταῦτα
337 536 571 592 γενόμενα,
617 533 714 579 ἄλλ’
757 533 815 586 ὥς
853 534 1089 588 ἐπύθοντο,
1136 537 1432 595 ὑπαγαγόντες

164 622 239 662 μιν
266 604 354 648 ὑπὸ
386 603 690 661 δικαστήριον,
722 604 1001 658 κατέκριναν,
1032 605 1091 656 ὦς
1119 606 1198 661 τήν
1227 609 1485 665 φυλακήν65

136 671 556 728 σκατακοιμήσαντα,
586 677 661 729 τῆς
686 670 813 723 ὄψιος
843 676 1121 728 στερηθῆναι.

1176 672 1292 718 Ἐπεί
1308 693 1352 719 τε
1382 678 1429 721 δὲ

159 741 238 784 τόν
275 740 468 796 Εὐήνιον
496 741 824 797 ἐξετύφλωσαν,
855 738 1011 784 αὐτίκα
1035 741 1142 797 μετοέ
1161 747 1297 786 ταῦτα
1328 744 1429 789 οὔτε

157 806 360 865 πρόβατά
393 819 473 864 σφι
503 809 656 861 ἔτικτε,
688 809 787 853 οὔτε
817 813 871 864 γῆ
902 809 1027 864 ἔφερε
1050 809 1212 864 ὁμοίως
1242 812 1425 867 καρπόν.

133 877 397 932 7πρόφαντα
428 876 473 920 δέ
509 889 589 933 σφι
629 878 676 921 ἔν
713 893 757 920 τε
796 878 993 934 Δωδώνῃ
1031 879 1103 921 καὶ
1142 879 1188 921 ἐν
1215 885 1430 935 Δελφοῖσι

156 945 332 1002 ἐγίνετο,
363 945 454 988 ἐπεί
489 962 533 988 τε
549 944 808 999 ἐπειρώτευν
827 944 932 996 τούς
961 946 1193 1002 προφήτας
1215 946 1264 991 τὸ
1279 950 1421 992 αἴτιον
1436 957 1480 990 70

155 1018 237 1057 τοῦ
269 1012 511 1067 παρεόντος
540 1017 709 1057 κακοῦ·
745 1015 789 1056 οἱ
819 1013 864 1056 δὲ
903 1012 1076 1058 αὐτοῖσι
1108 1015 1301 1069 ἔφραζον
1331 1016 1428 1068 „fin

156 1083 344 1136 ,,α’δίκως
370 1080 448 1124 τὸν
478 1080 679 1136 φύλακον
708 1086 797 1125 τῶν
826 1084 936 1136 ἱρῶν
964 1083 1200 1138 προβάτων
1228 1083 1428 1140 Εὐήνιον

128 1155 260 1206 8,,τῆς
298 1151 425 1202 ὄψιος
463 1149 710 1206 ἐστέρησαν.

100 1344 186 1382 Cum
204 1345 266 1381 ille
285 1345 478 1383 dormiisset
505 1346 596 1396 quod
623 1346 671 1383 ad
697 1359 762 1383 czt-

99 1402 251 1438 stodiam
282 1404 409 1439 attinet
437 1416 465 1441 s.
486 1415 550 1452 per
581 1403 760 1440 custodiae

98 1461 254 1508 tempus,
273 1458 375 1509 quod
396 1472 486 1495 sane
504 1458 607 1495 idem
630 1467 683 1496 est
705 1466 764 1496 tit-⁴

97 1527 197 1566 que:
229 1528 306 1551 cum
336 1516 395 1551 ille
418 1516 618 1553 dormiendo
642 1521 764 1553 trans-

96 1574 222 1620 egisset
234 1571 382 1619 vigz'liae
398 1576 542 1622 tempus.
563 1574 621 1609 Ac
637 1580 762 1610 trans-

95 1629 231 1664 itivum
250 1627 363 1665 huius
384 1630 490 1665 verbi
510 1642 622 1665 usum
635 1660 645 1677 ,
675 1632 760 1666 Ho-

95 1697 203 1721 mero
245 1686 401 1736 eiusque
447 1687 668 1737 aequalibus
711 1687 758 1723 ab

95 1741 295 1779 Eustatliio
316 1743 521 1792 tributum,
557 1743 638 1780 aliis
660 1756 760 1795 quo-

97 1812 171 1850 que
189 1800 280 1836 locis
294 1800 558 1849 comprobavit
572 1799 758 1838 Abresch.

95 1854 144 1891 ad
185 1856 337 1892 Cattieri
376 1855 633 1908 Gazophylac.
672 1870 762 1908 pag.

95 1913 172 1959 88,
204 1919 246 1948 ut
275 1925 366 1948 sane
398 1926 487 1949 cum
517 1912 655 1949 eodem
675 1915 758 1951 viro

96 1966 208 2004 docto
250 1967 427 2004 codicum
463 1970 669 2006 lectionem
717 1971 758 2006 in

94 2023 290 2061 Herodoto
347 2022 450 2061 haud
508 2024 758 2063 deserendam

96 2094 175 2118 esse
224 2079 450 2118 iudicemus.
522 2081 756 2133 Xenophon.

93 2138 274 2174 Memorr.
296 2138 351 2185 II,
397 2140 441 2185 1,
471 2140 521 2177 3·
556 2141 628 2190 τῆς
657 2137 756 2190 ημέ-

94 2209 167 2246 ρας
205 2209 250 2234 το
286 2191 587 2246 χρησιμώτατον
633 2210 755 2234 κατα-

93 2251 329 2302 κοιμίζουσι.
359 2272 414 2278 -
444 2252 660 2288 Articulum
680 2249 756 2304 τήν

94 2315 183 2344 ante
201 2304 387 2358 φυλακην
407 2308 645 2346 Florentinus
660 2310 756 2347 liber

95 2377 183 2401 cum
206 2363 354 2401 duobus
375 2365 455 2401 aliis
476 2366 629 2403 omittit.

151 2417 229 2472 εἶχε
264 2419 376 2474 σιγῇ]
408 2422 433 2458 i.
468 2435 502 2460 e.
539 2422 602 2459 lzoc
638 2424 752 2472 ipsum

95 2477 241 2527 (ovium
266 2479 418 2526 necem)
457 2478 547 2515 clam
574 2492 604 2518 s.
644 2481 754 2517 tacite

96 2537 218 2572 tenuit.
285 2535 395 2575 Couf
434 2535 547 2571 allata
585 2534 633 2571 ad
667 2536 754 2581 Vll,

97 2591 191 2631 237.
248 2591 311 2628 Ad
329 2592 565 2628 locutionem
584 2587 755 2644 ύπαγειν

97 2643 177 2686 vno
211 2644 469 2700 δικαστηριον
516 2649 617 2686 conf.
656 2655 754 2687 nott.

100 2700 148 2738 ad
166 2703 237 2752 VI,
258 2707 311 2745 72
327 2712 363 2742 et
385 2704 432 2741 ad
456 2706 615 2742 verbum
635 2720 754 2745 κατα-

98 2758 247 2809 κρίνειν
261 2769 356 2810 nott‚
378 2761 426 2799 ad
447 2763 532 2812 Vll,
558 2761 649 2804 146·

772 1148 900 1194 αὐτοὶ
928 1151 1011 1206 γάρ
1050 1151 1291 1208 ἐπορμῆσαι
1319 1153 1426 1205 τούς

874 1344 991 1397 ε’φερε
1011 1344 1161 1396 ομοίως
1182 1345 1348 1401 καρπόν]
1383 1365 1482 1403 καρ-

817 1417 898 1441 πον
939 1403 1042 1440 abest
1078 1417 1098 1439 a
1143 1405 1334 1443 Sancrofti
1368 1408 1480 1447 libro.

818 1460 882 1495 Tu
913 1460 1228 1508 conf.111‚65.
1287 1465 1345 1500 De
1383 1478 1480 1502 voce

817 1511 1029 1567 πρόφαντα
1088 1515 1321 1572 (oraculum)
1376 1522 1480 1559 conf.

815 1580 911 1610 nott.
931 1572 979 1609 ad
1000 1574 1054 1620 V,
1076 1576 1142 1612 63.
1189 1577 1283 1612 Mox
1304 1579 1480 1616 revocavi

816 1643 906 1666 cum
926 1636 1084 1667 recentt.
1115 1629 1155 1682 ἐ)
1159 1631 1263 1671 ίνετο
1282 1646 1352 1683 pro
1373 1635 1480 1685 vulg.

814 1684 989 1738 ἐγένετο,
1020 1686 1126 1738 quod
1157 1701 1246 1725 cum
1269 1688 1478 1728 Schaefero

814 1744 937 1780 tenuit
967 1742 1162 1781 Matthiae.
1213 1745 1325 1791 Quod
1353 1749 1479 1784 conti-

815 1813 894 1837 nuo
914 1801 1086 1852 sequitur
1106 1800 1191 1840 ἐπεί
1207 1816 1260 1850 τε,
1291 1805 1370 1841 eius
1390 1805 1477 1842 loco

817 1855 1014 1895 Schaefer.
1046 1865 1082 1895 et
1103 1857 1273 1897 Bekker.
1305 1862 1477 1897 retinue-

817 1921 905 1950 runt
926 1913 1076 1963 ἔπειτα,
1107 1915 1314 1966 praeposit¹
1299 1931 1321 1952 ι
1339 1918 1477 1954 maiori

815 1969 1067 2010 distinctione.
1126 1971 1189 2008 Ad
1218 1985 1353 2010 vocem
1375 1989 1476 2025 προ-

814 2024 945 2076 φήτας
973 2028 1075 2064 conf.
1096 2029 1202 2075 v‚111
1234 2030 1415 2071 36-135
1437 2037 1476 2068 et

814 2082 860 2118 de
876 2085 1032 2119 nomine
1055 2079 1234 2132 φύλακος
1247 2083 1385 2124 Matth.
1406 2088 1473 2126 Gr.

811 2140 878 2176 Gr.
892 2141 936 2185 ς.
957 2142 1009 2180 89
1030 2153 1118 2191 pag.
1143 2142 1237 2181 192.

871 2246 985 2291 αὐτοὶ
1017 2247 1092 2304 γὰρ
1125 2251 1352 2304 ἐπορμῆσαι
1375 2268 1473 2302 τους

810 2303 976 2357 λύκους]
1008 2311 1264 2361 „Loquuntur
1302 2309 1474 2361 prophe-

810 2372 899 2414 tae,
936 2365 1003 2402 sed
1033 2373 1194 2418 uterque
1215 2365 1276 2403 dei
1300 2369 1471 2417 nomine,

809 2423 916 2459 cuius
945 2421 1131 2473 propheta
1151 2430 1231 2471 est3
1263 2420 1377 2462 αὐτοὶ
1398 2426 1472 2475 igi-

806 2486 869 2516 tur
886 2480 1150 2530 intelliguntur
1178 2480 1320 2531 Iupiter
1338 2481 1471 2518 Dodo-

809 2549 928 2574 naeus
971 2544 1007 2573 et
1050 2536 1184 2587 Apollo
1223 2536 1441 2630 Dellnphicus.
1446 2538 1471 2559 “

813 2592 1205 2642 Schweighaeus.
1356 2607 1470 2659 seqq

809 2662 878 2700 pro
917 2649 1014 2689 ὅωσι
1045 2656 1120 2687 tres
1155 2647 1268 2689 codd.
1310 2646 1467 2690 δωσειν.

810 2707 876 2743 Tu
897 2706 1001 2744 conf.
1019 2707 1090 2755 IV,
1118 2708 1145 2749 9
1167 2713 1204 2744 et
1222 2707 1334 2746 allata
1353 2707 1402 2745 ad
1422 2709 1467 2755 V,

815 2764 907 2804 118.

1106 2817 1196 2860 22*
