1996 3238
61 388 127 433 73

571 202 894 239 URANlA
957 203 1083 240 vm.

1400 204 1457 244 97

198 314 366 358 ἄλλοισι
397 311 788 366 Πελοποννησίοισι
817 309 937 365 ἔμελε
969 311 1114 353 οὐδέν.
1162 309 1380 365 Ὀλύμπια
1411 310 1457 354 δὲ

193 383 267 426 καὶ
299 379 491 435 Κάρνεια
520 376 786 433 παροιχώκεε
815 379 913 433 ἤδη.

978 379 1115 420 Οἰκὲει
1148 380 1190 420 δὲ
1219 378 1299 433 τήν
1317 382 1455 422 Πελο-

1514 325 1600 352 Hanc
1616 327 1756 361 peninsu-

1512 359 1571 398 lam
1590 365 1662 394 quot
1686 361 1790 396 populi

1511 394 1659 431 inq-olant3
1684 403 1789 423 eorum

1511 427 1656 461 originem

195 450 420 503 πόυνησον
450 447 578 489 ἔθνεα
609 446 724 489 ἑπτά.

783 447 952 489 τούτων
989 444 1035 487 δὲ
1066 444 1119 486 τοὶ
1149 445 1228 499 μὲν
1259 447 1350 498 δύο,
1383 447 1456 491 αὐ-

193 516 385 572 τόχθονα
415 513 551 563 ἐόντα,
582 513 691 558 κατὰ
721 512 864 572 χώρην
895 515 1070 569 ἵδρυται
1106 516 1190 555 νῦν
1219 517 1273 568 τῇ
1304 515 1377 558 καὶ
1410 515 1459 560 τὸ
1473 521 1518 559 75

137 702 180 737 In
202 699 338 751 quibus
351 698 458 736 Eleos
479 703 610 734 contra
626 698 798 735 Xerxem

137 758 373 807 reliquorum
407 757 644 791 Graecorum
680 762 798 792 castra

135 820 283 850 secutos
324 826 402 849 esse
435 812 562 848 scribit
592 813 798 849 Pausanias

134 871 187 918 V,
218 871 244 909 4
272 871 309 915 ξ.
332 868 378 918 5,
402 875 526 922 negat
559 868 718 907 Diodor.
747 870 797 907 T.

134 928 170 963 II
201 940 238 977 p.
263 925 343 966 547
381 926 546 963 Wessel.

190 978 392 1032 Ὀλύμπια
432 980 474 1020 δὲ
507 980 575 1020 καὶ
614 977 796 1032 Κάρνεια

134 1035 378 1089 παροιχώκεε
395 1036 492 1088 ἤδη]
528 1038 603 1075 Ubi
631 1035 717 1088 ἵεροῖ
735 1039 798 1074 in-

133 1097 253 1147 telligi
282 1102 390 1133 notat
417 1093 584 1132 Fischer.
615 1094 664 1132 ad
683 1096 799 1133 Wel-

133 1154 203 1190 ler.
250 1154 325 1201 ΙΙΙ,
367 1155 404 1192 1.
446 1165 530 1203 pag.
568 1151 663 1192 258.
735 1150 799 1188 Ad

134 1209 552 1261 plusquamperfectum
595 1204 798 1260 παροιχώ-

135 1281 199 1305 κεε
240 1267 341 1303 conf.
375 1267 600 1303 Buttmann.
634 1267 698 1302 Gr.
731 1268 797 1305 Gr.

135 1325 172 1360 II
194 1336 282 1374 pag.
309 1324 402 1362 197.
459 1324 517 1359 De
539 1322 683 1359 Carneis
716 1323 799 1372 egi-

134 1393 221 1417 mus
253 1379 302 1416 ad
340 1380 429 1427 VII,
465 1381 560 1419 216.
619 1380 801 1424 Quiesce-

135 1438 229 1475 bant
263 1443 392 1472 antem
427 1448 533 1472 arma
572 1434 667 1472 haec
706 1435 800 1472 dum

137 1494 349 1544 agebantur
368 1492 473 1540 festa,
493 1506 563 1529 nec
584 1499 671 1529 ante
688 1506 801 1542 egre-

140 1551 179 1588 di
189 1551 296 1588 licuit
319 1550 514 1600 Spartanis
541 1548 589 1586 ad
611 1550 770 1587 bellum.

319 1640 412 1691 Cap.
441 1639 620 1676 LXXIII.

181 1717 312 1760 Οἷκὲει
331 1716 374 1758 δὲ
389 1715 462 1770 τήν
481 1713 798 1767 Πελοπόννησον

139 1775 262 1817 ἔθνεα
289 1772 406 1826 ἓπτοῖ]
438 1777 603 1827 Respicit
629 1774 677 1812 ad
702 1774 798 1812 haec

139 1832 313 1871 Eustath.
334 1832 382 1870 ad
402 1831 508 1871 Iliad.
541 1845 628 1883 pag.
648 1834 730 1873 289
743 1861 753 1879 ,
774 1833 798 1871 9

140 1904 170 1928 s.
190 1893 292 1937 219,
314 1889 382 1931 43.
428 1891 472 1926 In
492 1891 667 1940 proxime
686 1901 795 1940 seqq.

142 1960 233 1984 cum
269 1945 464 1984 Sohaefer.
505 1953 542 1983 et
577 1945 800 1996 Schweigh.

142 2004 282 2040 retinui
322 2003 480 2054 ἵδρυται
515 2005 593 2042 νῦν
630 2004 682 2057 τῇ
719 2001 801 2050 καὶ,

143 2061 210 2097 ubi
237 2059 355 2096 Gaisf.
389 2065 583 2108 receperat
619 2060 716 2097 νῦν
752 2073 806 2097 τε

142 2115 248 2164 καὶ,
279 2114 383 2168 quod
412 2114 509 2152 mihi
540 2114 697 2167 quidem
727 2114 805 2151 dis-

142 2174 268 2224 plicet.
334 2171 509 2209 Reiskius
557 2179 593 2209 et
636 2173 804 2208 Koenius

142 2231 357 2268 maluerant
385 2226 457 2279 τήν
476 2230 616 2276 νῦντε,
646 2229 806 2265 Wesse-

142 2288 281 2337 lingius
305 2285 417 2337 (Diss.
434 2284 616 2322 Herodot.
637 2287 694 2321 XI
712 2298 801 2336 pag.

143 2346 226 2384 200
244 2356 343 2395 seq.,
378 2343 445 2379 ubi
471 2343 586 2379 etiam
607 2349 804 2394 comparat

143 2401 254 2447 VIII,
286 2398 386 2450 143)
421 2401 471 2452 τῇ
494 2402 572 2437 νῦν
616 2413 674 2447 τε,
710 2400 803 2436 Val-

145 2455 368 2494 ckenaerius
405 2456 564 2504 ἵδρυται
593 2458 694 2504 miv,
727 2453 802 2506 τὴν

144 2512 232 2562 καὶ,
257 2512 360 2565 qnod
381 2511 491 2548 valde
511 2510 662 2549 arridet.
702 2513 804 2550 Sen-

146 2583 207 2608 sus
230 2571 305 2607 loci
324 2571 484 2606 minime
497 2568 655 2605 dubius:
676 2581 713 2606 eo
733 2571 805 2606 loco

147 2627 257 2664 sedem
292 2640 385 2664 nunc
412 2627 540 2663 liabent
571 2639 600 2662 s.
629 2626 805 2672 habitant,

151 2696 215 2733 quo
246 2684 327 2720 olim
357 2685 463 2720 etiam
485 2683 708 2719 habitabant.
756 2684 807 2721 Et

149 2737 330 2777 hactenus
385 2740 596 2791 perfectum
650 2739 809 2790 ἵδρυται

151 2798 216 2834 va
233 2798 399 2833 multum
419 2795 546 2834 differt
574 2809 595 2833 a
621 2798 809 2847 praesenti

207 2854 429 2891 Hanonor.
450 2852 518 2892 IV.

856 695 999 746 οἰκέει,
1030 695 1135 749 qnod
1149 696 1265 734 etiam
1284 698 1398 747 paulo
1415 700 1516 737 infe-

854 756 931 791 rius
988 753 1221 792 servandum
1270 753 1363 790 duxi
1383 785 1392 802 ‚
1450 759 1516 793 ubi

855 810 1074 862 Schweigh.
1120 818 1156 848 et
1186 810 1301 847 Gaisf.
1335 810 1519 851 dederant

857 867 975 908 οἰκέε.
1005 890 1062 895 —
1097 869 1155 904 De
1192 868 1385 904 locutione
1417 867 1517 909 κατά

854 921 988 976 χώρην
1008 925 1109 963 conf.
1133 931 1229 961 nc⁴t.
1250 923 1298 960 ad
1317 926 1389 972 IV,
1423 927 1517 967 135,

853 981 965 1028 Quod
991 981 1039 1018 ad
1060 982 1132 1018 loci
1163 989 1435 1031 argumentum
1460 990 1519 1020 at·-

852 1041 970 1088 tinet,
1001 1040 1079 1075 iam
1111 1039 1250 1075 Galeas
1285 1040 1516 1085 observarat,

855 1109 916 1133 sex
934 1103 1083 1133 tantum
1103 1102 1235 1145 gentes
1255 1095 1375 1132 videri
1395 1109 1518 1146 agno-

855 1166 960 1190 scere
991 1155 1229 1200 Homerum,
1280 1152 1519 1205 totidemque

854 1223 945 1247 sane
1004 1223 1203 1246 occurrere
1238 1212 1384 1246 notavit
1427 1212 1520 1247 Val-

855 1266 1099 1314 okenaerius,
1147 1279 1386 1318 quamquam
1421 1280 1520 1319 qnae

854 1331 967 1374 poeta
988 1325 1122 1370 attulit,
1158 1336 1203 1359 ea
1223 1322 1348 1360 adhuc
1367 1323 1521 1375 indige-

855 1394 895 1416 re
923 1379 1052 1417 critica
1081 1379 1340 1431 disquisitione
1371 1380 1520 1418 dudum

854 1443 1058 1474 monuerat
1088 1437 1225 1473 Strabo
1254 1437 1342 1473 VIII
1370 1451 1408 1487 p.
1436 1441 1518 1479 332

854 1507 884 1532 s.
908 1494 988 1534 513
1019 1494 1089 1540 A.,
1121 1494 1188 1544 qui
1215 1494 1295 1543 ipse
1323 1506 1384 1530 sex
1405 1507 1519 1544 prae-

855 1551 968 1601 cipue
1007 1550 1265 1599 Peloponnesi
1319 1557 1520 1588 enumerat

855 1608 1057 1657 regiones:
1093 1607 1419 1657 Peloponnesum,
1441 1609 1523 1643 Eli-

856 1663 969 1711 dem,
1004 1664 1254 1711 Messeniam,
1296 1665 1520 1712 Lemniam,

853 1719 1101 1771 Argolidem,
1156 1719 1352 1757 Achaeam
1407 1728 1523 1773 atque

853 1777 1079 1825 Arcadiam,
1120 1790 1210 1814 cum
1231 1778 1318 1825 alii,
1341 1776 1389 1814 ad
1425 1791 1521 1830 quos

855 1836 970 1872 etiam
1013 1835 1230 1886 Scymnum
1274 1833 1416 1871 Chium
1463 1848 1520 1874 vs,

856 1891 939 1933 515
967 1904 1047 1943 seq.
1082 1891 1221 1928 referas
1251 1892 1360 1939 licet,
1395 1895 1520 1942 septem

855 1949 1077 1994 nominent,
1110 1950 1263 1998 quinque
1283 1949 1375 1985 olim
1409 1948 1523 1985 fuisse

859 2012 1009 2042 enarrat
1024 2004 1273 2056 Thucydides
1293 2006 1322 2050 I,
1346 2008 1411 2045 10.
1447 2007 1524 2041 Ne..

858 2075 934 2113 que
954 2074 1044 2098 vero
1064 2064 1242 2110 regz'oneS,
1268 2061 1335 2098 sed
1357 2061 1522 2099 diversas

861 2120 912 2154 ait
936 2116 1234 2154 Valckenaerius
1265 2119 1521 2168 Peloponnesi

859 2178 978 2223 gentes
1000 2175 1215 2210 enumerari
1245 2174 1291 2210 ab
1313 2173 1521 2222 Herodoto,

862 2245 978 2282 quem
1018 2232 1145 2281 ipsum
1185 2232 1320 2281 opinor
1356 2232 1523 2281 respexit

858 2288 1065 2325 Pausanias
1089 2288 1122 2324 V
1142 2288 1248 2336 init.,·
1270 2300 1346 2339 quo
1368 2295 1523 2324 auctore

857 2346 888 2382 si
924 2357 987 2381 eos
1015 2346 1200 2391 Graecos,
1247 2346 1312 2396 qui
1353 2345 1523 2396 quinque

859 2401 1297 2452 duntaxatPeloponnesi
1309 2408 1432 2452 partes
1443 2414 1524 2438 esse

858 2465 1055 2506 statuunt,
1116 2471 1324 2509 sequamur
1348 2487 1358 2504 ,
1407 2459 1522 2495 Eleos

861 2522 898 2551 et
917 2513 1084 2558 Arcades
1115 2514 1193 2550 una
1212 2513 1375 2551 Arcadi&
1397 2516 1522 2552 conti-

860 2573 944 2608 neri
971 2570 1237 2619 statuendum3
1259 2572 1414 2608 alteram
1436 2585 1523 2622 por.

861 2630 1007 2665 tionem
1037 2626 1281 2664 Achaeorum
1318 2629 1400 2665 vult
1429 2642 1521 2675 esse,

862 2692 936 2722 tres
959 2685 1121 2736 reliquas
1141 2685 1393 2723 Doriensium.
1410 2685 1522 2722 Conf-

863 2741 911 2778 de
932 2740 1254 2792 hisPeloponnesi
1279 2741 1523 2779 divisionibus

865 2799 1025 2837 Siebelis
1044 2799 1085 2835 in
1104 2799 1311 2839 Hellenicc.
1330 2813 1369 2850 p.
1392 2801 1486 2840 179.
