1996 3238
545 218 888 256 URANIA.
947 220 1078 256 VIII.

183 326 329 380 πόλις·
385 329 591 370 Αἰτωλῶν
632 326 701 380 δὲ,
739 321 866 376 ῗΗλις
902 325 1065 384 μούνη·
1113 326 1340 382 Δρυόπων
1385 327 1445 382 δὲ,
1502 331 1584 374 653

1391 221 1448 260 99

180 395 388 453 Ἑρμιόνη
416 411 460 438 τε
489 395 564 438 καὶ
590 393 738 451 Ἀσίνη
766 392 793 451 ἡ
823 392 934 450 πρὸς
964 395 1236 453 Καρδαμύλῃ
1274 398 1329 452 τῇ
1359 398 1445 439 Λοι-

125 629 164 667 p.
188 615 278 654 119.
316 615 406 654 120.
439 614 520 653 270
543 613 590 649 Α.
623 614 704 654 286
736 612 785 650 A.

127 668 308 723 [Am-hid.
331 683 390 720 cp.
408 672 432 711 5
454 682 533 721 seq.
557 671 592 715 ξ.
610 672 659 710 16
681 683 787 721 seqq.

124 726 288 764 Panath.
324 739 408 777 cap.
429 728 481 767 73
520 727 556 772 §.
582 729 659 766 177
681 739 786 778 seqq.

124 796 208 834 cap.
229 785 282 824 99
304 784 342 829 §.
363 782 444 823 253
461 784 559 835 seq.]
582 784 789 820 Pausanias

125 841 202 890 [II‚
228 842 278 880 13
301 841 340 885 §·
364 843 382 880 1
409 846 445 876 et
464 840 520 888 Π,
547 842 598 882 18
621 841 658 884 ξ.
682 841 725 888 6]
746 854 787 890 'p-

126 894 226 944 140,
269 896 364 937 151.
395 897 536 935 Meurs.
587 898 646 932 De
677 910 786 947 regn,

122 954 269 990 Lacon.
308 965 340 991 c.
363 955 402 994 6.
435 954 543 991 Misc.
590 954 683 991 Lac.
716 955 785 1002 111,

178 1065 373 1104 Αἰτωλαΐν
412 1061 456 1104 δὲ
480 1059 593 1112 ῗΗλις
636 1060 786 1117 μούνη]

121 1122 258 1173 Attigit
275 1120 451 1160 Eustath.
479 1121 528 1159 ad
554 1123 599 1161 Il.
630 1136 668 1174 p.
691 1125 785 1172 303,

122 1181 175 1220 28
196 1193 226 1216 ⁵.
247 1181 351 1227 229,
373 1178 440 1220 47.

178 1233 386 1288 Δρυόπων
431 1232 475 1275 δὲ
518 1230 708 1286 Ἑρμιόνη
744 1249 786 1274 τε

120 1291 189 1332 καὶ
208 1288 346 1344 Ἀσίνη
370 1290 399 1344 ἠ’
410 1289 511 1345 πρός
533 1290 784 1347 Καρδαμύλῃ

119 1351 172 1404 τῇ
196 1351 438 1403 Λακωνικῇ]
474 1351 531 1385 De
565 1349 783 1401 Dryopibus

122 1406 224 1444 conf.
245 1407 357 1443 allata
377 1405 426 1442 ad
445 1407 484 1453 I⁷
507 1404 573 1445 56.
607 1404 699 1446 146.
721 1404 783 1442 Ad

120 1460 225 1499 hunc
235 1476 324 1500 vero
337 1461 522 1499 Herodoti
536 1462 667 1499 locum
677 1475 783 1499 com-

120 1526 256 1571 parant
271 1522 430 1556 Homer.
452 1520 496 1556 Il.
514 1520 561 1566 ΙΙ,
578 1518 658 1560 559
672 1548 682 1566 ,
718 1519 784 1555 ubi

121 1577 238 1613 etiam
269 1578 482 1626 iunguntur
509 1575 698 1612 Hermione
725 1582 784 1613 at-

121 1646 196 1685 que
216 1633 337 1672 Asine.
349 1633 506 1684 Legitur
522 1627 785 1684 ἰῦἱἙρμιόνη,

123 1689 227 1742 quod
249 1691 364 1727 etiam
384 1689 423 1726 h.
436 1691 462 1728 i.
485 1689 657 1741 quinque
677 1695 788 1726 tuen-

120 1754 184 1784 tur
196 1748 303 1796 libri3
324 1748 364 1783 in
384 1747 605 1783 Florentino
626 1752 682 1783 est
698 1744 789 1797 Ἑρ·-

123 1800 254 1856 μιώνη
277 1833 288 1853 ‚
334 1805 375 1840 in
415 1802 591 1840 Mediceo
636 1803 789 1855 alioque

122 1860 208 1898 cod.
227 1855 421 1912 Ἑρμιώνς
458 1867 501 1897 ut
521 1873 612 1898 sane
632 1861 698 1897 vix
719 1859 790 1897 de-

123 1918 228 1954 cerni
251 1926 368 1968 'posse
398 1924 506 1968 putet
535 1915 789 1955 Valckenaer.

125 1966 219 2026 quid
245 1975 418 2025 primitus
448 1975 632 2025 scriptum
660 1975 787 2022 fuerit,

125 2043 216 2080 cum
255 2037 401 2068 veteres
437 2043 592 2082 quoque
632 2027 787 2069 Δωδών

125 2093 164 2124 et
202 2083 386 2138 Δωδώνη
423 2093 518 2124 teste
552 2087 786 2137 Wesseling.

125 2142 175 2180 ad
206 2143 364 2180 Diodor.
395 2144 413 2179 I
432 2157 470 2194 p.
493 2144 575 2183 282
610 2142 789 2179 dixerint.

121 2201 183 2237 De
203 2200 391 2238 Hermione
415 2200 584 2251 loquitur
604 2199 789 2236 Herodot.

123 2259 199 2306 111,
221 2258 290 2299 59.
318 2257 418 2304 VIII,
441 2255 492 2297 43
515 2257 602 2292 coll.
621 2257 692 2304 IX,
715 2258 792 2304 283

126 2315 289 2352 aliorum
318 2315 545 2364 scriptorum
573 2314 791 2350 testimonia

127 2370 231 2408 dabit
249 2373 374 2422 Popp.
397 2368 619 2421 Thucydid.
640 2372 677 2418 Ι,
705 2373 731 2411 2
751 2363 792 2421 p.

127 2431 222 2469 221.
279 2430 380 2465 Nam
407 2427 586 2478 frequens
617 2439 792 2463 comme-

128 2492 300 2522 moratur
318 2485 383 2521 illa
403 2484 492 2520 urbs
513 2481 618 2520 haud
638 2484 792 2534 ignobi-

129 2542 174 2578 lis
209 2543 323 2589 olim,
361 2547 454 2578 teste
487 2540 675 2577 Strabone
705 2541 792 2578 VIII

129 2611 170 2648 p.
191 2601 271 2640 373
293 2612 322 2636 ⁵.
345 2599 425 2639 573
446 2598 494 2633 A.
517 2597 601 2634 coll.
626 2598 791 2634 Pausan.

130 2656 188 2702 11,
218 2654 290 2703 34,
311 2655 382 2691 sita
405 2655 445 2690 in
464 2652 649 2704 Argolide
678 2654 793 2702 terra,

132 2722 212 2747 non
246 2712 361 2762 longe
390 2723 412 2747 a
441 2711 644 2747 Troezene
675 2709 793 2762 (quae

133 2778 236 2804 nunc
255 2767 416 2805 Damala
433 2767 623 2817 vocatur),
643 2768 683 2803 in
702 2780 796 2818 pro-

134 2826 338 2874 montorio,
363 2818 479 2877 quod,
491 2831 584 2863 teste
595 2824 797 2876 Gell.‚pro-

843 612 994 649 ximum
1035 617 1090 648 est
1121 611 1207 649 vico
1240 610 1370 649 Castri.
1417 612 1505 650 Asi-

844 683 908 707 nen
955 670 1129 720 Dryopes
1169 669 1355 705 Parnasso
1394 669 1504 706 eiecti

845 728 1013 777 primum
1038 732 1245 762 tenuerunt
1264 738 1383 775 prope
1405 727 1504 762 ller-

845 785 1022 819 mionen:
1055 781 1158 818 unde
1189 782 1288 832 pulsi
1317 782 1364 817 ab
1385 783 1504 832 Argi-

842 841 898 878 vis
920 841 960 876 in
980 840 1190 876 Messeniae
1210 845 1316 889 parte
1338 851 1359 874 a
1377 839 1505 875 Laco-

842 897 953 934 nibus
986 902 1141 947 accepta
1171 895 1330 932 alteram
1368 894 1505 931 condi-

843 952 933 990 dere
954 953 1106 1001 Asinen3
1129 965 1227 1004 quae
1250 964 1325 1004 quo
1348 964 1369 987 a
1390 952 1505 1002 priori

844 1010 1113 1047 Hermionensi
1133 1009 1448 1059 distingueretur,
1476 1006 1508 1059 ἦ

842 1064 944 1118 πρὸς
970 1061 1219 1119 Καρδαμύλῃ
1245 1067 1299 1120 τῇ
1316 1068 1506 1104 Λακωνι-

842 1126 896 1178 κῇ
924 1123 988 1160 hio
1018 1130 1189 1161 vocatur.
1238 1122 1321 1159 Sita
1353 1122 1424 1158 fuit
1457 1120 1506 1158 ad

841 1181 1121 1218 Messeniae-um
1141 1180 1290 1228 sinum,
1320 1180 1387 1230 qui
1415 1177 1507 1215 inde

841 1238 903 1276 vel
923 1238 1074 1274 Asz'naei
1092 1237 1236 1287 accepit
1255 1248 1420 1283 nomen,
1448 1236 1508 1271 in-

841 1301 900 1331 ter
925 1295 1098 1331 Acritam
1137 1293 1443 1344 promontorium
1474 1305 1507 1330 s.

843 1351 948 1402 Capo
978 1351 1110 1397 Gallo,
1146 1357 1189 1386 nt
1218 1362 1322 1386 nunc
1351 1354 1505 1397 vocant,

841 1415 878 1445 et
902 1407 1086 1445 Colonides
1104 1420 1134 1443 s.
1162 1405 1297 1454 Coron,
1328 1406 1375 1442 ab
1395 1411 1506 1442 utro-

840 1478 916 1516 que
935 1466 1020 1501 loco
1042 1462 1293 1516 quadraginta
1319 1462 1398 1498 fere
1426 1468 1507 1498 sta-

840 1521 910 1558 diis
945 1520 1098 1558 distans.
1165 1518 1282 1570 Apud
1322 1518 1505 1557 strabon.

841 1579 930 1616 VIII
949 1590 1038 1629 pag.
1061 1575 1141 1617 359
1161 1589 1242 1628 seq.
1262 1589 1293 1613 s·
1319 1589 1357 1626 p.
1375 1575 1452 1615 551
1471 1576 1506 1611 Β

841 1635 1009 1686 πολίχνη
1030 1639 1201 1674 vocatur.
1259 1631 1399 1669 Adhuc
1424 1632 1508 1667 rui-

843 1705 910 1729 nas
932 1689 1118 1743 quasdam
1138 1696 1286 1726 exstare
1306 1701 1427 1740 prope
1438 1688 1510 1725 Sa-

843 1747 975 1785 ratcha
993 1747 1120 1785 scribit
1132 1746 1174 1784 C.
1197 1747 1242 1784 Ο.
1257 1747 1396 1783 Miiller
1413 1746 1510 1783 Dor.

845 1807 881 1842 ΙΙ
904 1819 942 1856 p.
963 1803 1046 1846 455
1068 1804 1154 1841 coll.
1187 1804 1205 1839 Ι
1226 1817 1265 1854 p.
1291 1802 1384 1843 155.
1442 1803 1510 1839 Tu

844 1861 923 1900 vid.
953 1863 1120 1899 Pausan.
1148 1861 1221 1907 IV,
1261 1860 1314 1900 34
1347 1860 1384 1905 §.
1414 1860 1453 1898 6.
1482 1860 1510 1898 7

843 1920 975 1971 ibique
1005 1917 1178 1956 Siebelis.
1209 1917 1400 1953 Mannert.
1420 1915 1510 1952 VIII

843 1989 932 2028 pag.
954 1973 1048 2016 547.
1069 1975 1193 2026 Popp.
1213 1971 1398 2025 Thucyd.
1429 1973 1460 2020 Ι,
1481 1973 1510 2011 2

842 2046 931 2084 pag.
966 2031 1044 2072 195
1065 2044 1146 2083 seq.
1171 2036 1250 2067 not.
1270 2050 1326 2057 -
1366 2028 1509 2067 Carda-

845 2089 958 2139 myle,
998 2100 1096 2138 quae
1133 2086 1199 2122 illa
1238 2092 1340 2122 certe
1387 2091 1509 2121 aetate

845 2145 1025 2196 primaria
1046 2156 1114 2194 per
1133 2143 1238 2178 illam
1259 2154 1368 2178 oram
1394 2141 1509 2177 fuisse

846 2201 998 2239 videtur
1017 2200 1106 2236 urbs
1127 2200 1187 2248 (ut
1204 2199 1304 2235 bene
1333 2198 1509 2234 observat

848 2259 890 2296 C.
913 2260 956 2297 O.
977 2257 1128 2295 Miiller.
1150 2257 1243 2292 Dor.
1263 2256 1281 2290 Ι
1301 2267 1388 2305 pag.
1413 2251 1507 2301 155,

847 2323 927 2352 not.
950 2318 974 2355 3
996 2314 1082 2350 coll.
1103 2314 1292 2349 Mannert.
1313 2312 1399 2348 VIII
1418 2321 1509 2360 pag.

848 2370 946 2421 558)
961 2373 1130 2407 Homero
1150 2370 1228 2405 iam
1243 2375 1333 2405 nota
1354 2363 1416 2419 (11.
1437 2367 1508 2414 IX,

850 2429 943 2469 150.
966 2427 1067 2477 292)
1080 2455 1090 2474 ,
1119 2439 1141 2462 a
1160 2438 1266 2462 mare
1283 2424 1404 2461 abfuit
1423 2429 1510 2460 octo

847 2483 986 2531 stadia,
1027 2485 1067 2520 in
1087 2496 1182 2534 rupe
1204 2488 1406 2519 exstructa.
1436 2481 1511 2517 At-

850 2554 925 2593 que
946 2541 1158 2577 etiamnum
1176 2540 1246 2575 ista
1265 2539 1306 2574 in
1330 2537 1396 2574 orii
1425 2549 1511 2573 em-

848 2598 1002 2649 porium
1038 2595 1260 2634 Cardamula
1286 2595 1364 2632 sive
1395 2592 1511 2631 Scar-

850 2655 1017 2702 damula,
1039 2665 1154 2705 quarn
1176 2653 1311 2689 urbem
1321 2652 1361 2687 in
1382 2651 1512 2687 tabula

848 2710 966 2762 lapidi
987 2710 1264 2761 elegantissime
1293 2707 1413 2745 incisa}
1434 2719 1511 2743 nu-

850 2781 919 2819 per
961 2772 1293 2818 repraesentarunt
1338 2770 1511 2801 auctores

851 2824 997 2876 operis:
1028 2821 1265 2876 Expedition
1293 2835 1342 2859 en
1376 2819 1510 2858 Moree

1167 2882 1194 2920 7
1210 2878 1234 2904 *
