1879 3222
315 584 380 629 19

107 647 217 674 Graeci
235 647 272 674 ad
293 647 382 675 Eleu-

106 682 199 708 sinem
219 681 359 721 undique

106 714 244 748 collecti,
264 716 333 742 inde
350 715 382 742 in

106 735 261 776 Boeotiam
289 757 348 775 mo-

105 784 187 808 went:
204 781 384 816 ubipronter

107 814 254 849 Erythras
287 815 375 842 exad-

107 856 213 874 versus
235 848 378 875 barbaros

107 886 208 911 castra
219 886 376 911 metantur.

433 137 516 178 232

829 131 1291 170 HERODOTI

436 243 696 298 ,,Θαρσέετε,
727 236 762 283 ὦ
799 240 988 291 Φωκέες·
1024 239 1178 293 ἄνδρες
1206 240 1290 295 γάρ
1323 238 1507 296 ἐφάνητε
1540 239 1710 292 ἐόντεςι

405 311 646 366 4,,οἴγαθοὶ,
677 307 758 351 οὐκ
789 308 846 359 ὥς
876 308 956 364 ἐγώ
986 307 1306 363 ἐπυνθανόμην.

435 378 617 433 ,,θύμως
658 375 808 432 φέρετε
846 375 923 419 τόν
964 376 1154 431 πόλεμον
1191 379 1371 418 τοῦτον·

1367 307 1439 350 καὶ
1468 311 1552 350 νῦν
1580 323 1685 362 προ-

1421 373 1687 431 εὐεργεσίῃσι

442 445 558 501 ,,γοὶρ
590 444 644 488 οὐ
674 442 866 499 νικήσετε
891 444 989 487 οὔτε
1019 438 1082 486 ὦν
1111 443 1206 498 ἐμὲ,
1239 442 1340 486 οὔτε
1369 444 1586 498 βασιλέα.“
1623 442 1686 486 Τὰ

433 513 531 568 περὶ
563 511 754 555 Φωκέων
783 511 860 565 μὲν
889 512 930 562 ἐς
960 515 1145 554 τοσοῦτο
1176 510 1354 564 ἐγένετο.
1687 518 1710 552 5

550 578 884 634 Λακεδαιμόνιοι
916 580 988 630 δὲ,
1030 579 1087 629 ὠς
1123 579 1166 629 ἐς
1203 579 1280 621 τόν
1315 578 1490 633 Ἰσθμόν
1532 573 1686 633 ἦλθον,

440 648 487 691 ἐν
516 646 656 704 τούτῳ
689 646 1117 701 ἐστρατοπεὸεύουτο.
1156 646 1487 701 πυνθανόμενοι
1518 646 1562 688 δὲ
1591 649 1690 689 ταῦ-

439 732 491 758 τα
520 717 562 758 οἱ
591 716 736 758 λοιποὶ
769 712 1118 768 Πελοποννήσιοι
1158 718 1270 756 τοῖσι
1308 712 1361 754 τὰ
1399 712 1559 767 ἀμείνω
1591 713 1691 756 ἐάν-

441 785 568 834 δανε,
599 785 642 826 οἱ
671 782 716 825 δὲ
745 782 816 825 καὶ
847 781 1044 835 ὁρέοντες
1072 779 1260 833 ἐξιόντας
1280 779 1578 835 Σπαρτιήτας,
1608 779 1691 824 οὐκ

405 851 655 894 Ξέδικαίευν
684 852 906 893 λείπεσθαι
930 853 1006 905 τῆς
1034 849 1187 901 ἐξόδου
1217 849 1583 903 Λακεδαιμονίων.
1622 845 1694 891 Ἐκ
1707 855 1751 889 10

438 918 490 973 δὴ
522 914 584 960 ὦν
599 921 677 960 τοῦ
703 918 893 972 Ἰσθμοῦ,
916 917 1294 972 καλλιερησάντων
1323 919 1411 957 τῶν
1441 916 1573 968 ἱρῶν,
1599 913 1695 957 ἐπο-

407 984 622 1039 3ρεύοντο
651 983 820 1035 πάντες,
850 985 924 1028 καὶ
945 983 1223 1027 ἀπικνέονται
1243 983 1284 1036 ἐς
1309 981 1541 1026 Ἐλευσῖνα.
1572 983 1694 1039 ποιή-

442 1064 598 1102 σαντες
637 1052 681 1095 δὲ
719 1053 793 1095 καὶ
831 1052 1024 1096 ἐνθαῦτα
1054 1051 1147 1106 ἷρόι,
1192 1051 1250 1102 ὥς
1286 1064 1364 1107 σφι
1394 1051 1695 1106 ἐκαλλιερέετο,

440 1118 588 1173 πρόσω
619 1120 907 1175 ἐπορεύοντο’
939 1119 1165 1176 Ἀθηναῖοι
1194 1119 1238 1162 ὁὲ
1269 1119 1357 1174 ἅμα
1388 1118 1577 1171 αὐτοῖσι,
1609 1121 1698 1162 δια-

443 1187 596 1244 βάντες
626 1188 704 1242 μὲν
733 1189 779 1232 ἐκ
811 1193 1085 1241 Σαλαμῖνος,
1117 1187 1394 1243 συμμιγέντες
1425 1189 1468 1230 δὲ
1497 1187 1543 1230 ἐν
1561 1186 1699 1230 Ἐλευ-

411 1258 434 1295 4
443 1258 545 1297 σῖνι.

389 1460 530 1512 ἔχουσι,
554 1461 657 1514 quod
668 1460 943 1501 Valckenaerio
954 1476 1046 1515 pro-

388 1519 470 1556 bari
488 1519 613 1558 video.

443 1574 664 1627 προθύμως
677 1575 855 1627 φέρετε]ἰ.
870 1590 903 1616 e.
916 1577 1045 1625 sedulo,

386 1635 552 1679 gnaviter
563 1633 830 1668 sustinetelnocce
847 1634 983 1679 bellum,
1005 1640 1047 1670 ut

388 1689 460 1735 lx,
475 1686 540 1727 40.
562 1689 665 1733 Quae
681 1689 860 1724 continuo
876 1702 1046 1739 sequun-

389 1751 451 1781 tur
481 1745 615 1781 verba:
623 1741 883 1814 εὐεργεσίῃσι
903 1743 977 1797 7029
999 1741 1048 1783 ου’

391 1795 570 1850 νικήσετε
583 1797 672 1838 οὕτε
684 1802 740 1839 ὠν
756 1798 821 1851 ἐμὲ
832 1816 878 1839 ov
887 1816 920 1839 τε
934 1802 1048 1852 βασι-

390 1854 458 1894 λέα
469 1868 513 1893 eo
525 1858 725 1907 pertinent,
740 1855 866 1908 quod
856 1870 896 1892 in
922 1858 1049 1893 maxi-

390 1913 462 1949 mis
474 1910 682 1949 habebatur
700 1925 834 1963 regum
848 1914 1050 1950 Persarum

390 1968 521 2006 officiis
542 1969 724 2006 beneficia
744 1976 898 2019 accepta
920 1983 1051 2006 remu-

390 2025 527 2064 merari.
587 2027 644 2061 De
685 2038 760 2076 quo
794 2025 872 2063 vid.
910 2025 1051 2064 Herod.

391 2082 466 2128 ΙΙΙ,
501 2079 591 2121 140.
616 2082 774 2129 160.V,
807 2084 870 2121 11.
900 2084 1052 2139 V1,„⁹30.

392 2138 462 2174 V11
475 2167 484 2185 ,
525 2136 615 2178 194.
665 2138 753 2174 Vim
792 2140 951 2175 voculae
982 2140 1050 2187 ών,

391 2205 491 2245 quae
511 2195 722 2243 negationis
742 2195 821 2232 vim
837 2203 962 2246 auget,
978 2208 1052 2232 no-

393 2250 485 2287 tavit
542 2250 725 2288 Wentzel
765 2253 823 2287 De
876 2264 1048 2302 praepos.

389 2306 500 2343 tmesi
519 2319 578 2357 ap.
601 2305 742 2346 Herod.
765 2319 850 2357 pag.
876 2311 929 2348 30
946 2337 956 2355 ‚
983 2308 1049 2344 ubi

389 2363 505 2400 etiam
525 2364 615 2400 citat
631 2364 670 2411 Ι,
691 2363 759 2404 46.
797 2364 886 2412 VII,
918 2363 1011 2404 140.

607 2452 700 2504 cap.
733 2453 842 2492 XIX.

453 2525 526 2569 οὐκ
550 2530 764 2581 ἐδικαίευν]
794 2534 851 2569 De
871 2529 945 2570 hoc
964 2546 1052 2569 ver-

398 2585 448 2621 bo
486 2587 563 2624 vid.
595 2595 692 2626 nott.
725 2588 773 2625 ad
811 2590 1051 2636 V111,126;

400 2639 448 2677 de
476 2644 590 2680 verbo
628 2647 845 2698 καλλιερεῖν
887 2644 966 2682 dixi
1003 2643 1051 2682 ad

400 2697 488 2746 VII,
524 2698 614 2739 134
653 2699 763 2738 Unde
794 2702 881 2740 satis
911 2702 1051 2753 perspi-

600 1252 674 1306 Ὡς
704 1257 750 1300 δὲ
780 1254 864 1311 ἄρα
903 1255 1113 1300 ἀπίκοντο
1151 1259 1227 1311 τῆς
1258 1257 1469 1312 Βοιωτίης
1501 1253 1544 1306 ἐς
1565 1253 1696 1310 Ἐρυ-
1709 1261 1751 1296 15

1103 1463 1212 1511 citur,
1242 1462 1343 1500 male
1368 1460 1407 1503 h.
1437 1462 1463 1499 l.
1486 1461 1623 1512 corrigi
1641 1458 1759 1513 ἵρὲων

1102 1533 1171 1571 pro
1207 1518 1328 1571 ἱρῶν,
1357 1526 1399 1556 ut
1424 1520 1615 1556 sacerdotes
1643 1519 1759 1555 intel-

1101 1577 1289 1626 ligantur,
1311 1589 1390 1613 nou
1409 1578 1591 1622 victimae,
1622 1575 1758 1626 quibus

1101 1634 1188 1668 solis
1215 1631 1276 1668 hic
1297 1639 1351 1668 est
1369 1633 1487 1669 locus.
1519 1630 1631 1667 Haud
1652 1632 1759 1667 aliter

1101 1701 1195 1724 mox
1223 1686 1317 1724 dixit
1363 1682 1428 1739 ἱροὶ
1462 1700 1490 1722 s.
1523 1684 1609 1737 ἱεροὶ
1629 1691 1760 1727 ποιεῖν

1104 1757 1208 1781 sacra
1241 1743 1389 1793 facere,
1442 1745 1662 1793 sacrificare:
1711 1743 1760 1780 de

1106 1813 1181 1852 quo
1209 1799 1286 1837 vid.
1316 1807 1411 1836 nott.
1445 1798 1494 1835 ad
1525 1801 1596 1843 Vl,
1631 1800 1684 1839 57
1724 1806 1762 1836 et

1105 1856 1298 1895 Lambert.
1333 1858 1421 1892 Bos.
1455 1856 1587 1906 Ellips,
1618 1857 1664 1894 L.
1697 1857 1762 1894 Gr.

1104 1925 1194 1963 pag.
1211 1915 1304 1953 200.
1357 1910 1467 1958 Quod
1493 1925 1583 1949 vero
1603 1910 1765 1949 Bekke-

1108 1982 1171 2006 rus
1203 1968 1329 2016 dedit,
1370 1965 1424 2014 ὥς
1456 1981 1527 2016 σφι
1557 1968 1764 2019 ἐκαλλίρεε,

1107 2021 1161 2064 τὸ
1203 2020 1338 2075 πρόσω
1375 2021 1635 2075 ἐπορεύοντο,
1672 2024 1714 2062 id
1743 2038 1764 2061 e

1109 2082 1286 2119 Siivernii
1306 2081 1415 2117 fluxit
1435 2082 1669 2128 coniectura3
1689 2094 1762 2118 nec

1107 2150 1198 2179 vero
1214 2139 1340 2187 scripti
1370 2138 1452 2173 libri
1478 2136 1671 2174 addicunt.

1162 2192 1231 2239 Ὡς
1261 2191 1303 2231 δὲ
1322 2190 1398 2241 ἄρα
1423 2188 1612 2232 α’πίκοντο
1638 2215 1690 2220 -
1720 2192 1761 2240 ἐς

1105 2245 1325 2300 Ἐρυθρὰς]
1350 2251 1424 2285 Pro
1454 2247 1506 2295 ὥς
1539 2247 1581 2288 δὲ
1610 2263 1698 2287 cum
1723 2251 1765 2286 in

1106 2306 1295 2344 Sancrofti
1322 2305 1451 2343 codice
1468 2313 1587 2343 exstet
1621 2305 1672 2345 ἐκ
1699 2303 1763 2354 δὲ,

1105 2360 1492 2411 Schweighaeuserus
1555 2364 1764 2413 suspicatur

1102 2420 1285 2469 scriptum
1304 2420 1416 2456 fuisse
1437 2417 1533 2466 ἐπεὶ,
1567 2418 1764 2456 conferens

1048 2500 1055 2507 -
1106 2477 1184 2519 lx,
1218 2479 1294 2523 17,
1328 2477 1393 2512 ubi
1418 2476 1546 2512 similis
1581 2476 1765 2511 librorum

1106 2533 1331 2582 scriptorum
1347 2532 1526 2571 confusio.
1552 2532 1610 2567 De
1624 2530 1765 2580 Eryth-

1107 2591 1157 2625 ris
1178 2587 1257 2625 dixi
1279 2587 1327 2625 ad
1349 2590 1424 2636 lx,
1460 2590 1522 2628 17.
1552 2588 1664 2633 „Huc
1695 2587 1765 2635 (ait

1113 2644 1227 2681 Vale
1243 2645 1334 2684 ken.
1359 2644 1373 2691 )
1423 2650 1627 2694 antequam
1675 2656 1764 2680 cum

1108 2702 1262 2739 caeteris
1283 2701 1432 2738 Graecis
1453 2701 1623 2738 venirent
1639 2697 1764 2737 Athe-
