1879 3222
414 161 499 203 238
816 160 1270 200 HERODOTI

86 270 363 340 affusiffl‘rssi‘iss'et.
391 266 478 328 Ξῆν
505 269 609 325 θέης
638 266 771 321 ἄξιος,
801 268 1014 325 μεγάθεος
1042 272 1183 315 εἵνεκα
1222 271 1294 315 καὶ
1331 269 1520 322 κάλλεος.
1577 274 1667 315 τῶν

85 339 183 408 {¹25}-
201 339 334 400 Gffiffi·
418 339 464 382 δὲ
496 339 638 381 εἵνεκα
666 338 739 381 καὶ
767 342 904 382 ταῦτα
931 337 1122 382 ἐποίευν·
1153 341 1415 390 ἐκλείποντες
1433 341 1507 389 τὰς
1535 337 1665 390 τάξις,

86 406 293 435 θ’ὓῑθθὴθῐοθ
388 406 621 462 3ἒφοίτεον
657 405 916 460 θεησόμενοι
957 408 1217 450 Μασίστιον.
1283 408 1407 451 Μετοὶ
1448 407 1521 455 δὲ,
1552 406 1722 458 ἔδοξέ95

415 484 497 529 σφι
525 473 834 529 ἐπικαταβῆναι
864 474 905 524 ἐς
936 474 1177 525 Πλαταιάς·
1210 473 1232 518 ὁ
1262 476 1344 530 γὰρ
1375 478 1516 530 χῶρος
1549 475 1667 528 ἐφαί-

413 557 511 584 νετο
540 545 686 600 πολλῷ
714 541 799 584 ἐών
829 541 1156 598 ἐπιτηδειότερός
1185 553 1264 596 σφι
1292 540 1669 595 ἐνστρατοπεδεύε-

415 614 521 653 σθαι
551 608 574 654 ὁ
608 609 869 660 Πλαταιϊκός
885 614 963 652 τοῦ
989 608 1267 663 Ἐρυθραίου,
1301 609 1353 651 τά
1381 625 1426 652 τε
1445 609 1564 662 ἄλλα,
1595 610 1668 652 καὶ

386 676 716 731 4εὐϋδρότερος.
749 678 791 729 ἐς
825 681 982 719 τοῦτον
1012 675 1063 732 δή
1095 675 1173 718 τόν
1201 679 1360 730 χῶρον,
1391 677 1464 718 καὶ
1491 677 1559 720 ἐπὶ
1587 677 1668 732 τήν

415 745 583 801 κρήνην
620 744 701 799 τὴν
745 744 1026 798 Γαργαφίην,
1076 742 1156 798 τήν
1190 742 1236 785 ἐν
1274 746 1333 797 τῷ
1363 742 1488 800 χώρῳ
1526 743 1667 801 τούτῳ

414 811 591 864 ἐοῦσαν,
622 813 738 864 ἔδοξέ
768 823 847 867 σφι
875 810 1002 866 χρεόν
1032 808 1142 853 εἶναι
1171 810 1428 861 ἀπικέσθαι,
1472 811 1545 853 καὶ
1574 813 1669 854 δια-

385 881 655 937 5ταχθέντας
695 878 1121 934 στρατοπεδεύεσθαι.

362 1103 426 1143 dat
448 1099 527 1155 ἦν,
568 1105 673 1157 quod
713 1108 827 1144 etiam
857 1120 961 1144 nunc
996 1120 1017 1143 e

359 1162 578 1199 melioribus
606 1164 790 1201 Herodoti
825 1165 928 1201 libris
956 1177 1017 1200 re-

358 1225 539 1256 vocatum
559 1232 637 1258 esse
658 1220 781 1259 video.
832 1221 1018 1258 Schaefe-

358 1288 422 1311 rus
442 1276 563 1311 tenuit
592 1277 674 1328 ἔην,
705 1299 758 1305 -—
816 1277 879 1314 Ad
908 1290 1018 1314 voces

359 1329 535 1382 μέγαθος
556 1340 592 1370 et
622 1328 764 1380 κάλλος
793 1335 1019 1385 plerumque

359 1388 505 1424 iunctas
527 1390 626 1430 conf.
646 1397 740 1427 nott.
757 1390 805 1426 ad
826 1392 869 1438 V,
894 1393 958 1430 12.

416 1447 500 1483 τῶν
517 1443 559 1483 δὲ
587 1447 717 1486 εἵνεκα
743 1446 809 1485 καὶ
832 1449 953 1485 ταῦτα
977 1445 1016 1486 ἒ-

359 1502 531 1549 ποίευν]
573 1501 739 1551 „10322620
759 1503 796 1540 id
814 1511 867 1540 est
896 1498 1017 1555 μεγά-

358 1561 458 1603 θεος
471 1557 601 1598 εἵνεκα
626 1559 692 1598 καὶ
705 1557 889 1606 κᾶλλεοςε
920 1561 1017 1598 ταῦ-

359 1629 406 1652 τα
429 1613 596 1662 ἐποίεον,
626 1629 766 1665 nempe
782 1613 851 1654 τάν
871 1612 1015 1666 νεκρόν

359 1666 468 1721 παρά
495 1667 564 1716 τάς
581 1667 691 1718 τάξις
719 1667 913 1720 ἐκόμιζον.
969 1671 1013 1705 In

359 1727 516 1763 Homeri
536 1727 580 1763 11.
609 1728 734 1774 XXII,
752 1729 832 1767 369
871 1728 1014 1762 Hecto-

360 1783 408 1819 ris
449 1781 610 1819 cadaver
649 1784 894 1834 περίδραμον
931 1777 1014 1828 υἷες

357 1834 544 1889 Ἀχαιῶν,
559 1839 671 1878 οἳκαὶ
684 1835 891 1889 θηήσαντο
904 1836 1014 1889 φυήν

360 1894 428 1934 καὶ
464 1892 568 1942 εἶδος
605 1891 749 1948 α’γητόν
774 1891 1015 1947 ”Εκτορος.“

369 1951 588 1988 Valcken.
646 1952 730 1990 Ideo
752 1964 831 1988 vero
851 1952 895 2001 (i.
917 1965 949 1988 e.
967 1952 1014 1988 ob

361 2008 657 2059 pulcritudinem
686 2009 851 2058 corporis
875 2016 911 2045 et
930 2021 1016 2044 ma—

362 2063 621 2114 gnitudinem)
643 2065 727 2102 haec
742 2064 927 2114 faciebant
948 2064 1016 2114 (ut

361 2122 442 2158 scil.
463 2121 624 2158 cadaver
654 2120 846 2169 ducerent,
867 2128 1015 2172 praeter

361 2179 482 2213 aciem
505 2191 546 2214 ac
564 2179 730 2228 singuios
751 2177 914 2226 ordines)
928 2191 1016 2214 cun-

362 2236 476 2284 ctz'que
495 2235 626 2271 relictis
646 2235 853 2271 stationibus
872 2235 1016 2272 accede-

362 2291 448 2327 bant
470 2293 637 2328 intuitum·
666 2290 883 2329 Mas-istium.
944 2291 1015 2326 Ubi

362 2360 460 2398 quae
480 2354 566 2384 ante
587 2346 767 2397 ἐφοίτεον
778 2348 1015 2383 oliminserta

363 2411 440 2440 erat
459 2405 593 2440 vocula
613 2403 691 2454 καὶ,
713 2416 756 2440 ea
776 2416 878 2440 nunc
900 2405 1017 2440 eiecta

364 2467 429 2506 est,
451 2462 669 2498 melioribus
689 2459 800 2498 codd.
816 2461 867 2497 ita
882 2461 1017 2497 iuben-

362 2516 473 2553 tibus.

426 2567 437 2581 ἶ
507 2570 515 2584 Ι
608 2575 626 2583 υ

420 2586 440 2610 o
467 2588 538 2623 γαρ
570 2588 696 2625 χωρος
727 2588 764 2612 κ.
797 2587 831 2611 τ.
861 2571 915 2623 λ.]
958 2574 1016 2609 De

362 2633 546 2664 structura
567 2630 638 2666 loci
659 2630 759 2667 conf.
780 2628 915 2666 Matth.
949 2630 1015 2667 Gr.

360 2685 426 2722 Gr.
449 2684 487 2728 ξ.
513 2685 592 2724 615
613 2699 648 2734 p.
672 2687 790 2728 1243.
831 2685 892 2723 Ad
910 2699 1016 2738 seqq.

1185 876 1492 935 Ἀναλαβόντες
1531 877 1577 922 δὲ
1613 878 1695 921 τὰΙ

1071 1101 1191 1146 πεδεύ
1197 1109 1313 1145 εσθαι
1329 1104 1406 1143 vid.
1427 1111 1522 1143 nott.
1541 1103 1589 1142 ad
1603 1106 1672 1153 IX,
1685 1110 1724 1147 2.

1073 1168 1098 1205 7
1120 1170 1157 1199 et
1178 1164 1225 1200 ob
1256 1175 1367 1199 usum
1395 1163 1595 1199 locutionis
1614 1158 1663 1201 τά
1685 1176 1726 1202 τε

1076 1216 1175 1259 ἄλλα
1194 1221 1404 1256 Hermann.
1425 1218 1473 1255 ad
1493 1220 1619 1269 Viger.
1638 1231 1726 1270 pag.

1074 1279 1168 1323 722,
1216 1277 1281 1312 ubi
1313 1282 1486 1312 nostrum
1514 1276 1643 1312 locum
1676 1277 1727 1313 ita

1074 1333 1189 1369 latine
1202 1331 1348 1369 reddit:
1390 1334 1512 1381 „regio
1533 1331 1727 1369 Plataeen-

1070 1391 1119 1426 δῖε
1139 1402 1242 1439 quum
1260 1388 1343 1425 aliis
1369 1389 1468 1425 rebus
1490 1391 1605 1438 aptior
1627 1389 1728 1426 vitle-

1071 1446 1175 1482 batur
1204 1445 1253 1482 ad
1285 1444 1600 1482 castrametandum
1624 1444 1729 1496 Ery-

1073 1502 1204 1551 tkraeo,
1226 1506 1299 1538 tum
1324 1501 1422 1552 aqud
1453 1502 1727 1540 abundantior.“

1128 1612 1192 1652 ἐπὶ
1225 1610 1299 1663 τήν
1329 1610 1484 1664 κρήνην
1516 1609 1592 1663 τήν
1622 1615 1727 1663 Γαρ-

1070 1669 1241 1720 γαφίην]
1265 1670 1363 1704 Fons
1382 1670 1462 1716 iste,
1493 1671 1598 1706 cuius
1614 1681 1727 1706 men-

1071 1726 1123 1761 tio
1146 1737 1299 1776 quoque
1313 1725 1458 1771 1x‚49.
1476 1725 1528 1765 50
1549 1737 1726 1762 occasum

1071 1794 1198 1818 versus
1221 1782 1267 1818 ab
1298 1779 1469 1832 Erythris
1490 1782 1726 1831 prosiliebat3

1070 1837 1173 1874 unde
1194 1850 1292 1889 aqua
1303 1838 1499 1874 Plataeam
1519 1849 1646 1875 versus
1657 1838 1727 1875 fuit

1072 1893 1234 1931 deducta
1258 1901 1350 1930 teste
1369 1895 1532 1930 Pausan.
1552 1895 1621 1941 IX,
1642 1894 1668 1934 4
1690 1896 1729 1940 §.

1073 1954 1109 1998 3,
1132 1952 1198 1987 ubi
1212 1949 1288 1989 vid.
1311 1951 1482 1987 Siebelis.
1511 1951 1622 1988 Nunc
1638 1964 1727 1988 eum

1071 2009 1198 2044 vocari
1219 2006 1350 2044 dleunt
1373 2006 1604 2056 Vergentz‘ari,
1628 2006 1727 2045 duo-

1072 2064 1141 2101 bus
1190 2065 1281 2101 vicis
1321 2063 1499 2100 Gondara
1547 2071 1584 2100 et
1621 2065 1727 2101 Velia

1072 2133 1188 2172 aquas
1231 2121 1489 2171 praebentem.
1554 2118 1641 2157 Vid.
1684 2121 1728 2158 C.

1072 2179 1116 2215 O.
1149 2178 1298 2213 muner.
1328 2175 1561 2216 Orchomen,
1581 2190 1620 2227 p.
1642 2176 1726 2217 489

1072 2234 1157 2272 coll.
1179 2234 1275 2271 Gail.
1297 2234 1351 2269 Le
1374 2231 1506 2283 philol.
1529 2232 1562 2269 V
1582 2247 1618 2283 p.
1645 2235 1726 2274 309

1071 2303 1150 2341 seq,
1209 2290 1280 2334 Qui
1310 2289 1393 2326 fons
1424 2303 1518 2326 num
1545 2288 1647 2326 idem
1682 2291 1729 2326 sit

1073 2353 1186 2397 atque
1206 2347 1280 2394 ille,
1305 2359 1419 2398 quem
1442 2344 1576 2383 Clarke
1600 2346 1727 2394 (Tra-

1072 2403 1150 2440 vels
1178 2404 1224 2450 11,
1247 2405 1271 2442 ὃ
1301 2416 1387 2452 pag.
1428 2404 1495 2450 83)
1532 2415 1599 2453 pro
1629 2403 1725 2439 Gar-

1071 2458 1211 2510 gapliio
1232 2460 1336 2496 fonte
1357 2458 1481 2505 habet,
1517 2457 1620 2495 haud
1640 2457 1726 2507 dig-

1071 2528 1248 2563 noscaln3
1277 2517 1405 2553 statuit
1429 2516 1609 2552 nimirum
1639 2527 1724 2550 eam

1072 2585 1226 2623 aquam,
1256 2585 1355 2623 quae
1375 2586 1396 2609 e
1424 2572 1528 2608 sonte
1558 2571 1725 2621 prosiliat

1073 2627 1228 2666 dimidia
1257 2629 1376 2665 ferme
1404 2626 1495 2665 horat
1528 2633 1673 2663 remoto
1703 2639 1724 2663 a

1072 2686 1155 2723 vico
1176 2686 1345 2733 Platane,
1374 2685 1404 2722 si
1425 2684 1506 2735 quis
1534 2682 1624 2720 inde
1649 2696 1724 2734 pu-

360 2736 657 2793 ἒπιτηδεῶτερός
697 2755 765 2792 σφι
794 2742 1001 2795 ἕνστρατο-
1058 2754 1158 2793 guae
1185 2754 1364 2793 campum
1392 2747 1507 2791 petat,
1550 2739 1598 2777 ad
1619 2739 1722 2777 huuc
1748 2756 1755 2764 ·
