1879 3222
472 191 555 230 241

872 185 1323 223 HERODOT!

471 301 571 353 ,,μῖν
581 292 801 349 πατρώϊόν
816 293 901 337 ἐστι
912 326 922 344 ,
935 294 1051 338 ἐοῦσι
1063 296 1281 348 χρηστοῖσι
1294 292 1389 342 αἰεὶ,
1403 288 1610 344 πρώτοισι
1623 286 1779 332 &vuaso

440 373 463 406 3
473 362 718 420 ,,ἠ“’Λρκα’σι.
731 360 742 375 ‘
752 363 1121 414 Ηρακλείδας,τῶν
1133 355 1254 403 οὔτοί
1267 372 1374 415 φασι
1388 358 1637 401 ἀποκτεῖναι
1648 355 1727 398 τόν

475 429 692 487 ,,ἡγεμόνα
723 429 769 470 ἐν
796 426 980 483 Ἰσθμῷ,
1021 432 1153 470 τοῦτο
1184 428 1261 482 μὲν
1286 427 1468 476 τούτους
1498 423 1725 478 πρότερον,

477 495 864 551 ,,ἐξελαυνομένους
892 494 978 539 ὑπὸ
1009 493 1182 537 πάντων
1201 498 1286 536 τῶν
1310 493 1538 549 ‘Elii-vivont
1560 491 1602 542 ἐς
1622 490 1726 541 τούς

477 563 732 618 »ἀπικοίατο
761 561 992 618 φεύγοντες
1023 559 1296 616 δουλοσύνην
1315 560 1424 614 πρὸς
1437 560 1725 616 Μυκηναίων,

477 635 664 688 ,,μοῦνοι
692 629 1016 683 ὑποδεξάμενοι,
1044 628 1122 685 τὴν
1146 628 1402 682 Εὐρυσθέος
1433 626 1563 683 ὕβριν
1592 625 1727 669 κατεί-
1739 631 1783 665 65

473 703 653 754 ,,λομευ,
701 697 784 747 σὺν
821 699 1001 739 κείνοισι
1044 696 1157 751 μάχῃ
1196 695 1448 749 νικήσαντες
1488 692 1593 744 τούς
1631 693 1726 735 τότε

450 766 683 821 4,,ἔχοντας
716 764 1066 819 Πελοπόννησον.
1123 766 1253 805 τοῦτο
1285 761 1352 813 δὲ,
1380 760 1596 814 Ἀργείους
1624 759 1728 810 τούς

478 832 610 888 ,μετα
658 833 947 880 Πολυνείκεος
974 830 1044 873 ἐπὶ
1076 829 1222 885 Θήβας
1253 827 1508 877 ἐλάσαντας,
1540 824 1728 882 τελευτή-

477 914 660 956 ,,σαντας
696 897 772 940 τὸν
804 898 961 947 αἰῶνα,
1002 898 1074 940 καὶ
1104 896 1301 952 ἀτάφους
1330 894 1573 949 κειμένους,
1605 899 1785 949 στρα-ῚΟ

481 965 762 1021 ,,τευσοῖμενοι
791 965 859 1007 ἐπὶ
887 963 991 1017 τούς
1020 966 1277 1020 Καδμείους,
1309 962 1536 1006 ἀνελέσθαι
1564 978 1608 1005 τε
1627 959 1731 1011 τούς

479 1032 689 1087 ,,νεκρον’ς
719 1048 880 1088 φαμεν,
909 1033 982 1075 καὶ
1016 1030 1159 1079 θάψαι
1187 1036 1262 1087 τῆς
1290 1030 1491 1087 ἡμετέρης
1520 1030 1567 1072 ἐν
1593 1028 1728 1072 Ἐλευ-

452 1106 611 1155 5,,σῖνι.
669 1099 755 1144 ἔστι
787 1099 832 1144 δὲ
860 1098 964 1157 ἡμῖν
994 1099 1119 1156 ἔργον
1153 1094 1201 1143 εὖ
1230 1099 1327 1155 ἔχον
1356 1098 1428 1141 καὶ
1448 1097 1490 1148 ἐς
1513 1095 1728 1153 Ἀμαζονί-

473 1346 683 1404 Ἀργείους
699 1347 793 1397 τοὺς
813 1347 907 1401 μετοέ
939 1352 1075 1390 Πολυ-

409 1407 571 1455 νείκεος
593 1423 629 1447 κ.
659 1423 690 1446 τ.
712 1408 766 1456 λ.]
809 1409 932 1444 Hosce
962 1420 1077 1444 accu-

421 1465 558 1502 sativos
572 1476 650 1501 non
665 1465 763 1502 bene
776 1464 977 1502 convenire
988 1476 1079 1500 cum

422 1521 487 1568 iis,
526 1534 622 1572 quae
663 1519 838 1571 deinceps
877 1521 1076 1571 leguntur:

423 1572 635 1616 ἀνελέσθαι
684 1591 724 1615 τε
766 1574 860 1622 τούς
913 1573 1078 1627 νεκρούς

423 1644 538 1668 nemo
559 1645 636 1668 non
657 1631 771 1668 videt.
828 1633 903 1668 Pro
924 1645 1078 1668 accusa-

424 1688 508 1725 tivis
528 1688 704 1725 absolutis
734 1687 765 1723 si
794 1688 876 1738 quis
907 1688 1077 1737 accipere

424 1744 535 1791 velit,
584 1756 663 1780 non
710 1741 964 1790 intercedam3
1008 1744 1078 1779 nisi

425 1806 587 1850 praestat
606 1798 655 1836 ad
674 1798 767 1835 illud
782 1806 989 1835 structurae
1009 1812 1079 1849 ge—

426 1869 498 1893 nus
519 1856 669 1903 referre,
696 1854 743 1892 de
764 1868 839 1907 quo
860 1854 993 1892 Matth.
1015 1857 1081 1892 Gr.

427 1913 495 1949 Gr.
526 1910 606 1952 427
640 1918 719 1951 not.
751 1914 789 1951 3.
847 1914 903 1948 De
924 1913 1004 1962 ipso
1025 1924 1082 1948 ar-

427 1974 612 2018 gumento
633 1968 707 2004 loci
726 1966 802 2004 vid.
823 1969 866 2016 V,
884 1971 934 2008 67
954 1969 1082 2019 ibique

428 2030 526 2062 nott.
585 2022 793 2060 Larcherus
856 2025 1083 2062 excitaverat

427 2078 650 2131 Apollodor.
671 2081 736 2128 111,
762 2082 786 2119 6
816 2081 851 2124 §.
877 2083 910 2119 1.
929 2083 965 2120 3.
986 2084 1024 2122 6.
1045 2083 1082 2122 8.

428 2138 495 2185 111,
518 2139 541 2176 7
564 2137 601 2182 ξ.
624 2139 659 2176 1.
677 2135 868 2173 Plutarch.
891 2134 1009 2174 Thes.
1023 2151 1082 2188 cp.

428 2194 483 2233 29
503 2206 541 2243 p.
567 2189 617 2231 14
632 2192 681 2229 A.
696 2215 751 2220 —
807 2193 974 2229 Verbum
995 2190 1083 2233 ἅνε-

429 2246 571 2288 λέσθαι
597 2247 638 2283 iu
666 2247 908 2286 cadaveribus
943 2248 991 2285 ad
1021 2263 1082 2286 se-

430 2305 622 2355 pulturam
658 2305 831 2341 tollendis
870 2303 1081 2342 adhibitum

431 2362 589 2399 illustrat
617 2361 892 2411 Wesselingius
913 2362 1082 2399 Isocratis

431 2418 528 2454 locc.
556 2418 746 2468 Panegyr.
765 2417 813 2457 15
835 2419 871 2462 §.
899 2417 950 2457 55
972 2431 1007 2467 p.
1029 2419 1082 2458 52

431 2474 480 2511 A.
499 2474 596 2512 Plat.
619 2473 698 2524 [cp.
719 2475 767 2513 21
793 2473 829 2518 §.
854 2473 925 2520 53]
947 2487 985 2523 p.
1002 2475 1082 2514 306

432 2530 479 2565 D.
494 2550 541 2557 —-
565 2527 725 2567 Panath.
747 2530 849 2580 [cap.
863 2531 916 2570 70
932 2530 967 2574 ξ.
984 2530 1082 2578 171]

432 2596 471 2634 p.
491 2586 571 2624 269
591 2586 638 2623 A.
659 2587 748 2638 Lys.
764 2583 942 2637 Epitaph.
966 2586 1082 2636 [pag.

435 2641 488 2679 60
518 2642 616 2690 seq.]
647 2655 686 2692 p.
717 2644 783 2688 33,
815 2643 880 2679 ubi
907 2641 954 2680 cf,
975 2643 1083 2693 Tay-

434 2695 505 2731 lor.
565 2697 629 2732 Tu
649 2696 737 2734 add.
752 2699 820 2746 lX,
843 2700 895 2740 23
918 2704 953 2734 et
973 2699 1082 2736 Bois-

436 2748 568 2792 sonad.
602 2751 649 2789 ad
668 2751 880 2795 Philostrat.
909 2756 1082 2794 Heroicc.

1131 1365 1171 1402 p·
1192 1350 1285 1392 431.
1307 1348 1402 1393 542.
1432 1351 1528 1387 Lex.
1555 1345 1738 1400 Xenoph.
1770 1348 1788 1383 1

1132 1421 1170 1459 p.
1194 1407 1284 1448 195.

1189 1463 1255 1502 καὶ
1275 1459 1505 1514 θάψαι.τῆς
1522 1458 1714 1514 ἡμετέρης
1745 1458 1790 1498 ἓν

1132 1516 1342 1569 Ἐλευσῖνι]
1377 1518 1461 1556 vid.
1481 1517 1614 1555 Matth.
1636 1519 1702 1554 Gr.
1720 1517 1787 1556 Gr.

1135 1579 1173 1622 ξ.
1194 1579 1286 1622 321,
1310 1579 1333 1616 6
1356 1589 1439 1627 pag.
1463 1577 1557 1615 629.
1595 1575 1652 1610 De
1672 1573 1787 1610 verbo

1133 1628 1303 1670 θάπτειν
1332 1632 1411 1668 dixi
1440 1630 1487 1667 ad
1507 1631 1552 1675 V,
1573 1632 1611 1670 8.
1669 1629 1785 1664 Eleu-

1133 1688 1213 1724 sine
1255 1688 1293 1735 (i.
1317 1701 1349 1724 e.
1384 1687 1422 1722 in
1453 1699 1544 1735 agro
1581 1685 1786 1731 Eieminio,

1133 1756 1212 1780 non
1242 1743 1441 1793 intemplo
1471 1742 1683 1791 Eleusinio)
1705 1742 1787 1777 illos

1135 1799 1297 1850 sepultos
1317 1813 1395 1836 esse
1424 1805 1607 1835 testantur
1636 1809 1788 1849 quoque

1137 1857 1299 1892 Pausan.
1324 1857 1353 1902 I,
1387 1857 1438 1895 39
1467 1856 1502 1899 ξ.
1537 1856 1563 1893 2
1594 1859 1630 1890 et
1658 1855 1790 1904 Lysias

1137 1910 1315 1963 Epitaph.
1349 1925 1388 1962 p.
1411 1912 1503 1950 191.
1534 1909 1587 1950 25
1617 1923 1648 1948 S.
1669 1923 1707 1961 p.
1736 1907 1789 1950 65

1137 1967 1266 2006 Reisk.

1195 2023 1274 2064 ἔστι
1305 2020 1347 2062 δὲ
1372 2020 1471 2075 ἡμῖν
1498 2020 1613 2074 ἔργον
1632 2015 1679 2062 εὖ
1699 2020 1790 2073 ἕχον

1138 2079 1205 2120 καὶ
1237 2079 1277 2128 ἒς
1303 2074 1564 2131 Ἀμαζονίδας
1595 2093 1632 2119 κ.
1666 2092 1700 2116 τ.
1732 2078 1788 2126 λ.]

1137 2139 1193 2174 lta
1223 2137 1350 2186 scripti
1386 2136 1469 2171 libri
1499 2141 1685 2186 quantum
1710 2135 1788 2171 scio

1138 2204 1386 2243 omnes,qu0s
1404 2190 1462 2227 hic
1482 2189 1652 2228 deserere
1670 2191 1789 2238 nolui,

1135 2250 1318 2299 probante
1357 2248 1635 2297 Wesselingio‚
1693 2248 1788 2284 Diss.

1135 2304 1276 2342 Herod.
1296 2305 1351 2340 IX
1371 2317 1408 2354 p.
1433 2305 1522 2351 132,
1552 2304 1617 2340 ubi
1648 2302 1695 2340 de
1715 2301 1789 2340 hoc

1136 2362 1220 2398 loco
1244 2362 1390 2398 uberius
1413 2360 1502 2410 egit.
1561 2360 1658 2396 Cum
1685 2360 1787 2397 enim

1137 2419 1176 2454 in
1197 2416 1334 2454 Aldina
1354 2423 1437 2468 post
1456 2417 1570 2453 verba
1587 2413 1657 2463 τὰς
1671 2412 1788 2465 Ἀμα-

1139 2474 1296 2521 ζονίδας
1341 2473 1603 2510 invenirentur
1648 2473 1786 2508 inserta

1138 2531 1252 2568 verba
1271 2526 1358 2577 τὰς
1383 2525 1787 2579 &austrinas-,Gro-

1137 2588 1271 2624 novius
1286 2585 1418 2637 reponi
1426 2585 1592 2623 voluerat
1608 2581 1679 2630 τᾶς
1691 2579 1788 2623 ἄπο-

1138 2640 1282 2693 θήτας,
1301 2643 1481 2693 probante
1500 2638 1700 2688 Larchero,
1722 2641 1787 2693 qui

1138 2699 1261 2737 reddit
1280 2697 1493 2736 redoutables
1515 2699 1726 2745 ςιιοτνίὲνεε,
1750 2703 1787 2733 et

1139 2757 1291 2808 Toupio
1312 2756 1350 2792 in
1369 2753 1488 2804 Epist.
1517 2754 1598 2792 crit.
1616 2767 1654 2805 p.
1675 2755 1728 2794 82
1754 2765 1786 2792 s.
