1879 3222
436 197 503 233 DE
533 193 658 231 VITA
691 195 764 232 ET
795 195 1030 234 SCRIPTIS
1060 196 1334 234 HERODOTI.
1541 196 1625 237 389

144 308 301 346 Tlmrz'us
319 315 486 353 vocatur,
508 319 551 343 ac
571 306 601 342 si
621 306 753 343 natalis
774 304 835 343 hic
858 314 953 344 esset
971 308 1077 346 locus
1107 322 1272 361 vereque
1304 310 1472 360 patriu33
1510 308 1623 347 inde-

140 379 215 417 que
236 367 350 402 etiam
378 363 480 401 haud
503 364 580 400 scio
597 375 644 399 an
666 362 936 413 explicandum
956 365 1023 412 sit,
1055 365 1158 417 quod
1180 367 1267 402 belli
1295 367 1620 418 Peloponnesiaci,

140 421 243 474 quod
256 423 317 458 illa
337 427 455 458 aetate
476 432 590 471 quam
607 421 775 456 maxime
795 421 925 458 saeviit
945 426 1165 472 tantamque
1194 424 1373 460 Graeciae
1392 425 1505 462 rebus
1525 437 1621 461 con-

138 480 350 516 versionem
382 477 527 523 attulit,
570 478 687 513 rarior
714 477 754 512 in
778 478 893 514 Musis
921 477 1144 515 Herodoteis
1164 480 1308 515 mentio
1329 480 1407 518 fiat.
1464 479 1620 518 Thuriis

137 543 330 572 mortuum
348 535 464 584 inque
484 533 565 569 foro
587 534 777 584 sepultum
798 547 876 570 esse
896 533 1135 570 Herodotum
1156 534 1270 572 tradit
1290 536 1426 574 Suidas
1446 538 1531 575 loco
1554 551 1619 575 su·

136 605 235 642 pra<
225 592 356 627 allato.
389 590 527 626 tumuli
556 591 838 640 inscriptionem
866 589 1011 627 hancce
1032 590 1197 628 offerunt
1218 591 1433 642 Stephanus
1453 596 1618 645 Byzant-

135 662 163 688 s.
185 661 220 684 v.
243 642 413 695 Θούριος
434 653 470 682 et
491 646 751 697 Aristophanis
771 646 981 684 Scholiasta
1002 646 1050 684 ad
1068 648 1196 685 Nubb.
1217 651 1293 689 331
1319 649 1424 700 (coll.
1444 649 1616 688 Brunck.

134 703 319 741 Analectt.
340 704 424 741 Vol.
443 705 553 754 lllp.
576 706 656 744 263
678 705 796 755 epigr.
817 704 938 750 533):

347 798 548 858 Ηρόδοτον
567 799 663 844 Λύξε
666 814 696 835 ω
718 799 870 844 κρύπτει
892 800 996 840 κόνις
1012 798 1079 847 ἥδε
1097 800 1282 847 θανόντα,

451 845 567 886 Ἰοἱδος
585 845 735 891 οἷρχαίης
751 847 932 904 ιστορίης
929 845 1122 891 πρύτανιν.

347 892 521 938 Δωριέων
538 892 680 949 πάτρης
700 891 879 949 βλαστόντ
908 890 1011 935 ἄπο,
1042 895 1117 928 τῶν
1124 891 1197 950 ἄρ’
1217 891 1381 949 ἄπλητον

450 940 594 982 ΛΙῶμον
611 938 907 984 υπεκπροφυγών
927 939 1091 985 Θούριον
1111 938 1188 985 ἔσχε
1209 939 1366 986 πάτρην.

128 1031 239 1078 Quod
258 1033 498 1071 Marcellinus
526 1034 567 1070 in
590 1035 666 1074 Vit.
692 1033 914 1086 Thucydid.
935 1037 971 1081 ξ.
996 1038 1046 1077 18
1070 1031 1115 1085 ᾗ)
1141 1033 1300 1072 Athenis
1329 1032 1514 1072 Herodoti
1527 1046 1613 1071 me-

126 1097 250 1127 morat
268 1091 496 1141 sepulcrum,
518 1090 558 1127 id
577 1092 607 1127 si
626 1105 760 1128 verum
776 1099 850 1139 est,
879 1105 1008 1144 neque
1033 1092 1210 1130 Herodoti
1236 1104 1377 1128 nomen
1391 1121 1401 1140 ‚
1434 1093 1490 1128 uti
1517 1104 1612 1128 con-

126 1146 249 1184 tendit
269 1148 477 1185 Viscontius
491 1177 500 1195 ‚
530 1149 630 1184 male
648 1146 724 1185 huc
744 1149 903 1200 irrepsit,
925 1162 1015 1186 cum
1034 1149 1220 1195 Fabricio,
1239 1149 1612 1200 Wesseliugio,Lar-

126 1202 252 1250 chero,
274 1206 433 1255 Heysio,
466 1206 531 1256 qui
553 1206 632 1255 ipse
661 1207 871 1243 accuratius
891 1207 931 1242 in
957 1204 1052 1242 haec
1073 1205 1267 1256 inquisivit
1295 1218 1333 1256 p.
1354 1206 1420 1245 80.
1443 1207 1518 1254 81,
1549 1205 1612 1241 in-

124 1260 373 1310 telligendum
395 1260 441 1297 de
463 1260 687 1312 cenotaphio
701 1291 712 1309 ,
746 1261 849 1314 quod
868 1263 949 1300 viro
971 1261 1018 1300 de
1039 1263 1145 1299 omni
1166 1263 1325 1298 Graecia
1345 1274 1388 1298 ac
1417 1262 1611 1311 sigillatim

124 1315 171 1353 de
190 1315 496 1366 Atheniensibus,
520 1331 612 1370 quos
634 1320 745 1356 tantis
765 1318 938 1356 laudibus
958 1319 1213 1365 exornaverit,
1232 1318 1470 1354 meritissimo
1488 1316 1611 1354 Athe-

122 1374 270 1411 nienses
292 1375 442 1424 publice
464 1376 667 1425 posuerint.
700 1375 811 1420 Quod
844 1389 933 1414 vero
962 1375 1091 1412 Pellae
1111 1376 1150 1412 in
1176 1373 1401 1411 Macedonia
1430 1373 1609 1411 Herodo-

122 1436 206 1467 tum
225 1431 359 1467 obiisse
376 1432 437 1467 alii
457 1430 719 1482 perhibebant,
747 1439 840 1469 teste
862 1431 982 1470 Suidst
1002 1433 1025 1469 1.
1047 1432 1073 1470 l.
1089 1461 1099 1480 ,
1140 1430 1192 1479 id,
1222 1432 1294 1468 nisi
1317 1444 1467 1482 prorsus
1488 1431 1610 1468 confi-

123 1494 226 1523 ctum
257 1501 336 1524 esse
356 1495 554 1538 putemus,
583 1502 662 1525 non
690 1489 761 1525 nisi
778 1487 850 1526 hac
869 1491 1014 1526 ratione
1033 1489 1228 1539 probabile
1248 1486 1356 1524 reddi
1375 1488 1536 1539 poterit,
1566 1494 1610 1524 ut

122 1543 360 1581 Herodotum
380 1547 589 1595 cogitemus
612 1544 659 1582 ad
675 1544 920 1594 Archelaum,
946 1544 1192 1583 Macedoniae
1213 1557 1364 1595 regem,
1396 1558 1511 1597 quem
1538 1543 1608 1581 do-

120 1607 200 1637 ctos
221 1600 393 1638 homines
425 1600 584 1638 Athenis
615 1601 663 1639 ad
693 1616 732 1639 se
758 1603 934 1640 invitasse
953 1605 1151 1648 novimus,
1191 1608 1283 1638 tunc
1311 1602 1490 1651 temporis
1515 1614 1608 1651 pro-

118 1657 287 1704 fectum,
317 1658 402 1695 fatis
429 1659 552 1696 subito
581 1659 780 1710 abreptum
802 1661 931 1697 fuisse.
990 1658 1101 1698 Conf.
1134 1658 1177 1695 G.
1206 1659 1416 1696 Hermann.
1438 1658 1607 1695 Tom.II

118 1728 206 1767 pag.
226 1717 320 1756 661.

230 1782 390 1831 Uxoris,
426 1784 711 1837 liberorumque
751 1796 871 1836 aeque
900 1796 944 1819 ac
975 1787 1225 1833 cognatorum
1248 1778 1434 1817 Herodoti
1467 1780 1532 1828 (si
1558 1781 1605 1817 ab

118 1851 197 1874 uno
248 1841 357 1890 Pany
360 1840 413 1876 asi
459 1840 653 1892 discedas)
688 1841 794 1877 nulla
828 1841 1011 1891 reperitur
1051 1839 1209 1875 mentio.
1274 1836 1411 1873 Tiadit
1447 1835 1606 1888 quidem

118 1896 359 1932 Ptolemaeus
380 1895 629 1947 Hephaestio,
659 1896 897 1933 Herodotum
921 1908 1051 1933 secum
1071 1894 1246 1931 habuisse
1266 1894 1452 1930 amasium
1482 1906 1605 1944 queu-

119 1950 209 1987 dam
230 1950 500 2001 Plesirrhoum,
531 1953 760 1990 Thessalum
779 1967 920 2003 genere
950 1951 1194 2003 eundemque
1232 1962 1352 2000 opum
1383 1947 1604 1997 haeredem,

119 2021 141 2043 a
161 2021 239 2059 quo
258 2009 371 2044 etiam
390 2007 566 2045 historiae
587 2009 711 2047 editae
727 2010 880 2057 fuerint,
911 2010 1126 2060 reliquisse3
1154 2005 1222 2044 sed
1241 2006 1353 2044 firmo
1374 2013 1603 2057 argumento

118 2063 213 2101 haec
237 2078 367 2101 carere
383 2065 571 2105 videntur.
630 2066 716 2105 Vid.
733 2073 826 2104 nott.
846 2067 895 2103 T.
915 2067 932 2101 I
948 2079 985 2115 p.
1001 2064 1041 2104 4.

227 2135 284 2170 De
293 2133 476 2170 Herodoti
497 2135 726 2184 imaginibus
746 2140 829 2184 post
858 2145 915 2177 ea,
935 2145 1032 2183 quae
1053 2132 1260 2168 Creuzerus
1280 2128 1388 2177 dixit,
1408 2130 1517 2167 initio
1527 2127 1604 2167 hu-

116 2189 174 2227 ius
194 2191 316 2240 operis
336 2204 375 2240 p.
400 2193 412 2229 1
445 2191 494 2226 T.
511 2192 528 2226 I
547 2191 654 2241 plura
673 2189 808 2227 afferre
829 2202 908 2226 non
928 2187 1062 2225 habeo.
1123 2188 1229 2232 Quae
1254 2187 1358 2222 enim
1379 2186 1481 2238 apud
1504 2188 1604 2224 Gro-

116 2248 275 2283 novium
297 2254 444 2283 exstant
463 2248 503 2283 in
523 2248 682 2298 Antiqq.
704 2249 859 2284 Graeco.
880 2247 916 2281 II
935 2247 1011 2283 tab.
1031 2246 1159 2281 LXXI
1190 2244 1275 2280 coll.
1307 2244 1407 2282 Mus.
1438 2244 1601 2294 Capitol.

116 2304 224 2340 Itab.
244 2304 384 2341 LXVII
406 2310 442 2340 et
472 2303 789 2341 V'Vinckelmann.
807 2305 902 2339 Hist.
931 2303 1012 2340 Art.
1032 2302 1082 2339 IV
1103 2301 1230 2351 {(Opp.
1255 2300 1309 2337 Τ.
1334 2300 1397 2346 VI,
1430 2303 1449 2339 1
1482 2314 1520 2351 p.
1549 2303 1603 2340 30

117 2367 155 2397 et
175 2364 202 2402 2
222 2374 260 2411 p.
282 2359 367 2411 44),
387 2361 429 2397 iis
444 2361 602 2398 meliora
622 2359 773 2399 edocuit
789 2360 1002 2399 Viscontius
1022 2372 1044 2396 a
1064 2359 1252 2396 Creuzero
1274 2357 1406 2394 allatus
1426 2357 1452 2394 l.
1471 2357 1496 2394 1.
1529 2357 1602 2403 Qui

117 2548 170 2582 De
191 2550 325 2595 malign.
362 2550 488 2584 Herod.
519 2550 563 2585 35
587 2550 663 2585 init.
730 2550 783 2584 De
815 2549 929 2583 exsilio
966 2560 1040 2592 cap.
1077 2550 1120 2583 13
1143 2548 1202 2582 fin.
1249 2548 1354 2581 Plura
1396 2546 1597 2591 Wesseling.

118 2594 209 2629 Diss.
233 2596 360 2630 Herod.
384 2609 417 2643 p.
441 2599 472 2631 9
498 2596 658 2640 Ηε)5ε1.
684 2596 706 2629 1.
730 2608 763 2641 p.
788 2598 833 2631 70
855 2608 948 2640 seqq.
973 2594 1086 2628 Hand.
1111 2596 1133 2629 l.
1158 2595 1180 2628 l.
1205 2606 1239 2640 p.
1258 2594 1334 2628 384.

208 2664 248 2720 *)
284 2665 395 2698 Locus
415 2669 462 2699 sic
486 2678 523 2699 se
538 2666 656 2699 habet:
704 2662 806 2707 πρὸς
825 2662 895 2707 γᾶρ
914 2665 995 2701 ταῖς
1013 2662 1179 2696 Μείιτίσι
1201 2659 1275 2695 mv.
1279 2674 1336 2700 αις
1356 2659 1599 2716 καλουμέναις

120 2704 214 2741 ἔστιν
232 2707 269 2742 ἐν
294 2712 407 2754 Κοίλῃ
431 2710 477 2745 τὰ
504 2709 711 2754 καῖούμενοε
732 2709 901 2754 Κιμώνια
924 2708 1112 2751 μνήιιατα,
1155 2706 1248 2741 ἔνθα
1274 2708 1461 2741 δείκνυται
1483 2703 1600 2750 Ηρο-

120 2752 172 2787 δό
185 2765 271 2788 του
290 2768 350 2790 και
377 2757 610 2792 Θουκυδίδου
627 2755 771 2811 τάφος;
803 2757 860 2789 ubi
886 2755 1074 2788 Σὶεεοιιῐίιιε
1098 2754 1336 2798 (Iconograph.
1372 2755 1500 2799 Grecq.
1524 2753 1541 2786 I
1564 2763 1599 2797 p.

119 2800 204 2841 315)
231 2802 382 2836 mendum
405 2804 580 2850 suspicans
604 2815 719 2838 vocem
740 2799 944 2846 Ηροδότου
967 2813 987 2834 e
1010 2805 1107 2834 textu
1129 2800 1203 2834 tolli
1223 2799 1306 2834 vult.
