1879 3222
324 211 392 247 DE
426 208 549 248 VITA
579 207 652 244 ΕΤ
680 207 915 248 SCRIPTIS
943 209 1220 248 HERODOTI.
1423 209 1508 250 383

32 321 85 363 95
115 322 201 359 coll.
228 324 279 363 99
311 329 348 359 et
376 322 443 367 IX,
470 322 523 360 73
554 320 696 356 notavi.
753 320 810 356 Ac
837 318 992 358 Thuriis
1026 320 1186 359 historiis
1214 322 1289 359 suis
1320 319 1506 360 addidisse

31 386 144 430 atque
160 380 353 416 inseruisse
373 377 521 413 videtur
540 383 580 413 ut
601 378 720 413 multa
741 377 813 412 alia
838 373 896 426 ᾖ),
927 378 978 414 ita
999 381 1236 428 potissimum
1258 393 1313 424 ea,
1349 392 1445 432 quae
1465 381 1505 418 in

29 433 131 472 hisce
150 438 341 472 Musarum
362 434 462 470 libris
491 433 600 470 obvia
621 432 668 470 ad
688 434 866 470 seriorem
887 441 1047 471 aetatem
1068 437 1257 486 pertinent
1277 433 1364 486 Μ).
1425 436 1504 474 Sed

29 489 122 529 haec
142 491 237 528 nihil
258 492 415 537 obstant,
436 503 511 541 quo
532 490 657 527 minus
673 503 770 542 quae
789 491 866 526 iam
881 497 991 526 antea
1011 492 1049 527 in
1071 493 1265 529 itineribus
1284 493 1504 546 longinquis

29 547 77 584 de
111 550 218 596 Asia,
260 546 306 583 de
332 548 533 582 Persarum
550 577 560 595 ,
601 548 833 584 Graecorum
848 576 857 594 ,
889 547 1048 584 aliorum
1069 550 1180 586 rebus
1199 550 1268 585 sibi
1290 551 1445 587 collecta
1465 558 1503 588 et

27 613 156 655 parata
177 603 347 641 habuerit
362 600 462 651 Ηῇ)
485 610 591 654 pater
610 603 796 652 historiae,
831 605 1029 655 Olympiae
1046 606 1269 655 praelegerit
1287 608 1504 656 speciminis

27 674 157 709 causa,
195 667 398 711 antequam
431 659 598 697 Thurios
629 661 870 708 discessisset,
911 661 1144 698 Graecorum
1164 664 1202 698 in
1223 664 1398 699 notitiam
1424 677 1502 715 quo

25 719 181 755 veniret.
240 718 337 753 Nam
360 718 524 753 multum
547 718 669 765 abest,
712 725 754 754 ut
783 731 889 769 opus,
913 718 1024 769 quale
1055 731 1158 755 nunc
1180 725 1317 761 exstat,
1356 720 1417 756 illa
1438 733 1502 757 so-

23 774 138 810 lemni
161 775 357 809 occasione
371 805 380 821 ,
411 774 457 810 ab
480 773 672 811 Herodoto
694 781 813 811 totum
835 775 1031 811 recitatum
1053 775 1164 812 fuisse
1180 782 1381 825 putemus,
1412 789 1502 826 par-

23 836 100 866 tem
117 831 238 880 operis
254 832 321 867 Ille
342 831 660 883 qualemcunque,
692 832 769 868 sive
784 827 905 883 λόγον
919 861 929 879 ,
959 839 1000 868 ut
1022 833 1146 868 dicere
1175 832 1283 879 solet,
1317 830 1365 882 †)
1389 845 1503 882 prae-

18 886 123 936 legit,
146 888 298 924 Graecis
323 894 619 935 monstraturus,
650 887 741 940 quid
763 888 809 925 de
824 902 863 925 se
884 890 964 938 ipso
985 887 1109 940 deque
1129 902 1243 940 opere
1271 901 1340 925 suo
1369 902 1503 940 exspe-

19 942 203 980 ctandum
224 950 338 990 esset,
369 951 515 994 partem
537 944 621 981 dico
641 946 702 982 vel
727 958 855 981 rerum
875 946 1149 993 Asiaticarum‚
1180 952 1222 984 ut
1250 946 1391 997 Heysio
1415 948 1502 997 pla-

20 1007 79 1036 cet
99 1001 125 1037 l.
148 1001 172 1037 l.
194 1014 231 1051 p.
253 1001 318 1049 41,
337 1002 396 1037 cui
420 1000 521 1037 haud
546 1002 622 1038 scio
645 1014 692 1037 an
717 1009 818 1038 recte
842 1003 880 1037 in
898 1014 943 1038 eo
964 1003 1191 1054 obloquatur
1214 1004 1391 1053 laegerus
1418 1005 1443 1042 l.
1474 1003 1502 1041 l.

17 1069 55 1106 p.
72 1058 110 1104 9,
139 1058 200 1094 vel
220 1071 347 1093 rerum
363 1059 605 1096 Graecarum.
661 1059 771 1105 Nam,
792 1057 896 1110 quod
917 1065 1017 1095 recte
1037 1059 1230 1096 contendit
1247 1061 1407 1109 Kriiger.
1429 1061 1455 1099 l.
1473 1061 1501 1099 l.

16 1126 54 1163 p.
76 1116 141 1158 31,
170 1114 280 1151 valde
307 1114 348 1150 sit
374 1115 588 1164 probabile,
619 1114 856 1152 Herodotum
883 1116 960 1151 iam
985 1116 1139 1166 Olymp.
1167 1117 1382 1162 LXXXIII,
1405 1120 1429 1157 3
1463 1123 1501 1154 et

15 1171 229 1219 LXXXIV,
258 1174 275 1210 1
303 1177 450 1207 tantuin
473 1170 645 1208 habuisse
677 1172 934 1219 elaboratum,
968 1179 1155 1224 quantum
1185 1172 1234 1209 ad
1272 1173 1500 1223 praelectio-

13 1239 105 1262 nem
125 1225 342 1263 habendam
361 1228 574 1276 sufficeret3
604 1242 675 1264 nec
696 1242 844 1278 prorsus
875 1227 964 1265 inde
993 1228 1244 1267 reficiendum
1268 1229 1412 1267 Suidae
1438 1237 1500 1267 te-

12 1283 247 1332 stimonium,
270 1283 375 1321 Sami
394 1283 563 1321 historias
582 1298 666 1321 suas
679 1285 916 1322 Herodotum
933 1287 1214 1337 conscripsisse:
1242 1285 1421 1324 modone
1435 1293 1499 1324 to—

13 1345 96 1375 tum
117 1341 228 1392 quale
256 1354 360 1377 nunc
387 1342 563 1378 manibus
592 1343 747 1378 terimus
776 1355 870 1392 opus
894 1343 946 1378 ibi
967 1343 1202 1380 elaboratum
1222 1343 1335 1380 fuisse
1367 1344 1499 1380 existi-

12 1408 116 1445 mes;
166 1410 400 1449 quamquam
419 1399 568 1447 longius
587 1399 767 1434 Nostrum
790 1397 862 1434 hac
882 1399 922 1434 in
942 1399 1063 1435 insula
1085 1407 1364 1437 commoratum
1383 1400 1499 1437 fuisse

11 1451 122 1490 valde
148 1453 190 1490 fit
218 1455 425 1505 probabile.
485 1454 570 1491 vid.
590 1462 686 1492 nott.
711 1454 759 1491 ad
780 1457 846 1503 III,
873 1457 939 1495 60.
997 1457 1096 1492 Hinc
1126 1457 1262 1507 igitur,
1299 1457 1496 1494 itineribus

10 1522 79 1560 per
99 1510 248 1559 Asiam,
280 1511 472 1558 Africam,
503 1512 592 1548 alias
621 1512 720 1548 orbis
740 1519 926 1548 terrarum
946 1519 1070 1562 partes
1090 1513 1209 1561 factis,
1238 1514 1278 1549 in
1294 1515 1496 1550 Graeciam

9 1566 224 1617 profectus,
254 1569 409 1604 recitare
431 1568 644 1605 Herodotus
664 1570 787 1619 potuit
813 1569 1033 1618 Olympiae:
1065 1583 1141 1621 quo
1171 1571 1255 1607 loco
1283 1570 1496 1608 istiusmodi

9 1623 246 1660 recitationes
267 1622 534 1661 suissehabitas
556 1626 617 1661 vel
638 1638 692 1671 ea,
707 1638 804 1677 quae
824 1623 978 1661 Dahlm.
995 1626 1020 1662 l.
1040 1626 1065 1665 l.
1088 1639 1127 1676 p.
1152 1629 1202 1665 19
1223 1628 1369 1674 attulit,
1409 1628 1496 1663 satis

8 1680 190 1730 probant3
225 1680 416 1717 affirmant
437 1683 694 1725 recitationes,
722 1694 815 1733 quas
834 1680 1073 1718 Herodotum
1100 1680 1284 1729 Athenis,
1322 1682 1496 1720 Corinthi

9 1742 46 1773 et
65 1736 220 1773 sortasse
247 1738 360 1773 etiam
385 1736 530 1775 Thebis
559 1736 732 1775 habuisse
758 1737 925 1775 tradunt.
954 1736 1033 1790 -Η-)
1093 1738 1171 1776 Sed
1204 1739 1244 1776 id
1267 1737 1394 1776 hacin
1414 1747 1494 1778 tota

8 1794 229 1844 quaestione
259 1795 498 1844 potissimum
532 1796 653 1831 teneri
681 1795 818 1843 velim,
860 1807 939 1832 non
960 1801 1106 1843 totum,
1145 1797 1256 1848 quale
1288 1810 1392 1834 nunc
1422 1811 1495 1834 ex-

8 1856 99 1897 stat,
132 1862 226 1900 opus
247 1851 293 1886 ab
316 1850 509 1888 Herodoto
531 1852 766 1902 praelectum
784 1852 918 1901 fuisse,
954 1851 1022 1889 sed
1041 1859 1164 1902 partes
1188 1860 1340 1889 tantum
1369 1855 1493 1903 operis

8 1904 193 1957 quasdam
214 1912 302 1943 ante
323 1908 555 1958 elaboratas3
586 1915 627 1946 ut
661 1907 756 1946 adeo
776 1915 899 1946 totum
922 1921 1017 1959 opus
1036 1910 1239 1947 recitatum
1263 1910 1295 1947 si
1315 1922 1492 1962 pronun-

97 2119 135 2163 ¹⁸)
161 2118 235 2153 Vid.
261 2118 358 2152 verbi
382 2130 483 2153 causa
506 2119 549 2161 V,
573 2120 616 2154 27
640 2119 754 2164 ibique
777 2120 862 2152 nott.
886 2121 962 2155 coll.
986 2120 1066 2164 VII,
1093 2122 1169 2157 139.
1194 2121 1239 2156 Τ.
1261 2120 1314 2155 ΠΙ
1337 2132 1372 2166 p.
1387 2121 1466 2156 826.

99 2186 155 2231 Ἠ)
181 2187 218 2220 In
244 2187 329 2220 Bibl.
357 2187 563 2220 Coisliuiana
586 2187 659 2220 eod.
674 2187 871 2222 CLXXVH
895 2189 989 2231 leges
1010 2189 1044 2223 in
1057 2191 1268 2224 Graecorum
1289 2189 1395 2224 fuisse
1406 2202 1488 2234 pro-

4 2233 143 2267 verbio:
192 2233 243 2271 εἰς
265 2230 332 2276 τήν
352 2230 556 2276 Ἡροδότου
572 2234 696 2276 σκίαν,
725 2230 785 2267 ἐπὶ
805 2233 882 2267 τῶν
896 2233 945 2279 μή
974 2234 1323 2279 τελεσιουργούντων
1346 2231 1370 2269 ὁὶ
1396 2248 1487 2279 προ-

5 2280 166 2319 είλοντο;
197 2291 270 2312 nam
284 2280 476 2313 Herodotus
500 2280 614 2325 legere
636 2280 739 2313 libros
761 2291 839 2313 suos
862 2282 978 2315 volens
1001 2281 1034 2314 in
1049 2282 1234 2327 Olympicis
1258 2283 1329 2316 sole
1352 2280 1488 2316 nimium

3 2325 200 2369 splendente
233 2325 441 2370 propositum
479 2336 520 2358 ex
553 2325 695 2370 penuria
716 2326 855 2359 umbrae
885 2337 950 2360 non
975 2335 1153 2361 exsecutus
1177 2328 1309 2361 dicitur.
1357 2328 1488 2362 Nostra

3 2370 56 2404 hic
79 2382 145 2404 non
167 2369 311 2404 interest
334 2383 375 2404 an
408 2383 528 2405 revera
553 2377 666 2416 partes
698 2371 823 2415 publici
843 2371 979 2407 lectoris
1002 2374 1189 2418 susceperit
1220 2385 1282 2407 nec
1306 2385 1368 2415 ne,
1401 2374 1486 2407 satis

5 2421 68 2458 est,
92 2429 111 2450 e
139 2418 316 2460 proverbio
342 2422 459 2460 patere
484 2422 543 2450 aut
566 2420 670 2450 totam
696 2422 756 2450 aut
779 2417 936 2451 maiorem
961 2425 1052 2452 certe
1076 2420 1289 2453 historiarum
1301 2426 1430 2464 partem
1442 2420 1484 2453 ab

4 2461 178 2496 Herodoto
202 2461 235 2495 in
261 2463 409 2496 Graecia
432 2462 496 2495 iam
521 2462 707 2496 absolutam
731 2463 854 2507 fuisse,
879 2464 961 2498 licet
985 2465 1092 2499 altera
1124 2470 1223 2510 parte
1256 2471 1377 2509 postea
1400 2472 1487 2499 tem-

5 2507 94 2551 poris
117 2509 160 2541 ad
185 2508 284 2541 finem
309 2509 493 2553 perducta;
525 2508 584 2541 sed
610 2509 744 2552 quinam
767 2509 845 2542 libri
868 2510 1006 2544 Thuriis
1030 2523 1089 2544 seu
1122 2511 1242 2555 scripti
1275 2511 1401 2545 suerint
1423 2522 1484 2544 seu

6 2554 148 2587 correcti
171 2560 207 2587 et
231 2554 411 2596 emendati,
448 2554 606 2587 neminem
633 2555 734 2587 facile
765 2554 982 2590 definiturum
1006 2558 1138 2603 puto.“
1183 2557 1223 2590 L.
1247 2556 1407 2592 Lehnert.
1432 2557 1485 2591 De

5 2597 140 2632 foedere
159 2599 274 2634 Ionico
298 2600 466 2645 Disquiss.
491 2599 658 2643 (Berolin.
684 2600 788 2645 1830)
812 2612 846 2646 p.
869 2601 925 2636 55.

95 2666 172 2711 ***)
195 2668 295 2702 conf.
319 2668 467 2713 Krt'iger.
492 2668 514 2701 l.
539 2668 561 2702 l.
585 2679 618 2713 p.
640 2668 698 2704 31.

97 2732 139 2777 †)
160 2735 234 2771 vid.
257 2735 347 2771 infra
369 2737 403 2781 §.
428 2737 484 2772 13.

95 2802 161 2847 ††)
186 2803 261 2838 Vid.
284 2804 430 2851 Krfiger.
454 2805 477 2839 l.
501 2804 525 2841 l.
548 2815 582 2850 p.
606 2805 663 2840 23.
688 2804 743 2839 24.
