1996 3238
619 219 966 257 URANIA.
1026 222 1151 259 VIII.
1461 224 1514 263 91

253 327 454 385 „yvaiqu
482 343 534 382 με
568 325 741 371 δίκαιόν
771 328 887 371 ἐστιν
927 327 1297 381 ἀποδείκνυσθαι,
1333 329 1386 373 τὰ
1416 346 1517 386 τυγ-

224 395 406 452 3,,χοὶνω
437 396 692 451 φρονέουσα
722 396 878 450 ἄριστα
907 396 951 449 ἐς
979 397 1208 452 πρήγματα
1239 396 1291 441 τοὶ
1321 399 1386 441 σά.
1444 401 1520 444 καί

254 479 350 516 ,,τοι
377 462 477 507 τάδε
506 464 637 519 λέγω·
679 467 827 520 φείδεο
859 469 948 508 τῶν
975 469 1110 520 νηῶν,
1140 466 1246 520 μηδὲ
1275 470 1521 524 ναυμαχίην

252 529 420 583 ,,ποιεό.
456 527 521 575 ὀἱ
555 531 641 586 γάρ
681 533 835 587 ἄνδρες
870 536 958 577 τῶν
997 535 1088 576 σῶν
1131 531 1309 586 ἀνδρῶν
1339 534 1518 589 κρέσσο-

252 614 352 650 ,,νες
384 599 572 643 τοσοῦτό
604 600 686 643 εἰσι
715 601 824 644 κατὰ
855 600 1100 651 θάλασσαν,
1130 598 1238 642 ὅσον
1260 599 1415 655 ἄνδρες
1443 621 1521 658 γυ-

223 668 244 704 4
255 669 459 713 ,,ναικῶν.

518 669 560 711 τί
590 668 636 711 δὲ
667 668 840 720 πάντως
870 669 954 712 δέει
985 680 1031 712 σε
1055 669 1320 723 ναυμαχίῃσι
1344 668 1520 714 ἄνακιν·

252 733 503 788 ,,δυνεύειν;
534 735 618 779 οὐκ
648 736 752 793 ἔχεις
780 737 858 793 μὲν
888 737 965 787 τοὶς
992 734 1204 791 Ἀθήνας,
1235 740 1324 778 τῶν
1345 754 1425 790 περ
1459 741 1547 782 sil-1

251 817 384 852 ,,νεκα
425 802 632 860 ὡρμήθης
681 805 1015 859 στρατεύεσθαι,
1065 804 1170 859 ἔχεις
1201 804 1247 847 δὲ
1276 803 1358 860 τήν
1387 804 1522 862 ἄλλην

250 867 476 925 ,,“Ελλοξδα;
529 870 732 926 ἐμποδών
773 872 820 915 δέ
857 889 924 916 τοι
967 874 1137 916 ἵσταται
1177 870 1347 922 οὐδείς·
1391 875 1435 916 οἱ
1475 871 1520 917 δ’

222 936 346 989 5,,ἔτι
369 935 647 995 ἀντέστησαν,
678 938 930 996 ἀπήλλαξαν
962 940 1078 984 οὕτω
1107 939 1165 992 ὡς
1194 942 1368 992 κείνους
1398 940 1522 995 ἔπρε-

249 1020 342 1057 ,,πε.
398 1010 461 1063 Τῇ
487 1007 532 1050 δὲ
564 1007 646 1062 ἐγώ
679 1007 818 1051 δοκέω
848 1007 1148 1066 ἀποβήσεσθαι
1178 1007 1231 1052 τοὶ
1271 1011 1361 1051 τῶν
1394 1008 1550 1052 ἀντι-5

247 1072 478 1130 ,,πολέμων
504 1076 746 1133 πρήγματα,
775 1081 908 1121 τοῦτο
939 1077 1110 1134 φράσω.
1139 1076 1195 1133 ἣν
1225 1076 1305 1132 μὲν
1327 1076 1385 1133 μή
1411 1075 1518 1120 ἐπει-

195 1258 244 1296 ad
266 1259 317 1307 V,
339 1259 392 1302 50
415 1285 465 1291 -—
487 1260 625 1301 Iustum
641 1267 690 1301 est
709 1276 759 1302 me
779 1276 856 1301 vere

191 1320 226 1353 et
244 1329 287 1354 ex
307 1319 424 1355 animo
446 1333 488 1356 ea
525 1323 733 1369 enuntiare,
768 1333 856 1371 quae

193 1376 326 1424 optima
349 1375 438 1412 duco
459 1376 508 1413 ad
526 1380 608 1413 tuas
634 1390 687 1414 res
704 1391 734 1414 s.
766 1390 855 1428 quae

193 1431 266 1466 tuis
291 1432 393 1468 rebus
411 1435 562 1471 maxime
585 1434 773 1471 conducere
790 1447 855 1470 ar-

193 1486 314 1524 bitror.
354 1488 500 1525 Reiskii
529 1492 756 1527 commentis
791 1489 854 1527 hic

193 1544 304 1580 facile
351 1546 595 1596 supersedere
644 1560 857 1598 possumus.

194 1600 372 1653 Sequens
392 1603 460 1642 καί
480 1617 540 1642 τοι
569 1605 608 1639 in
641 1605 858 1641 conclusio-

192 1656 306 1694 nibus
333 1665 399 1695 aut
439 1661 724 1698 transitionibus
759 1662 858 1697 bene

194 1713 409 1751 adhibitum
462 1717 621 1754 illustrat
667 1719 855 1767 Hartung.

193 1770 321 1809 Lehre
336 1786 372 1809 v.
396 1771 434 1810 d.
447 1773 603 1812 Griech.
620 1773 797 1812 Partikk.
823 1776 859 1812 ΙΙ

195 1841 281 1879 pag.
299 1829 394 1870 353.

253 1917 396 1968 ποιέο]
445 1922 532 1957 Duo
571 1919 684 1960 codd.
726 1920 859 1971 ποίεε;

197 1976 474 2027 Wesselingius
495 1990 584 2014 cum
612 1979 692 2015 aliis
712 1977 859 2018 ποιέεο.

199 2031 312 2077 Quod
359 2033 540 2084 equidem
579 2047 669 2071 cum
689 2034 859 2083 Schaef.‚

198 2087 420 2140 Schweigh.
460 2097 496 2127 et
535 2090 723 2128 Gaisford.
759 2090 858 2139 dedi,

196 2152 354 2183 tuentur
400 2147 640 2184 Florentinus
688 2148 860 2199 alterque

196 2203 294 2240 liber
323 2209 360 2239 et
385 2204 526 2240 similes
555 2203 657 2254 apud
685 2205 860 2241 Herodo-

196 2266 283 2297 tum
302 2259 469 2297 formae:
501 2260 606 2299 αἰτέο
626 2262 666 2309 Ι,
698 2263 764 2309 907
796 2262 862 2298 ubi

197 2315 277 2355 vid.
293 2323 390 2353 nott.
415 2316 550 2368 ἐξηγέο
572 2319 647 2367 ΙΙΙ,
669 2321 748 2360 72..
764 2314 860 2357 ςέκέο

199 2374 273 2421 111,
308 2371 375 2413 40.
405 2373 532 2424 φοβέο
563 2375 643 2422 VII,
665 2375 731 2415 52.
761 2390 862 2427 προ-

199 2428 351 2480 θυμέαι
370 2432 409 2478 1,
438 2432 531 2471 206.
563 2430 707 2482 φοβέαι
728 2433 767 2480 I,
794 2434 862 2472 39.

200 2488 295 2524 Mox
323 2500 390 2538 pro
421 2486 484 2526 τοὶ
512 2484 612 2540 γαρ,
652 2487 757 2539 quod
777 2489 862 2525 libri

199 2545 329 2594 scripti
356 2551 559 2594 respuunt,
589 2543 678 2581 dedi
706 2545 748 2584 οἵ
774 2542 862 2598 γάρ,

200 2601 357 2638 iubente
401 2615 554 2653 quoque
589 2602 718 2641 StrUV.
751 2602 864 2652 Spec.

201 2658 352 2704 Quaest.
371 2660 484 2709 Ipag.
502 2662 564 2699 10.
590 2660 666 2706 11.,
682 2659 748 2709 qui
768 2660 865 2696 alte-

205 2727 288 2752 ram
308 2716 454 2752 articuli
478 2716 644 2752 somnam
673 2715 720 2751 ab
741 2716 866 2753 Hero-

207 2770 297 2809 doto
317 2773 483 2812 alienam
504 2785 582 2808 esse
604 2779 704 2808 recte
723 2779 866 2810 statue-

206 2841 246 2864 re
266 2828 426 2868 videtur.
484 2828 546 2866 Ad
570 2830 694 2881 ipsam
711 2836 866 2868 senteu-

911 1266 1030 1313 tiam,
1073 1277 1190 1316 quam
1230 1263 1432 1299 Artemisia
1472 1260 1510 1299 h.
1551 1263 1578 1298 l.

912 1323 1124 1373 eloquitur,
1173 1321 1338 1367 faciunt,
1390 1332 1489 1372 quae
1529 1319 1579 1355 ad

909 1379 1018 1427 VIII,
1055 1381 1109 1419 88
1127 1377 1407 1428 adscripsimus,

968 1445 1010 1485 οἷ
1028 1441 1060 1484 δ’
1093 1444 1147 1485 ἔτι
1168 1440 1432 1495 οἷντέστησαν]
1478 1445 1534 1480 Ita
1556 1457 1578 1479 e

913 1503 1079 1539 Florem.
1111 1501 1200 1538 dedi
1237 1515 1326 1538 cum
1360 1499 1581 1551 Schweigb.

915 1566 952 1596 et
982 1559 1098 1596 Gaisf.
1120 1571 1188 1609 pro
1206 1559 1311 1608 vulg.
1335 1558 1374 1597 οἳ
1406 1555 1456 1596 δέ
1485 1572 1577 1604 τοι,

915 1615 1021 1668 quod
1067 1617 1307 1652 retinuerunt
1345 1613 1481 1651 Matth.
1541 1621 1580 1652 et

913 1671 1084 1710 Bekker.
1094 1694 1152 1700 —
1163 1670 1241 1709 Ad.
1253 1685 1331 1723 seq.
1348 1667 1581 1720 ἀπήλλαξαν

915 1730 1184 1780 (discesserunt)
1216 1729 1317 1766 conf.
1338 1730 1377 1776 I,
1411 1730 1477 1769 16.
1497 1727 1581 1767 κεί-

915 1802 1011 1834 νους
1022 1787 1160 1823 retinui
1180 1799 1269 1823 cum
1284 1791 1456 1833 recentt.‚
1478 1785 1582 1822 libris

915 1845 1062 1895 scriptis
1088 1846 1188 1880 iuter
1221 1843 1382 1891 κείνους
1413 1849 1450 1879 et
1479 1842 1583 1882 ἐκεί-

916 1916 1014 1949 νους
1029 1901 1312 1950 fluctuantibus,
1332 1906 1376 1937 ut
1386 1900 1450 1948 IV,
1467 1901 1563 1940 139.

1195 1992 1233 2038 ξ).
1266 1992 1307 2031 2.

979 2083 1038 2135 Τῇ
1077 2078 1120 2120 δὲ
1141 2078 1217 2133 ἐγώ
1243 2077 1369 2120 δοκέω
1399 2093 1434 2119 κ.
1463 2091 1496 2117 τ.
1527 2079 1582 2128 λ.]

918 2137 1030 2174 Couf.
1052 2151 1150 2189 quae
1172 2138 1310 2174 similia
1335 2150 1384 2173 ex
1405 2134 1583 2172 Herodo-

917 2201 957 2232 Ῐο
988 2196 1176 2244 congessit
1197 2195 1337 2231 Struve
1364 2193 1389 2229 l.
1411 2193 1434 2229 l.
1455 2193 1473 2228 I
1491 2205 1581 2244 pag.

919 2254 986 2292 32.
1027 2246 1304 2302 ἀντιπολέμων
1348 2262 1480 2286 omnes
1519 2248 1582 2286 hio

918 2314 1052 2346 tenent
1090 2307 1224 2356 codd.‚
1267 2313 1309 2344 ut
1344 2307 1434 2351 Vll,
1485 2308 1581 2346 236.

916 2365 1023 2402 Alibi
1072 2359 1376 2414 οἷντιπολέμιος,
1424 2369 1468 2400 ut
1517 2363 1582 2411 IV,

920 2420 1013 2463 134.
1039 2420 1138 2471 140,
1170 2423 1235 2458 ubi
1260 2420 1363 2459 conf.
1384 2426 1481 2456 nott.

974 2484 1028 2539 ἢν
1050 2486 1121 2539 μὲν
1143 2486 1196 2539 μὴ
1221 2487 1584 2542 ἐπειχθῇς-ποι-

921 2541 1107 2596 εύμενος]
1128 2546 1376 2595 Participium
1396 2542 1435 2580 h.
1448 2544 1474 2581 l.
1496 2558 1585 2580 ver-

920 2603 970 2640 bo
993 2601 1224 2654 έπείγεσθαι
1253 2600 1450 2649 adstruxit,
1468 2602 1584 2651 paulo

921 2666 1007 2710 post
1032 2660 1069 2704 ξ.
1090 2661 1127 2699 3.
1154 2659 1388 2696 infinitivum
1425 2657 1585 2695 addidit.

923 2716 1034 2754 Conf.
1046 2714 1181 2753 Matth.
1203 2716 1268 2753 Gr.
1282 2717 1349 2753 Gr.
1361 2727 1449 2766 pag.
1465 2716 1587 2754 1091.

923 2773 1156 2824 Sequentia:
1198 2769 1272 2820 τὰς
1310 2775 1414 2823 νῆας
1458 2766 1586 2809 αὐτοῦ

915 2828 1015 2884 ἔχῃς
1053 2827 1154 2883 πρός
1185 2832 1239 2884 γῇ
1275 2827 1408 2882 μένων
1447 2829 1588 2865 excitat

1679 1032 1696 1058 2
