1996 3238
335 1178 400 1223 93

465 262 549 303 120

864 262 1326 300 HERODOTI

464 385 539 426 ην,
569 366 630 412 ἐπ’
650 366 700 425 ἧς
734 369 852 414 ἔπλεε
884 371 1064 427 Πυθέης
1094 370 1118 415 ὁ
1147 371 1389 428 Ἰσχενόουξ,
1418 373 1496 416 τόν
1535 375 1580 417 οἵ
1609 373 1726 428 Πέρ-

466 448 538 480 σαι
567 438 867 481 κατακοπέντα
897 436 1050 495 ἀρετῆς
1081 441 1222 483 εἵνεκα
1253 438 1369 496 εἶχον
1399 442 1445 485 έν
1474 446 1527 498 τῇ
1556 443 1631 498 νηῒ
1658 442 1725 485 ἐκ·

435 503 766 559 Ξπαγλεόμενοι.
824 506 901 550 τόν
940 506 992 562 δὴ
1038 507 1305 563 περιάγουσα
1344 508 1432 563 ἅμα
1468 515 1581 553 τοῖσι
1619 509 1726 564 Πέρ-

465 585 565 629 σῃσι
594 571 684 628 ἥλω
712 577 819 629 νηῦς
854 573 880 630 ἡ
911 577 1123 630 Σιδωνίη,
1156 576 1262 619 ὥστε
1294 577 1475 633 Πυθέην
1496 577 1612 621 οὕτω
1646 589 1727 620 σω-

462 643 597 694 θῆναι
622 640 664 690 ἐς
694 642 891 696 Αἴγιναν.
952 641 1006 694 ὡς
1037 645 1081 686 δὲ
1113 644 1246 687 ἐσεῖδε
1291 644 1368 700 τήν
1397 650 1482 702 νῆα
1519 647 1597 701 τήν
1625 644 1724 688 Ἀτ-
1738 651 1782 685 60

462 706 586 762 τικὴν
626 707 649 751 ὁ
697 709 997 763 Πολύκριτος,
1040 710 1172 766 ἔγνω,
1212 711 1261 754 τὸ
1292 713 1477 769 σημήϊον
1508 713 1616 756 ἰδών
1651 716 1726 768 τῆς

462 777 766 833 στρατηγίδος·
797 779 868 820 καὶ
896 777 1041 833 βώσας
1064 779 1142 822 τόν
1172 781 1473 835 Θεμιστοκλέα,
1506 779 1726 835 ἐπεκερτό-

433 851 596 899 3μησε,
627 843 670 894 ἐς
699 848 786 888 τῶν
816 846 1082 902 Αἰγινητέων
1113 846 1191 890 τόν
1232 849 1448 904 μηδισμὸν
1488 847 1723 902 ὀνειδίζων.

461 918 600 957 ταῦτα
638 914 717 969 μέν
754 929 839 955 νυν
876 915 953 969 νηῒ
988 914 1188 970 ἐμβαλών
1227 916 1250 959 ὁ
1291 916 1561 972 Πολύκριτος
1599 917 1779 971 (ἐπέρ-65

463 982 561 1037 ριψε
594 981 636 1032 ές
671 980 970 1036 Θεμιστοκλέα.
1012 984 1065 1026 Οἱ
1094 983 1139 1026 δὲ
1168 983 1400 1040 βάρβαροι,
1430 990 1519 1029 τῶν
1550 987 1596 1028 αῖ
1623 989 1724 1041 νῆες
1782 991 1864 1031 662

463 1048 778 1103 περιεγένοντο,
810 1048 1046 1105 φεύγοντες
1076 1049 1287 1096 α’πίκοντο
1321 1052 1364 1103 ἐς
1400 1052 1605 1109 Φάληρον
1636 1052 1725 1097 ’ὑπὸ

462 1115 541 1159 τὸν
568 1117 698 1169 πεζὸν
728 1116 928 1171 στρατόν.

546 1182 616 1228 Ἐν
647 1184 693 1229 δὲ
722 1190 777 1243 τῇ
801 1187 1019 1244 ναυμαχίῃ
1037 1186 1173 1245 ταύτῃ
1193 1187 1618 1247 ἤκουσανἙλλήνων
1635 1187 1723 1245 ἄρι-

131 1242 187 1276 Qui
206 1243 287 1270 inter
310 1241 408 1270 Grae-

130 1285 180 1304 cos
200 1285 261 1303 rein
279 1275 407 1304 fortissi-

131 1318 178 1338 me
194 1310 355 1345 gesserint.

404 1382 670 1419 auctoritatem
689 1390 838 1421 secutus
861 1397 932 1421 nec
954 1382 1069 1420 dubi-

405 1446 521 1487 tans,
562 1440 655 1491 quin
696 1442 822 1493 Κρῖος
861 1441 1068 1493 antiquitus

405 1496 559 1533 Graecis
590 1497 742 1534 auribus
776 1497 922 1549 aliquid
956 1498 1069 1534 abso—

408 1566 506 1589 num
534 1551 755 1590 habiturum
774 1554 897 1591 fuerit.
957 1553 1070 1600 Quod

410 1610 582 1661 sequitur
611 1607 678 1649 τὸν
709 1607 773 1660 δή,
808 1611 856 1648 ad
877 1610 1068 1663 Pytheam

406 1665 501 1702 illud
523 1672 680 1716 spectat.
739 1666 802 1703 Ad
823 1664 867 1707 τό
891 1665 1067 1718 σημήϊον

405 1723 507 1759 conf.
546 1723 651 1770 VIII,
700 1724 753 1763 88
788 1731 825 1760 et
864 1722 910 1760 de
941 1724 1066 1760 forma

404 1775 541 1831 βώσας
560 1786 656 1816 nott.
678 1777 726 1815 ad
746 1780 785 1826 I,
819 1782 884 1821 10.
905 1801 960 1808 -
989 1781 1064 1816 Pro

407 1837 679 1887 Θεμιστοκλῆα
738 1834 826 1873 dedi
877 1838 1066 1887 Θεμιστο-

405 1891 510 1931 κλέα.

461 1942 747 1999 ἐπεκερτόμησε
766 1972 816 1978 -
849 1943 1065 1996 ὀνειδίζων]

405 2006 430 2042 i.
473 2019 505 2042 e.
561 2004 762 2042 inclamans
805 2004 1067 2043 Themistoclem

405 2063 572 2098 conviciis
604 2063 796 2098 insectatus
829 2065 904 2109 est,
939 2075 1067 2112 expro-

406 2119 512 2155 brans
543 2120 596 2163 ei,
635 2131 722 2167 quae
749 2118 791 2155 de
814 2119 1066 2167 Aegz'netarnm

403 2175 564 2212 meclismo
580 2174 639 2211 ille
661 2176 853 2225 superiore
883 2188 983 2212 anno
1005 2176 1065 2213 ‹li-

403 2235 520 2268 :rerah
581 2231 652 2267 Ubi
672 2231 952 2269 distinctionem
976 2240 1064 2269 aute

404 2283 689 2338 ἐπεκερτόμησε
745 2286 912 2325 deletam
983 2290 1065 2326 vult

405 2343 757 2393 Schweighaeuser.
789 2345 829 2380 in
858 2347 952 2382 Lex.
983 2347 1064 2381 He-

405 2400 486 2440 rod,
503 2431 512 2448 ‚
553 2402 619 2451 qni
639 2400 742 2437 idem
762 2402 801 2437 in
821 2403 956 2438 Latina
977 2415 1065 2439 ver-

404 2458 510 2493 sione
529 2455 623 2493 haec
652 2458 743 2493 scite
779 2471 869 2493 eum
898 2460 938 2494 in
977 2471 1065 2494 mo-

405 2512 500 2549 dum
529 2512 711 2551 reddidit:
742 2515 938 2551 inclamans
970 2514 1066 2551 The-

404 2569 556 2606 mistocli
574 2575 605 2606 et
634 2572 795 2607 conviciis
817 2584 891 2607 eum
912 2573 1065 2608 insecta-

407 2630 485 2672 tus,
517 2628 591 2673 ita,
628 2628 697 2674 ait,
728 2627 918 2676 Aeginetae
943 2627 1065 2664 Medis

399 2681 537 2732 favent.
561 2683 660 2727 „Tu
681 2682 757 2719 vid.
777 2697 890 2734 supra
922 2683 969 2720 ad
1002 2685 1063 2732 VI,

407 2737 460 2777 49
500 2739 622 2774 anaia.
694 2741 772 2775 Nec
812 2741 911 2776 maie
959 2740 997 2777 h.
1038 2741 1064 2777 l.

414 2793 509 2831 Wes
525 2795 744 2843 seling.:“
784 2797 826 2832 ln
850 2796 951 2833 hunc
973 2810 1063 2847 ergo

405 2851 679 2903 Aeginetarum
701 2850 900 2903 μηδισμὸν
922 2854 1002 2904 ipso
1022 2855 1064 2891 iu

1123 1385 1319 1423 conflictus
1338 1386 1486 1424 fervore
1505 1382 1696 1433 ὀνειδίζει,
1716 1398 1782 1423 seu

1123 1454 1203 1478 non
1240 1443 1320 1479 sine
1350 1445 1487 1494 probro
1521 1441 1712 1480 invehitur
1746 1448 1783 1479 et

1125 1499 1253 1536 obiicit
1286 1498 1578 1537 Atheniensium
1615 1500 1783 1550 impera-

1124 1556 1218 1603 tori,
1249 1557 1411 1607 qnippe,
1444 1555 1547 1609 quod
1575 1569 1633 1592 res
1655 1563 1784 1592 osten-

1125 1611 1249 1660 debat,
1270 1613 1517 1661 ficfissimum,
1531 1612 1783 1664 Polycritus.“

1125 1669 1167 1704 C.
1190 1670 1234 1706 Ο.
1255 1670 1392 1706 Mulier
1421 1672 1614 1721 Aeginett.
1641 1683 1679 1720 p.
1704 1669 1782 1709 125

1121 1723 1225 1762 hunc
1246 1727 1483 1776 Polycritam
1505 1726 1643 1763 ducem
1659 1726 1783 1762 classis

1121 1782 1366 1832 Aegineticae
1409 1784 1521 1820 fuisse
1561 1789 1681 1833 putat.
1727 1802 1783 1810 -

1121 1837 1184 1875 Ad
1228 1840 1389 1875 verbum
1439 1836 1641 1888 α’πέρῤιψε
1680 1838 1781 1877 conf.

1121 1896 1160 1941 I,
1194 1896 1285 1935 153.
1312 1896 1406 1944 Vll,
1445 1899 1493 1937 13
1524 1903 1560 1932 et
1595 1895 1643 1932 ad
1674 1896 1784 1931 locu-

1122 1952 1267 1987 tionem
1297 1949 1381 1990 ὖπό
1414 1950 1483 1992 τόν
1523 1949 1688 2002 στρατόν
1719 1951 1784 2000 (ad

1123 2009 1353 2059 exercitum)
1374 2009 1425 2046 VI
1437 2040 1447 2058 ,
1470 2012 1523 2050 72
1543 2010 1673 2061 ibique
1686 2014 1782 2046 nott.

1329 2098 1423 2149 Cap.
1453 2099 1590 2138 XCIII.

1176 2173 1357 2227 ’ἥκουσαν
1399 2174 1599 2227 Ἑλλήνων
1643 2174 1782 2226 ἄριστα

1120 2232 1350 2284 Αἵγινῆται]
1397 2235 1592 2279 „Honoris
1627 2234 1782 2284 amplis-

1120 2290 1224 2333 simi,
1254 2291 1360 2326 velut
1377 2291 1423 2325 ab
1444 2289 1639 2327 Herodoto
1660 2291 1782 2340 Aegi-

1121 2347 1215 2381 netis
1237 2346 1403 2382 attributi
1426 2354 1482 2382 tei·
1503 2348 1678 2383 meminit
1693 2347 1783 2382 Ari-

1119 2401 1223 2438 stidis
1253 2402 1451 2438 scholiasta
1485 2400 1590 2454 [pag.
1620 2402 1685 2444 25.
1716 2405 1780 2442 61.

1122 2458 1174 2498 74
1189 2459 1411 2508 Frommel.]
1430 2459 1654 2496 Plutarchus
1667 2460 1781 2495 etiam

1122 2515 1161 2549 in
1185 2514 1435 2552 Theinistocl.
1471 2517 1524 2566 [p.
1562 2515 1644 2566 17.]
1676 2516 1780 2552 cuins

1122 2573 1297 2608 meminit
1337 2573 1511 2609 perizon.
1553 2571 1600 2608 ad
1630 2573 1778 2608 Aelian.

1123 2628 1168 2664 V.
1190 2630 1237 2665 H.
1262 2630 1355 2675 xii,
1384 2631 1431 2669 10
1457 2627 1618 2665 eandem
1639 2629 1677 2664 in
1700 2640 1782 2664 rem

1123 2685 1209 2720 citat
1223 2684 1472 2732 Herodotum,
1496 2698 1612 2736 quem
1624 2685 1661 2720 in
1678 2685 1780 2721 Libr.

1123 2740 1170 2776 de
1192 2741 1373 2778 herodot.
1395 2742 1550 2791 Malign.
1574 2755 1610 2792 p.
1632 2743 1707 2781 871
1733 2742 1782 2778 D.

1122 2799 1330 2845 aegei-rime
1368 2798 1439 2834 fert
1477 2798 1581 2834 abuti
1620 2809 1781 2847 persona

1121 2853 1182 2891 dei
1193 2853 1386 2906 Delphici3
1408 2852 1468 2891 hic
1488 2855 1592 2890 enim
1611 2854 1781 2904 Aegine-
