1996 3238
518 201 551 238 U
580 202 613 238 R
642 201 677 236 A
706 201 740 236 N
767 202 784 236 1
813 201 862 238 A.
920 201 1046 238 V111.
1328 201 1411 240 177

0 317 84 363 [29
137 312 386 370 Ἀρταβάζῳ
416 312 460 355 δὲ
490 309 634 367 ἐπειδή
665 309 971 363 πολιορκέοντι
1006 307 1263 365 ἐγεγόνεσαν
1291 312 1405 364 τρεῖς
1463 313 1545 353 680
1647 362 1656 370 ι

149 386 294 437 μῆνες,
325 381 488 436 γίνεται
518 378 711 433 ἄμπωτις
740 381 815 433 τῆς
853 376 1076 431 θαλάσσης
1106 377 1288 433 μεγάλη,
1336 377 1411 421 καὶ
1464 364 1708 425 ξῗῗιξηῗῖἓῗᾶῗιῗ

118 448 313 505 Ξχρόνον
340 446 407 490 ἐπὶ
427 446 602 491 πολλόν.
637 445 802 497 ἰδόντες
834 446 879 489 δὲ
913 445 957 487 oi
985 443 1202 500 βάρβαροι
1230 429 1741 507 τένριγῼςρθῧῗὲοῗῖῑῆἓῖἓζὼ

146 517 394 573 γενόμενον,
427 513 649 570 παρήϊσαν
683 513 726 566 ἐς
756 514 836 570 τήν
864 512 1111 568 Παλλήνην.
1170 510 1229 563 ὥς
1258 513 1302 556 δὲ
1332 513 1408 565 τοὶς
1466 499 1719 574 {fizgggzffisssgm

147 583 228 628 δύο
242 582 320 638 μὲν
333 583 488 638 μοίρας
504 582 908 638 διοδοιπορήκεσαν,
922 581 980 624 ἔτι
994 579 1038 623 δὲ
1051 585 1164 633 τρεῖς
1175 579 1410 626 ὑπόλοιποι
1465 566 1655 630 ἒὲῗῗῗιῗέῖω
1677 572 1726 594 re-

145 646 268 708 ἦσαν,
301 649 377 702 τοὶς
407 651 660 703 διελθόντας
688 656 796 707 χρῆν
827 651 909 694 ἔσω
926 648 1036 693 εἶναι
1052 649 1098 691 ἐν
1113 652 1166 704 τῇ
1197 649 1420 706 Παλλήνῃ,

144 718 306 775 ἐπῆλθε
333 719 583 774 πλημμυρὶς
604 723 679 775 τῆς
697 717 920 774 θαλάσσης
941 716 1116 773 μεγάλη,
1141 716 1221 771 ὅση
1245 714 1420 773 οὐδαμοὶ

117 793 226 838 Suco,
260 784 318 837 (ὃς
340 787 384 829 οἱ
410 786 631 843 ἐπιχώριοι
651 787 840 842 λέγουσι,
871 785 1080 834 πολλάκις
1113 784 1336 841 γινομένη.
1379 787 1475 828 οί55

146 853 225 910 μὲν
238 853 290 910 δή
302 853 417 898 νέειν
428 855 573 899 αὐτῶν
585 854 667 899 οὐκ
679 854 953 910 ἐπιστάμενοι
965 853 1284 907 διεφθείροντο’
1314 853 1419 905 τοὺς

147 922 194 964 δὲ
216 920 526 977 ἐπισταμένους
549 925 593 966 οἱ
604 921 1214 979 Ποτιδαιῆταιέπιπλῶσαντες
1225 922 1416 965 πλοίοισι

117 985 400 1032 4ἇπώλεσαν.
458 992 611 1034 Αἴτιον
645 993 687 1034 δὲ
705 992 879 1046 λέγουσι
910 992 953 1034 οἱ
976 992 1258 1046 Ποτιδαιῆται
1275 993 1352 1045 τῆς
1371 1005 1416 1033 τε

146 1057 296 1114 ῥηχίης
322 1055 396 1100 καὶ
424 1059 501 1112 τῆς
529 1061 832 1115 πλημμυρίδος
868 1059 941 1102 καὶ
962 1062 1043 1102 τοῦ
1072 1061 1293 1112 Περσικοῦ
1332 1056 1418 1101 πά-

144 1129 249 1176 θεος
291 1126 496 1181 γενέσθαι
535 1124 659 1178 τόδε,
702 1125 770 1170 ὅτι
807 1131 889 1170 τοῦ
932 1127 1235 1176 Ποσειδέωνος
1264 1125 1306 1177 ἐς
1335 1125 1473 1169 τὸν60

145 1192 257 1247 νηόν
285 1193 359 1237 καὶ
386 1192 436 1234 τό
467 1191 640 1249 ἄγαλμα
669 1193 717 1238 vd
748 1194 796 1237 ἐν
825 1199 886 1252 τῷ
912 1196 1156 1252 προαστείῳ
1193 1192 1416 1250 η’σέβησαν

147 1255 272 1303 οὗτοι
301 1264 390 1304 τῶν
403 1261 608 1316 Περσέων
638 1262 685 1305 οἴ
708 1277 786 1316 περ
816 1262 890 1305 καὶ
908 1262 1211 1319 διεφθάρησαν
1230 1261 1316 1306 ὑπὸ
1340 1266 1417 1320 τῆς

145 1327 390 1386 θαλάσσης·
421 1329 561 1372 αἴτιον
580 1329 626 1373 δὲ
642 1333 773 1372 τοῦτο
796 1328 1011 1384 λέγοντες,
1042 1326 1089 1374 εὖ
1119 1329 1257 1386 λέγειν
1273 1331 1418 1387 ἔμοιγε

118 1403 141 1438 5
154 1396 370 1441 δοκέουσι.
405 1396 512 1447 τούς
524 1395 569 1440 δὲ
581 1398 948 1453 περιγενομένους
959 1395 1098 1454 ἀπῆγε
1106 1396 1363 1454 Ἀρτάβαζος
1375 1399 1418 1450 ές

151 1466 392 1521 Θεσσαλίην
425 1464 544 1520 παρὰ
571 1463 847 1519 Μαρδόνιον.
884 1461 1019 1509 Οὗτοι
1047 1466 1127 1523 μὲν
1156 1467 1200 1509 οἱ
1227 1467 1417 1524 προπέμ-

153 1539 319 1585 ψαντες
347 1533 542 1590 βασιλέα,
575 1533 690 1577 οὕτω
712 1534 912 1591 ἔπρηξαν.
1426 1538 1473 1574 65

92 1661 278 1700 Matthiae
295 1670 332 1701 et
361 1662 531 1700 Bekker.
552 1661 640 1700 dedi
666 1676 756 1700 cum

93 1718 315 1771 Schweigh.
344 1727 381 1758 et
413 1720 530 1759 Gaisf.
567 1716 754 1774 ἐγεγόνεε,

93 1776 197 1829 quod
219 1778 411 1815 Sancrofti
429 1778 537 1827 liber,
564 1778 756 1814 Florenti-

93 1846 180 1883 nuS,
203 1835 265 1871 alii
285 1834 507 1872 afferebant.

276 1892 370 1942 cap.
391 1892 572 1930 CXXIX.

151 1947 300 1998 γίνεται
333 1945 542 1998 ἄμπωτις]
578 1945 757 1999 ἄμπωτις

95 2010 253 2040 notante
284 2003 467 2041 Valcken.
490 2004 626 2041 dicitur
648 2006 758 2041 maris

95 2072 268 2107 recessus,
300 2073 420 2111 quum
442 2073 540 2112 aqua
561 2061 665 2097 velut
695 2073 759 2096 re-

96 2117 282 2162 sorbetur,
317 2123 359 2153 ut
385 2117 467 2164 Vll,
503 2118 593 2165 198,
621 2117 687 2153 ubi
707 2116 758 2153 cf.

96 2179 216 2221 nott„
245 2171 312 2210 sed
343 2172 573 2223 πλημμυρὶς
600 2180 758 2210 vocatur

97 2233 215 2267 aestus
239 2229 307 2274 ,vel
335 2231 533 2266 aestuantis
566 2232 674 2266 maris
697 2243 758 2266 ac-

98 2299 233 2335 cessus-3
280 2286 384 2338 quod
412 2285 516 2322 idem
548 2299 638 2323 cum
657 2287 757 2322 Ioui-

98 2343 169 2380 bus
210 2355 363 2395 quoque
404 2342 594 2380 diceretur
640 2343 760 2394 ῥηχίη

99 2397 195 2450 (vid.
227 2400 309 2447 vll,
341 2401 419 2439 198
456 2406 493 2437 et
531 2400 669 2437 Wasse
711 2398 759 2436 ad

98 2455 322 2508 Thucydid.
344 2457 408 2503 IV,
433 2456 524 2507 10),
552 2457 667 2507 paulo
697 2457 760 2493 in-

101 2512 216 2550 ferius
244 2513 359 2550 verba
385 2512 452 2552 καὶ
478 2515 549 2562 τῆς
574 2516 760 2564 πλημμυ-

101 2569 212 2621 ρίδος
242 2570 288 2606 ab
317 2570 440 2606 aliena
459 2582 579 2606 manu
613 2571 763 2607 invecta

102 2626 183 2663 vult
203 2625 513 2675 Valckenaerius,
546 2628 687 2679 quippe
712 2626 761 2664 ad

104 2682 368 2733 explicandam
413 2696 549 2721 vocem
588 2685 761 2720 Ionicam

105 2736 242 2789 ῥηχίης
263 2740 354 2777 olim
373 2741 538 2791 margini
559 2739 757 2791 adscripta.

102 2794 208 2831 Libri
227 2797 352 2846 scripti
366 2810 444 2833 nou
457 2796 652 2838 addicunt.
671 2796 759 2836 Vid.

161 2852 384 2891 HmzonoT.
403 2854 470 2891 lV.

811 1662 968 1702 Diodor.
999 1660 1140 1707 111‚40.
1163 1661 1271 1700 Suid.
1292 1676 1321 1700 s.
1341 1676 1379 1700 v.
1400 1661 1475 1714 ῥἀ-

811 1722 877 1772 χία
896 1721 949 1757 ΙΙΙ
969 1734 1005 1771 p.
1019 1720 1114 1761 253.
1145 1722 1303 1757 Nounus
1314 1719 1362 1757 ad
1377 1720 1476 1757 Gre-

811 1791 895 1829 gor.
917 1779 1010 1815 Naz.
1032 1777 1155 1814 stelit.
1187 1779 1223 1813 II
1243 1791 1281 1828 p.
1306 1778 1396 1816 163.

867 1831 1060 1880 πολλάκις
1072 1833 1282 1886 γινομένη]
1294 1834 1349 1869 Ita
1362 1831 1476 1871 codd⁰

810 1891 1031 1929 iubentibus
1062 1890 1150 1927 dedi
1166 1904 1234 1942 pro
1250 1906 1271 1942 γ
1286 1888 1475 1941 ενομένη,

813 1948 918 2000 quod
950 1955 1100 1999 praeter
1130 1947 1383 1985 Schaeferum
1412 1959 1477 1983 re-

812 2007 1009 2042 tinuerunt
1046 2003 1181 2041 Matth.
1229 2011 1266 2041 et
1303 2002 1476 2042 Bekker.

812 2061 875 2098 Ad
894 2063 1152 2097 locutionem:
1183 2059 1223 2106 ἐς
1237 2056 1304 2098 τὸν
1315 2056 1476 2109 νηόν-

813 2113 1017 2168 ἠσέβησαν
1041 2116 1141 2154 conf.
1162 2114 1300 2152 Matth.
1323 2117 1388 2154 Gr.
1410 2116 1477 2153 Gr.

815 2175 851 2219 ξ.
887 2172 982 2221 413,
1018 2175 1065 2212 11
1090 2173 1177 2213 con.
1207 2171 1302 2219 411,
1334 2175 1360 2212 2
1381 2178 1478 2209 nott.

813 2232 888 2267 Pro
905 2228 1042 2280 τοίπερ
1074 2243 1095 2265 e
1123 2229 1343 2266 melioribus
1374 2229 1479 2266 libris

814 2288 989 2324 revocavi
1018 2285 1141 2337 οἵπερ,
1173 2293 1215 2322 ut
1243 2286 1342 2333 VIII,
1364 2287 1416 2326 68
1438 2286 1478 2331 ξ.

818 2347 854 2384 1.
887 2344 951 2380 Sic
971 2344 1069 2390 VIII,
1101 2340 1179 2384 124
1209 2355 1341 2380 omnes
1362 2341 1476 2381 codd.

816 2394 928 2439 οὗτοι
948 2400 1076 2451 οἵπερ.

873 2451 920 2495 εὖ
952 2455 1078 2508 λέγειν
1109 2454 1240 2507 ἔμοιγε
1269 2452 1474 2506 δοκέουσι]

815 2514 945 2550 Fluxit
973 2512 1047 2549 hoc
1078 2512 1262 2548 Herodoti
1290 2510 1477 2548 iudicium

819 2583 869 2607 ex
889 2583 945 2618 ea,
967 2582 1081 2622 quam
1117 2567 1252 2606 habuit
1290 2569 1478 2606 sententia

819 2626 866 2664 de
889 2626 1016 2664 diviua
1036 2624 1201 2662 vindicta
1211 2623 1384 2662 homines
1398 2626 1477 2662 im-

816 2685 912 2735 pios,
935 2684 1000 2735 qui
1019 2684 1101 2718 iura
1121 2681 1248 2720 divina
1269 2689 1382 2734 atque
1398 2680 1475 2718 hu-

815 2752 932 2777 mana
969 2740 1167 2786 laeserint,
1212 2745 1478 2791 persequente.

816 2796 896 2836 Sed
916 2809 960 2834 ea
979 2796 1028 2834 de
1046 2809 1088 2834 re
1110 2797 1258 2846 saepius
1272 2809 1386 2848 supra
1399 2797 1478 2833 iam

1150 2855 1201 2893 12
