1996 3238
499 239 581 280 144
894 240 1353 280 HERODOTI

499 346 650 391 κέουσι
688 350 764 402 τῆς
805 347 979 401 πόλιος,
1010 349 1137 407 μέλλῃ
1166 369 1206 395 τι
1235 352 1354 404 ἐντὸς
1386 349 1548 408 χρόνον
1582 353 1756 399 ἔσεσθαι

497 413 704 470 χαλεπὸν,
744 413 838 457 τότε
876 415 903 472 ἡ
947 418 1054 475 ἱρείη
1096 418 1253 464 αὐτόθι
1291 425 1365 476 τῆς
1391 418 1621 476 Ἀθηναίης
1651 423 1752 477 φύει
1768 428 1812 464 55

338 484 437 529 105
494 478 685 536 πώγωνα
715 481 864 537 μέγαν.
894 492 1024 528 τοῦτο
1057 487 1102 530 δέ
1134 499 1212 542 σφι
1243 488 1306 538 δὶς
1332 489 1413 544 ἤδη
1447 490 1623 544 ἐγένετο
1679 488 1752 533 Ἐκ

167 543 444 618 ffiffiffimffffffifg·
501 548 669 592 τούτων
699 548 752 605 δη
779 554 867 594 τῶν
901 554 1181 608 Πηδασέων“
1158 572 1181 598 0
1208 555 1461 635 Ἐρμότιμος
1490 560 1657 614 ην·τῷ
1679 572 1753 612 με-

167 619 443 676 (¹,¹‚'‚‘}¹¹,¹¹⁰U}}¹tffi¹23‘22‘3'
499 618 622 672 γίστη
651 618 758 668 τίσις
786 618 869 674 ἤδη
901 619 1151 677 ἀδικηθέντι
1182 622 1345 677 ἐγένετο
1376 622 1553 666 πάντων
1591 628 1679 666 τῶν
1707 622 1754 678 ἡ-
1812 637 1893 676 668

167 684 338 748 ᾔξῗῇῗέξξζξ
354 682 443 742 &3⁸³
502 688 594 739 μεῖς
630 685 766 740 ἰ’δμεν.
819 685 980 731 ἁλόντα
1009 689 1093 744 γάρ
1133 689 1269 733 αὐτὸν
1297 690 1381 734 ὑπὸ
1413 692 1651 746 πολεμίων,
1683 690 1755 733 καὶ

170 735 444 810 xrffi'gaess‘r‘l'g‘g}
500 752 787 808 πωλεόμενον,
822 753 995 800 ὠνέεται
1019 757 1280 808 Πανιώνιος,
1311 758 1421 814 ἀνὴρ
1453 764 1570 810 Χῖος,
1602 757 1650 808 ὃς
1679 756 1813 812 τήν60

170 813 442 876 2¹51fa¹¹t¹j¹¹⁰¹¹¹⁸⁰⁰¹¹
470 818 607 875 Ξζόην
647 820 932 876 κατεστήσατο
981 822 1059 867 ἀπ’
1090 825 1227 880 ἔργων
1271 823 1583 869 ἀνοσιωτάτων.
1643 824 1756 875 ὅκως

497 887 580 942 γάρ
612 887 815 941 κτήσαιτο
846 894 1004 942 παῖδας
1035 894 1168 943 εἴδεος
1197 893 1489 947 ἐπαμμένους,
1518 893 1754 949 ἐκτάμνων,

499 954 684 1010 ἀγινέων
714 954 870 1000 ἐπώλεε
900 957 940 1009 ἐς
954 959 1120 1016 Σάρδις
1146 977 1190 1005 τε
1219 961 1291 1005 καὶ
1310 962 1500 1017 Ἔφεσον
1529 961 1757 1018 χρημάτων

14 2897 19 3040 ἐ

441 1219 547 1258 seqq.
572 1207 612 1255 I,
646 1206 723 1247 175
755 1201 838 1253 (ubi
872 1201 950 1241 vid.
983 1202 1100 1253 nott.)

442 1270 562 1301 exstat
581 1262 676 1315 τρίς.

676 1351 705 1388 C
712 1364 769 1401 ap
792 1349 869 1386 CV.

512 1427 557 1477 ὃς
598 1426 673 1481 τήν
707 1426 807 1496 ζόην
837 1423 1100 1477 κατεστήσατο

443 1482 518 1525 απ’
583 1485 709 1538 ἔργων
784 1480 1099 1532 ἄνοσιωτατων]

441 1544 563 1579 Paulo
583 1544 682 1579 infra
698 1541 824 1579 dicit’
807 1557 848 1581 εκ
873 1537 1015 1579 τούτου
1029 1556 1102 1590 την

442 1595 538 1649 ζόην
578 1604 784 1639 ποιεῖσθαι
823 1604 859 1634 et
884 1598 990 1644 vlu,
1023 1599 1101 1636 106

443 1651 520 1694 απ’
562 1655 688 1707 ἔργων
723 1669 794 1693 τον
832 1654 920 1704 βίον
957 1648 1102 1702 κτήσω-

443 1715 560 1758 σθαι;
590 1713 701 1748 vztam
726 1713 922 1747 sustentare
953 1709 1102 1759 faczno-

441 1768 537 1804 ribus
558 1771 710 1805 maxime
728 1767 859 1816 impiis.
912 1767 977 1801 Tu
998 1765 1098 1801 conf.

440 1825 496 1871 ΙΙ,
528 1825 579 1864 36
608 1831 644 1860 et
667 1822 714 1860 de
744 1824 782 1859 vi
815 1823 1099 1872 praepositionis

441 1875 522 1919 ἆπό
543 1880 619 1916 citt.
660 1879 708 1916 ad
738 1880 826 1925 Vll,
856 1881 923 1918 28.
970 1880 1099 1914 Locu-

440 1937 586 1973 tionem
600 1936 724 1981 εἴδεος
744 1933 993 1985 ἐπαμμένους
1011 1936 1098 1971 atti-

440 1994 481 2043 gi
501 1991 549 2029 ad
576 1993 612 2040 Ι,
647 1994 724 2032 199
757 1999 793 2028 et
824 1990 974 2027 crudele
999 1990 1098 2027 istud

439 2050 637 2099 negotium
657 2047 901 2085 exscindendi
921 2049 1099 2098 genitalia

439 2118 508 2156 per
536 2106 667 2142 Asiam
705 2104 918 2142 factitatum
947 2103 997 2141 ad
1030 2106 1096 2153 111,

438 2161 506 2202 48.

495 2266 666 2324 ἆγινέων
698 2267 844 2312 ἕπωλεε
877 2271 918 2319 ἐς
945 2268 1096 2325 Σαρδις

438 2343 478 2367 τε
503 2329 569 2368 καὶ
580 2327 759 2378 ’Έφεσον
790 2344 1003 2380 χρηματων
1028 2344 1096 2380 με·-

439 2382 587 2436 γάλων]
619 2386 790 2423 Ducebat
818 2387 880 2422 ille
900 2387 978 2424 scil.
1001 2399 1097 2436 pue-

438 2454 498 2478 ros
519 2449 695 2479 castratos
721 2441 860 2480 Sardes
879 2440 1097 2492 Ephesum-

440 2510 533 2548 que,
573 2500 635 2535 ubi
665 2511 727 2535 eos
763 2498 882 2535 multa
914 2497 1096 2535 venderet

439 2554 614 2604 pecunifa.
673 2556 844 2607 Utroque
878 2556 981 2591 enim
1011 2556 1094 2591 loco

439 2622 623 2659 magnum
653 2625 848 2648 servorum
882 2619 994 2663 atque
1029 2625 1098 2647 eu-

438 2666 652 2703 nuchorum
669 2668 793 2704 forum
809 2669 1098 2705 commercium-

439 2736 513 2774 que
554 2724 591 2758 in
633 2726 751 2760 varias
786 2724 875 2761 inde
914 2726 1098 2761 inierim-is

437 2781 657 2829 praesertim
693 2781 804 2817 Asiae
834 2788 956 2831 partes
978 2780 1098 2817 dedu-

438 2842 600 2873 ctorum.
657 2838 723 2886 Iu·
744 2850 850 2889 seqq.
881 2852 901 2874 e
929 2838 1097 2888 pluribus

1157 1201 1268 1240 codd.
1311 1201 1397 1239 dedi
1428 1200 1635 1255 ἐνορχίων,
1677 1210 1718 1241 ut
1749 1203 1812 1251 VI,

1160 1262 1232 1306 32,
1271 1260 1335 1295 ubi
1374 1260 1435 1295 alii
1476 1260 1678 1312 ἐνορχὲων.
1752 1258 1814 1296 Ad

1158 1329 1274 1366 quem
1315 1316 1442 1352 locum
1480 1316 1574 1354 haec
1620 1316 1813 1367 adscripsit

1167 1371 1476 1410 Va-lclcenaer.
1533 1374 1637 1421 „Cur
1685 1380 1813 1409 autem

1157 1429 1294 1465 Persae
1315 1425 1533 1479 εὐνούχους
1545 1430 1708 1469 ἐποίουν
1721 1426 1814 1476 τούς

1158 1483 1316 1532 καλούς,
1344 1486 1530 1522 rationem
1554 1486 1677 1522 reddit
1697 1487 1812 1524 Dion.

1159 1540 1350 1593 Chrysost.
1385 1542 1448 1579 Or.
1477 1544 1555 1579 XX
1595 1557 1633 1593 p.
1655 1545 1735 1583 270
1767 1543 1811 1580 B.

1160 1597 1235 1635 vid.
1264 1597 1406 1635 Herod.
1447 1600 1519 1646 VI,
1559 1602 1611 1639 32
1645 1599 1812 1635 Brisson.

1157 1656 1214 1690 De
1241 1668 1347 1704 regn.
1373 1656 1477 1694 Pers.
1514 1656 1548 1690 lI
1577 1669 1615 1705 p.
1633 1654 1726 1695 295.
1766 1655 1812 1690 In

1156 1709 1228 1746 hac
1278 1710 1431 1747 historia
1450 1741 1459 1758 ‚
1525 1718 1676 1761 propter
1724 1723 1813 1747 cru-

1156 1765 1398 1814 delissimam,
1435 1780 1550 1819 quam
1571 1766 1618 1803 de
1636 1768 1813 1803 Panionii

1155 1823 1279 1860 liberis
1299 1824 1443 1871 sumsit,
1463 1823 1671 1860 vindictam
1691 1824 1812 1860 lecto-

1154 1880 1256 1916 ribus
1308 1881 1412 1916 nulla
1463 1879 1597 1930 diguus
1651 1878 1812 1930 adpare-

1153 1936 1208 1972 bit
1246 1937 1505 1973 Hermotimas
1542 1935 1811 1984 misericordia,

1155 2005 1272 2044 quam
1292 1994 1331 2028 iu
1351 1993 1438 2029 ficta
1458 1991 1722 2043 Xenophontis
1737 1993 1812 2044 Cy-

1154 2049 1334 2099 ropaedia
1362 2050 1471 2085 facile
1495 2050 1661 2086 movebit
1682 2048 1811 2086 Gada-

1153 2107 1250 2142 tas.“
1309 2107 1481 2143 Narravit
1520 2113 1646 2143 autem
1677 2107 1811 2142 Noster

1153 2160 1248 2199 haec
1267 2176 1382 2199 unam
1404 2176 1489 2199 eam
1506 2164 1553 2199 ob
1583 2174 1746 2209 causam,
1768 2168 1810 2198 ut

1151 2219 1275 2265 τίσιος
1286 2220 1384 2256 illius
1396 2221 1474 2255 vim
1489 2220 1691 2268 insigniore
1700 2230 1810 2255 com-

1152 2276 1329 2324 probaret
1366 2276 1563 2326 exemplot,
1601 2287 1697 2326 quae
1727 2275 1810 2325 ipsa

1152 2330 1256 2368 haud
1277 2332 1347 2367 alia
1376 2331 1453 2367 fere
1479 2339 1532 2368 est
1561 2337 1674 2382 atque.
1694 2329 1810 2381 νέμε-

1153 2400 1224 2434 σις,
1248 2400 1345 2439 quae
1369 2401 1481 2423 suum
1504 2389 1641 2439 cuique
1664 2387 1805 2433 tribuit,

1151 2444 1244 2480 iusta
1283 2445 1488 2496 unicuique
1524 2458 1566 2481 ac
1597 2443 1723 2480 debita
1746 2456 1808 2479 re-

1152 2513 1376 2548 munerans,
1418 2502 1518 2537 bona
1550 2501 1679 2548 bonis,
1707 2499 1806 2535 mala

1151 2558 1259 2593 malis
1296 2557 1517 2608 rependens.
1575 2558 1673 2593 Hinc
1707 2557 1806 2591 Her-

1154 2615 1357 2649 motimum
1399 2615 1627 2660 x'111‚106
1672 2613 1806 2648 Noster

1156 2669 1302 2706 dicent<
1296 2684 1345 2706 111
1360 2671 1469 2707 facit:
1502 2664 1653 2714 ἐδόκεές
1673 2683 1711 2707 τε
1731 2672 1803 2707 θε-

1156 2742 1226 2772 οτς
1252 2724 1386 2775 λήσειν
1411 2723 1475 2765 οἷα
1500 2725 1678 2775 ἐμηχανῶ
1695 2721 1802 2763 τότε·

1156 2783 1198 2820 οἱ
1213 2795 1253 2821 σε
1272 2796 1444 2833 ποιησαι
1450 2798 1492 2821 τα
1516 2777 1670 2827 α’νόσια,
1693 2776 1802 2834 νόμω

1155 2840 1295 2878 danaim
1319 2836 1465 2891 χρεαίιιε
1451 2853 1554 2882 -νυι,
1593 2832 1802 2890 υπήὶαγον
