1996 3238
321 1044 421 1090 133

152 1106 296 1136 consulta
317 1109 397 1136 inter

151 1140 368 1171 hibernandum
385 1151 406 1172 a

486 264 570 304 182
884 261 1347 300 HERODOTI

487 372 529 421 ἐς
558 369 638 426 τήν
665 368 853 426 Ἰωνίην·
893 373 936 414 οἳ
965 368 1219 426 προήγαγον
1257 370 1419 422 αὐτοὺς
1455 369 1579 426 μόγις
1618 371 1740 428 μέχρι

456 437 654 492 3Δήλου.
710 438 758 480 τὸ
797 437 879 493 γάρ
919 437 1176 493 προσωτέρω
1217 442 1305 481 πᾶν
1343 438 1488 482 δεινὸν
1531 434 1588 493 ἦν
1625 445 1739 484 τοῖσι

472 504 662 561 ’Έλλησι,
693 503 795 548 οὔτε
823 509 911 548 τῶν
940 505 1092 561 χώρων
1116 504 1238 547 ἐοῦσι
1260 506 1510 560 ἐμπείροισι,
1542 511 1795 562 στρατιῆςὲο

483 588 528 616 τε
558 572 700 616 πάντα
727 573 834 616 πλέα
864 573 1004 618 ἐδόκεε
1030 570 1160 615 εἶναι·
1194 571 1273 627 τήν
1303 574 1347 617 δὲ
1366 575 1523 629 Σάμον
1553 575 1739 617 ἐπιστέα-

454 643 536 682 4το
567 639 672 696 δόξῃ
702 642 774 684 καὶ
799 640 1034 696 Ἡρακλέας
1064 638 1220 695 στήλας
1248 642 1346 684 ἰ’σον
1377 639 1560 696 ἀπέχειν.
1611 642 1739 685 συνέ-

482 722 610 750 πιπτε
650 707 696 750 δὲ
739 714 939 761 τοιοῦτο,
985 706 1093 750 ὥστε
1131 705 1235 757 τούς
1281 709 1356 762 μὲν
1395 709 1649 764 βαρβάρους
1689 709 1738 753 vd

480 776 592 828 πρὸς
620 773 799 832 ἑσπέρης
829 775 1029 829 ἀνωτέρω
1051 774 1211 830 Σάμου
1240 774 1298 829 μὴ
1327 779 1491 830 τολμᾶν
1512 781 1740 820 καταπλῶ-

485 853 575 894 σαι,
607 843 1022 898 καταῤῥωδηκότας·
1052 842 1158 894 τούς
1199 842 1244 886 δὲ
1271 841 1507 898 ’Έλληνας,
1540 843 1740 899 χρηῖζόν-

483 927 571 953 των
601 913 742 959 Χίων,
774 909 823 952 τό
856 910 964 964 πρὸς
999 910 1078 968 τὴν
1107 909 1172 966 ἦεό
1201 910 1428 964 κατωτέρω
1464 909 1626 967 Δήλου.
1659 912 1735 956 οὕ-
1750 919 1795 954 25

483 992 544 1020 τω
574 979 669 1027 δέος
699 978 748 1020 τό
779 976 911 1032 μέσον
944 977 1163 1032 έφύλασσέ
1197 990 1356 1033 σφεων.

604 1047 657 1088 Οἱ
700 1045 779 1100 μὲν
817 1044 870 1101 δή
906 1044 1110 1101 ΓΈλληνες
1150 1045 1318 1089 ἔπλωον
1372 1045 1414 1096 ἐς
1447 1044 1528 1101 τὴν
1564 1049 1738 1100 Δῆλον·

484 1111 744 1165 Μαρδόνιος
773 1113 818 1156 δὲ
847 1113 948 1168 περὶ
974 1113 1054 1170 τὴν
1076 1116 1313 1170 Θεσσαλίην
1342 1113 1540 1170 ἐχείμαζε.
1590 1114 1739 1157 ἐνθεῦ-

423 1321 639 1371 glexerunt.
659 1342 715 1352 —
738 1324 783 1360 In
803 1334 910 1374 seqq.
928 1320 976 1359 ad
992 1334 1081 1373 par-

421 1378 555 1415 ticulas
576 1375 668 1419 οὕτε
687 1392 783 1420 -τε
809 1378 887 1416 vid.
914 1385 1011 1417 nott.
1032 1377 1081 1416 ad

423 1434 487 1482 VI,
510 1437 548 1475 1.

468 1487 554 1541 τήν
576 1488 619 1531 δὲ
644 1487 786 1543 Σάμον
811 1489 1010 1532 ἐπιστέατο
1043 1506 1079 1530 κ.

423 1560 457 1586 τ.
476 1548 530 1595 λ.]
553 1548 580 1585 i.
611 1561 643 1586 e.
669 1548 813 1586 Samum
850 1549 1081 1599 opinabantur

424 1616 532 1654 aeque
570 1604 702 1642 distare
729 1606 790 1654 (ab
811 1606 981 1656 ipsorum
1001 1605 1082 1642 scil.

424 1660 564 1710 patriai)
594 1664 699 1711 atque
730 1663 909 1699 columnas
945 1661 1084 1700 Hercu-

425 1716 518 1758 leas,
554 1729 646 1768 quas
679 1730 794 1754 nemo
814 1719 933 1755 nescit
959 1730 1086 1754 remo-

423 1772 583 1809 tissimas
603 1772 697 1823 fingi
717 1773 765 1810 ad
782 1781 998 1810 extremum
1017 1786 1085 1810 oc-

425 1827 616 1865 cidentem
631 1830 671 1865 in
695 1837 867 1867 extrema
887 1831 985 1868 orbis
1005 1836 1085 1866 ter-

423 1898 554 1921 rarum
581 1884 660 1922 orzi.
693 1910 744 1915 —
788 1886 851 1923 Ad
873 1885 1084 1925 συνέπιπτε

427 1937 527 1980 ὥστε
547 1942 648 1978 conf.
670 1949 765 1980 nott.
781 1942 829 1980 ad
850 1944 947 1991 VIII,
974 1942 1037 1983 15.

483 1993 587 2036 οὕτω
625 1998 711 2045 δέος
743 1996 788 2038 *co*
818 1998 941 2049 μέσον
974 1994 1077 2049 ἐφύ-

423 2052 543 2092 λασσέ
564 2056 716 2104 σφεων]
755 2057 862 2092 Bene
882 2054 1084 2106 Schweig-

423 2106 649 2148 haeuserus:
684 2110 771 2159 „Ita
798 2125 886 2162 quae
915 2114 952 2149 in
972 2113 1084 2149 medio

422 2170 647 2216 utrorumque
664 2172 774 2216 erant,
793 2170 832 2205 ob
851 2169 991 2206 illorum
1011 2181 1080 2206 me-

425 2225 499 2260 tum
526 2225 564 2260 in
591 2228 666 2260 tuto
689 2224 880 2274 suerunt.“
936 2227 993 2261 De
1024 2238 1082 2262 ar·-

424 2286 609 2330 gumento
629 2281 704 2317 loci
722 2282 774 2318 sic
791 2281 954 2332 disputat
971 2281 1083 2319 Wes-

424 2336 525 2374 sel.:
586 2336 792 2384 „Formido
841 2339 1000 2388 urgebat
1035 2351 1084 2374 ex

424 2393 628 2429 Persarum
656 2395 827 2431 maximo
872 2400 1083 2445 potentatu,

424 2455 508 2485 tum
536 2449 662 2497 etiam,
705 2450 810 2502 quod
852 2452 1085 2488 Graecorum

424 2506 536 2542 multi
570 2506 743 2543 accurat&
772 2508 995 2544 ulteriorum
1024 2508 1084 2544 lo-

425 2574 559 2598 corum
579 2564 711 2600 notitIa
731 2562 996 2601 deficerentur.
1025 2566 1082 2600 De

424 2619 552 2655 multis
571 2620 728 2671 loquor:
760 2634 851 2657 nam
866 2620 1082 2658 Athenien-

422 2673 524 2711 sibus
546 2688 610 2712 ora
630 2678 741 2713 Asiae
762 2684 799 2714 et
823 2676 1012 2715 Thraciae
1034 2676 1083 2714 ad

422 2730 716 2781 Hellespontum
774 2735 1083 2785 navigationibus

422 2785 463 2822 in
486 2787 656 2837 Sigeum,
686 2788 895 2840 Ephesum,
925 2790 1084 2828 cherso-

423 2855 635 2896 nesumque
657 2846 954 2896 exploratissima
977 2855 1082 2896 erat;

1136 1334 1264 1374 neque
1297 1321 1491 1373 Spartanis
1512 1321 1663 1371 ignotus
1688 1320 1797 1359 Sami

1135 1380 1372 1430 viciniaeque
1391 1380 1480 1415 situs
1498 1380 1564 1427 ΙΙΙ,
1584 1377 1652 1420 46.
1683 1377 1797 1416 Haud

1137 1434 1301 1473 districte
1339 1448 1429 1485 ergo
1468 1433 1562 1472 haec
1596 1434 1796 1486 sumenda,

1135 1506 1207 1529 nec
1230 1491 1277 1529 de
1299 1492 1474 1529 omnibus
1495 1493 1653 1529 omnino
1675 1494 1797 1529 Grae-

1137 1551 1202 1598 cis,
1222 1549 1331 1586 sicuti
1351 1549 1539 1599 accepisse
1558 1547 1708 1586 videtur
1728 1549 1797 1585 Li-

1137 1607 1272 1644 banius
1293 1607 1353 1643 Or.
1375 1607 1471 1642 XIX
1499 1620 1539 1657 p.
1564 1603 1686 1645 480.“
1717 1606 1796 1643 Ve-

1138 1663 1294 1700 risimile
1315 1661 1464 1700 videtur
1491 1662 1695 1700 vernaculo
1733 1662 1796 1698 in-

1140 1719 1307 1769 terpreti,
1344 1717 1520 1766 Schoell‚
1559 1717 1799 1755 Herodotum

1140 1773 1235 1811 haec
1268 1775 1475 1825 scripsisse,
1515 1787 1590 1827 quo
1626 1781 1799 1825 tempore

1140 1830 1315 1868 nondum
1336 1843 1423 1867 eam
1443 1831 1513 1868 sibi
1544 1832 1799 1882 acquisivisset

1141 1889 1375 1925 Graecorum
1395 1889 1434 1923 in
1450 1889 1602 1938 Europa
1622 1886 1800 1924 habitan-

1138 1946 1236 1981 tium
1257 1957 1467 1995 eorumque
1487 1945 1541 1980 rei
1562 1945 1705 1981 navalis
1731 1957 1800 1980 co-

1138 2002 1362 2052 gnitionem,
1380 2013 1496 2052 quam
1511 1999 1668 2051 posthac
1688 2000 1799 2037 illmn

1140 2065 1353 2095 assecutum
1382 2071 1460 2094 esse
1474 2087 1483 2105 ,
1519 2057 1583 2093 alii
1601 2058 1798 2094 Musarum

1139 2115 1214 2151 loci
1243 2115 1393 2165 egregie
1425 2113 1577 2151 docent.
1633 2114 1690 2150 Ac
1710 2115 1797 2151 satis

1141 2172 1356 2221 cognitum,
1386 2184 1464 2207 non
1484 2183 1561 2207 uno
1583 2168 1797 2222 eodemque

1138 2234 1270 2264 tenore
1291 2228 1337 2264 ab
1357 2228 1463 2263 initio
1483 2239 1602 2278 usque
1623 2225 1670 2263 ad
1680 2225 1797 2262 finem

1138 2283 1324 2321 Herodoti
1342 2284 1455 2320 libi-os
1468 2296 1545 2319 esse
1554 2284 1799 2334 conscriptos,

1140 2339 1205 2378 sed
1217 2341 1305 2377 alias
1320 2346 1443 2390 partes
1456 2340 1569 2390 prius,
1582 2340 1670 2377 alias
1681 2341 1798 2377 serius

1143 2403 1327 2433 exaratas.
1386 2397 1493 2433 Sami
1532 2403 1660 2433 autem
1697 2403 1734 2433 et
1777 2409 1799 2432 a

1143 2454 1280 2491 Samiis
1308 2453 1400 2489 haec
1425 2453 1668 2504 probabiliter
1688 2466 1798 2490 acce—

1140 2511 1236 2561 pisse
1256 2509 1494 2547 Herodotum
1520 2508 1729 2562 itidemque
1748 2510 1799 2545 li-

1138 2568 1225 2604 teris
1263 2568 1502 2618 consignasse
1530 2565 1634 2603 idem
1669 2565 1796 2603 statuit

1138 2622 1306 2663 Schoell.

1297 2712 1390 2764 Cap.
1412 2712 1626 2751 cxxxm.

1196 2790 1385 2844 ἐχείμαζε]
1416 2790 1500 2829 vid.
1522 2797 1617 2831 nott.
1638 2788 1686 2827 ad
1698 2790 1795 2837 vm,

1142 2850 1232 2889 113.
1305 2848 1410 2894 Quae
1447 2854 1681 2899 sequuntur:
1731 2845 1798 2887 ἐν-
