1879 3222
312 695 379 741 54

446 183 531 222 290

843 178 1303 215 HERODOTI

439 288 516 333 τὸν
544 282 673 342 λόχον
702 286 778 329 τόν
801 284 1063 343 Πιτανήτην,
1094 286 1165 342 μὴ.
1187 285 1243 342 ἢν
1266 283 1510 328 α’πολίπωσι
1530 288 1699 328 ποιεῦν-

440 372 509 407 τες
537 356 588 398 τὰ
622 354 920 409 συνεθήκαντο
951 359 1063 397 τοῖσι
1095 354 1263 397 ἄλλοισι
1290 353 1487 408 “’Έλλησι,
1538 350 1699 408 ἀπόλη-

439 441 509 467 ται
561 421 843 477 ὑπολειφθεὶς
891 420 1022 470 αὐτός
1071 434 1115 463 τε
1159 420 1479 477 Ἀμομφάρετος
1535 420 1607 462 καὶ
1657 421 1756 462 οῑ50

410 489 535 547 4μετ’
566 488 717 534 αὐτοῦ.
775 493 911 533 ταῦτα
951 487 1240 544 λογιζόμενοι,
1280 488 1465 543 ἀτρέμας
1501 486 1619 542 εἶχον
1647 486 1696 532 τὸ

439 557 729 612 στρατόπεδον
749 555 797 601 τὸ
827 556 1102 607 Λακωνικόν,
1132 556 1204 599 καὶ
1222 556 1454 611 ἐπειρῶντο
1472 554 1698 605 πείθοντές
1753 560 1832 602 718

439 644 515 682 μιν
544 625 602 677 ὥς
627 623 680 669 οὐ
709 624 837 680 χρεὸν
869 627 931 680 εἰἠ
960 628 1096 667 ταῦτα
1125 622 1297 666 ποιέειν.

549 693 636 735 Καὶ
667 694 709 736 οἷ
738 692 815 747 μὲν
844 691 1122 746 παρηγόρεον
1149 689 1499 745 Ἀμομφάρετον,
1529 694 1700 745 μοῦνον

438 761 797 814 Λακεδαιμονίων
823 775 866 802 τε
896 759 969 802 καὶ
996 758 1234 814 Τεγεητέων
1251 757 1539 813 λελειμμένον.
1576 757 1698 814 Ἀθη-
1712 764 1756 798 55

438 833 556 871 ναῖοι
585 827 630 870 δὲ
659 828 832 870 ἐποίευν
865 826 1022 870 τοιάδε.

1084 824 1200 880 εἶχον
1240 823 1425 880 ἀτρέμας
1455 822 1590 878 σφέας
1619 824 1701 867 αὖ·

440 895 544 946 τούς
575 897 646 938 ἵνα
676 895 941 950 ἐτάχθησαν,
971 893 1245 948 ἐπιστάμενοι
1273 891 1324 935 τὰ
1343 892 1702 947 Λακεδαιμονίων

444 961 720 1018 φρονήματα,
761 960 819 1013 ὡς
849 961 956 1005 ἄλλα
985 961 1267 1018 φρονεόντων
1305 960 1377 1004 καὶ
1417 958 1523 1002 ἄλλα
1557 959 1703 1015 λεγόν-

413 1038 543 1074 Ξτων.
586 1029 644 1081 ὥς
664 1030 710 1073 δὲ
739 1029 920 1086 ἐκινήθη
943 1029 992 1073 τό
1016 1029 1321 1083 στρατόπεδον,
1351 1027 1541 1082 ἔπεμπον
1558 1027 1704 1082 σφέων

443 1098 596 1149 ἱππέα,
635 1096 858 1152 ὀψόμενόν
895 1113 939 1141 τε
979 1101 1016 1141 εἰ
1053 1096 1320 1152 πορεύεσθαι
1360 1094 1632 1151 ἐπιχειρέοιεν
1661 1095 1760 1137 οἷ60

440 1169 733 1222 Σπαρτιῆται,
774 1167 883 1209 εἴτε
912 1165 1054 1209 καὶτὸ
1083 1163 1292 1219 παράπαν
1329 1162 1387 1220 μή
1427 1165 1704 1207 διανοεῦνται

383 1433 385 1436 ·
439 1412 650 1456 ἀπολιπεῖν
686 1413 757 1456 τὸν
789 1413 930 1468 λόχον]
971 1413 1043 1457 τὸν

383 1470 501 1525 λόχον
533 1486 602 1525 pro
652 1473 791 1510 obiecti
828 1475 1043 1512 accusativo

382 1531 550 1581 accipio,
578 1530 608 1566 si
636 1528 794 1581 quidem
825 1536 862 1567 et
891 1529 930 1568 h.
954 1531 981 1571 l.
1008 1536 1044 1568 et

382 1587 422 1622 in
452 1587 626 1636 proxime
647 1599 752 1637 seqq.
790 1585 863 1623 hoc
884 1588 1045 1624 verbum

384 1654 493 1679 suam
509 1643 645 1678 retinet
661 1643 739 1677 vim
752 1644 926 1678 activam.
944 1643 1045 1678 Gra-

384 1700 464 1735 vius
490 1701 604 1734 autem
622 1698 707 1745 ipsis
733 1697 918 1734 videbatur
945 1698 1044 1734 ‹lese-

387 1767 462 1791 ‘tere
489 1753 744 1790 Pitanatarum
781 1753 948 1790 cohortem
992 1755 1044 1790 ti-

387 1811 580 1857 mentibus,
610 1822 671 1855 ne,
700 1811 734 1845 si
766 1822 841 1846 eam
870 1809 1044 1847 dese-ruis-

387 1870 480 1914 sent,
508 1866 707 1916 facientes,
745 1864 786 1901 de
817 1867 939 1915 quibus
967 1879 1044 1903 cum

384 1923 530 1973 reliquis
549 1923 696 1959 Graecis
715 1926 939 1959 convenerant
953 1951 963 1970 ,
984 1924 1044 1959 in-

384 1983 494 2017 tereat
510 1979 653 2016 relictus
673 1979 746 2027 ipse
759 1978 1042 2029 Amomplmretus

385 2036 462 2073 ἀηιῖ
480 2048 556 2072 cum
582 2033 767 2072 Pitanatis
785 2036 871 2074 suz‘S.
912 2037 1045 2087 Itaque

387 2091 436 2129 ad
465 2087 688 2131 ἄπολίπωσι
718 2091 949 2142 subintellig.
971 2088 1046 2130 αὕ-

387 2145 457 2188 τὸν
475 2149 554 2188 scil.
575 2144 646 2186 τόν
678 2144 811 2199 λόχον.
860 2149 922 2186 Ad
942 2149 1049 2185 locu-

387 2207 533 2242 tionem
580 2198 751 2254 οἷτρέμας
790 2200 895 2256 εἶχον
944 2205 1046 2242 conf.

387 2269 485 2300 nott.
520 2259 569 2298 ad
588 2260 683 2308 Vll,
721 2262 746 2301 8
770 2262 808 2307 ξ.
835 2265 852 2301 1
878 2269 913 2298 et
943 2261 990 2298 ad
1011 2261 1047 2300 έ-

388 2320 581 2370 πειρῶντο
599 2315 810 2363 πείθοντες
824 2316 958 2355 matth.
981 2319 1045 2358 Gr.

388 2376 456 2412 Gr.
488 2376 526 2420 §.
551 2372 632 2416 555
663 2385 751 2423 pag.
775 2375 876 2414 1091
911 2381 948 2411 et
967 2376 1048 2411 He-

390 2430 472 2471 rod.
492 2433 572 2480 lX,
593 2431 663 2470 26·

609 2551 702 2603 Cap.
725 2552 824 2590 LIV.

449 2646 698 2700 ἐπιστάμενοι
724 2651 773 2693 τοὶ
796 2654 1050 2705 Λακεδαιμο-

395 2703 495 2742 νίων
532 2706 796 2759 φρονήματα]
849 2712 874 2750 ἰ.
902 2724 935 2749 e.
970 2711 1051 2749 bene

394 2763 504 2809 gnari
517 2765 621 2800 moris
655 2768 760 2815 atque
785 2769 920 2816 ingenii
933 2767 1050 2806 Laco.

1098 1429 1200 1465 num,
1232 1417 1295 1466 qui
1315 1414 1391 1453 alia
1409 1416 1585 1463 sentiant,
1607 1414 1683 1452 alia
1701 1413 1760 1451 di-

1101 1477 1198 1511 cant.
1237 1470 1301 1509 Ad
1315 1472 1548 1508 locutionem
1560 1471 1758 1518 cousllI,

1103 1528 1183 1571 144
1205 1536 1241 1566 et
1261 1530 1337 1576 lx,
1361 1531 1386 1569 7
1407 1530 1444 1574 ξ.
1472 1531 1510 1567 2.
1562 1526 1624 1564 Ad
1645 1539 1760 1578 argu-

1098 1593 1275 1622 mentum
1323 1584 1599 1634 Wesselingius
1661 1584 1758 1620 bene

1101 1641 1208 1677 affert
1219 1640 1390 1690 Euripid.
1405 1637 1666 1678 Andromach.
1679 1638 1760 1679 447

1101 1703 1137 1733 et
1159 1695 1341 1733 Herodot.
1364 1697 1435 1743 VI,
1471 1698 1568 1742 108,
1598 1695 1664 1731 ubi
1683 1694 1757 1734 vid,

1099 1759 1195 1789 nott.
1247 1751 1358 1797 Quod
1379 1764 1468 1787 vero
1493 1752 1664 1788 Lacones
1697 1750 1760 1788 hic

1101 1809 1209 1845 aliter
1249 1816 1362 1860 atque
1403 1809 1529 1844 animo
1579 1807 1761 1857 gerebant

1101 1865 1228 1916 eloqui
1249 1864 1447 1911 dicuntur,
1482 1862 1555 1900 hoc
1580 1861 1762 1901 Valcken.

1099 1928 1295 1972 comparat
1336 1933 1424 1957 cum
1463 1921 1674 1957 Homericis
1717 1920 1759 1957 ΙΙ.

1099 1979 1180 2026 XI,
1202 1980 1296 2018 313.
1319 1975 1450 2014 Schol.
1481 1974 1675 2027 Aristoph.
1689 1977 1760 2014 Av.

1105 2035 1182 2075 168
1212 2034 1412 2085 ipsumque
1461 2031 1566 2069 addit
1611 2033 1762 2070 Aristo-

1101 2089 1267 2141 phanem
1303 2090 1578 2141 Spartanorum
1611 2087 1761 2126 fraudes

1103 2160 1147 2184 ac
1202 2146 1399 2197 perfidiam
1446 2146 1761 2196 perstringentem

1101 2205 1141 2240 in
1162 2205 1251 2244 Pac.
1270 2203 1388 2244 1065.
1401 2201 1567 2239 Acharu.
1581 2204 1661 2242 307
1672 2202 1761 2243 coll,

1102 2258 1346 2297 Demosthen.
1369 2273 1402 2296 c.
1423 2260 1599 2297 Aristocr.
1619 2272 1656 2309 p.
1677 2258 1755 2299 421

1105 2316 1212 2367 [pag.
1235 2317 1314 2357 659
1335 2314 1478 2366 Reisk.]
1501 2335 1554 2343 -
1588 2315 1634 2350 lu
1653 2327 1759 2366 seqq.

1103 2372 1152 2410 ad
1221 2373 1432 2422 optativum
1484 2369 1756 2422 ἐπιχειρέοιεν,

1104 2442 1220 2481 quem
1250 2430 1288 2465 in
1316 2430 1430 2466 altera
1458 2427 1757 2477 interrogationis

1102 2493 1209 2537 parte
1231 2486 1370 2537 excipit
1400 2484 1621 2522 indicativus
1650 2478 1757 2534 (δια-

1103 2542 1322 2590 νοεῦνται),
1367 2542 1510 2579 consul.
1547 2537 1679 2575 Matth.
1717 2540 1756 2584 §.

1105 2599 1187 2640 507
1201 2628 1210 2645 ,
1248 2602 1274 2639 2
1299 2611 1387 2649 pag.
1427 2599 1505 2637 963
1519 2625 1528 2642 ‚
1567 2595 1632 2646 qui
1652 2593 1756 2631 idem

1104 2657 1142 2700 ξ.
1165 2657 1265 2699 617,
1286 2655 1310 2695 5
1340 2667 1424 2704 pag.
1452 2652 1555 2691 1253
1579 2651 1757 2688 consula-

1104 2718 1165 2748 tur
1185 2710 1232 2748 de
1253 2711 1432 2761 particula
1454 2707 1527 2747 εἴτε
1540 2735 1551 2756 ,
1576 2719 1673 2760 quae
1692 2705 1758 2744 hio

1104 2769 1203 2807 valet
1223 2779 1281 2805 αη.
