1996 3238
294 860 394 904 100

122 923 275 952 Mal-doni?
293 932 397 958 regem

122 958 304 984 consolantis
330 966 395 984 ora-

121 991 175 1018 tio.
194 992 318 1019 Xerxem
330 999 397 1017 oum

122 1025 348 1064 magimawparte
350 1033 397 1050 ex-

122 1058 182 1085 emi
176 1062 234 1084 utus
250 1066 280 1084 m
301 1057 399 1085 Asiam

124 1092 237 1118 reverti
255 1091 348 1124 iubet,

123 1124 234 1152 bellum
261 1132 326 1151 oum
352 1132 399 1152 re-

124 1157 207 1192 liqna
224 1158 289 1193 ipse
307 1166 376 1194 pro-

123 1190 294 1227 fligaturus

442 222 526 267 136
849 221 1317 258 HERODOTI

444 331 513 386 λίη
543 329 833 380 ἐπεξελθοῦσα
862 332 1032 385 συνέχεε
1061 329 1187 382 οὕτω,
1219 330 1328 374 ὥστε
1368 330 1476 381 τούς
1512 333 1708 382 κιθῶνας

448 395 766 452 κατερρήξαντο
796 395 974 448 πάντες,
1003 400 1089 454 βοῇ
1119 415 1163 441 τε
1193 398 1266 441 καὶ
1301 400 1468 455 οἰμωγῇ
1500 398 1708 454 ἐχρέωντο
1721 405 1766 440 60

420 463 646 521 δᾶπλέτῳ,
677 463 940 518 Μαρδόνιον
969 466 1016 508 ἐν
1047 467 1162 521 αἰτίῃ
1201 466 1405 517 τιθέντες.
1468 464 1552 509 οὐκ
1593 465 1709 509 οὕτω

449 531 496 576 δὲ
524 533 623 588 περὶ
651 537 740 576 τῶν
768 537 887 588 νηῶν
907 532 1144 589 ἀχθόμενοι,
1172 537 1309 576 ταῦτα
1339 536 1382 577 οἱ
1411 535 1578 589 Πέρσαι
1599 534 1713 577 ἐποί-

429 604 551 651 4ευν,
591 598 649 651 ὥς
688 601 786 655 περὶ
817 600 933 657 αὐτῷ
973 601 1110 657 Ξέρξῃ
1156 602 1459 656 δειμαίνοντες.
1511 603 1584 645 καὶ
1614 603 1714 656 περὶ

453 666 627 722 Πέρσας
653 669 732 724 μὲν
761 665 814 725 ἦν
844 673 979 712 ταῦτα
1010 668 1087 711 τόν
1115 668 1255 710 πάντα
1273 669 1429 722 μεταξύ
1459 669 1621 725 χρόνον
1648 686 1713 725 γε-

452 735 652 791 νόμενον,
681 736 804 793 μέχρι
834 732 888 780 οὗ
922 736 1085 792 Ξέρξης
1116 734 1246 785 αὐτός
1277 747 1411 791 σφεας
1452 737 1768 790 ἄπικόμενοςὸὄ

453 803 626 847 ἔπαυσε.

564 871 820 923 Μαρδόνιος
870 870 937 922 δὲ,
980 868 1117 924 ὁρέων
1153 870 1233 924 μὲν
1273 870 1439 928 Ξέρξην
1483 874 1716 930 συμφορὴν

456 937 646 993 μεγάλην
685 938 730 980 ἐκ
765 941 841 993 τῆς
870 939 1112 993 ναυμαχίης
1148 937 1429 993 ποιεύμενον,
1460 937 1718 983 ὑποπτεύων

455 1008 500 1049 δὲ
524 1005 658 1048 αὐτόν
678 1005 874 1061 δρησμὸν
896 1006 1122 1061 βουλεύειν
1141 1005 1187 1048 ἐκ
1205 1010 1293 1048 τῶν
1318 1005 1548 1061 Ἀθηνέων,
1585 1023 1718 1061 φρον-

455 1075 576 1124 τίσας
604 1073 713 1128 πρὸς
743 1073 907 1117 ἑωυτὸν
938 1072 996 1124 ὡς
1027 1072 1156 1117 δώσει
1188 1075 1313 1129 δίκην
1346 1073 1603 1130 ἀναγνώσας
1634 1078 1718 1131 βα-

458 1141 576 1184 σιλέα
620 1142 931 1196 στρατεύεσθαι
970 1141 1038 1184 ἐπὶ
1074 1142 1152 1198 τὴν
1177 1139 1379 1192 Ἑλλάδα,
1421 1140 1495 1186 καί
1525 1144 1569 1186 οἱ
1597 1145 1775 1197 κρέσ-Ίο

460 1222 540 1271 σον
570 1212 634 1268 εἴη
664 1210 1032 1255 ἀνακινδυνεῦσαι
1073 1209 1102 1267 ἦ
1141 1209 1490 1266 κατεργάσασθαι
1519 1209 1598 1270 τὴν
1624 1209 1720 1268 Ἑλ,-

402 1454 577 1504 sacrzfict'o
610 1454 837 1499 instituitur,
882 1460 924 1491 ut
957 1453 1060 1505 apud

401 1509 546 1547 Athen.
565 1511 684 1559 XIII7>
707 1513 759 1551 33
782 1525 819 1562 p.
843 1511 922 1552 573
945 1513 993 1548 E.
1029 1525 1059 1548 s.

402 1580 441 1617 p.
462 1569 515 1607 73
537 1565 668 1608 Schw.
690 1588 743 1594 —
771 1569 816 1603 In
837 1580 942 1618 seqq.
964 1580 1061 1606 συν-

404 1621 484 1673 έχεε
516 1630 571 1660 est
601 1626 855 1671 consternavit,
886 1625 1060 1672 turbavit,

403 1686 446 1715 ut
465 1680 554 1727 VH,
593 1680 671 1720 142
688 1709 697 1727 ,
723 1680 801 1717 vid.
825 1687 921 1717 nott.

461 1731 558 1774 ὥστε
571 1733 663 1783 τούς
678 1739 861 1782 κιθῶνας
870 1732 1064 1788 κατεῤῥή-

405 1792 540 1841 ξαντο]
554 1793 580 1828 i.
599 1806 632 1829 e.
652 1796 693 1829 ut
713 1795 852 1830 tunicas
871 1794 939 1830 sibi
951 1806 1063 1830 omnes

405 1848 657 1896 discinderent,
700 1849 898 1886 laniarent:
959 1848 1064 1901 quod

406 1906 588 1942 moeroris
628 1918 671 1942 ac
710 1907 834 1943 luctus
878 1905 1064 1942 indicium

405 1961 518 1998 fuisse
537 1968 695 1999 constat.
724 1962 810 2000 Vid.
833 1962 880 1998 ad
902 1963 1065 2006 Ctesiam

405 2025 502 2056 nott.
539 2031 628 2070 pag.
657 2022 740 2060 232
769 2026 806 2056 et
845 2017 893 2055 ad
923 2019 1065 2059 Herod.

406 2075 480 2122 111,
523 2078 588 2117 66.
628 2074 806 2127 Aeschyl.
836 2078 942 2113 Pers.
985 2079 1065 2117 176

407 2129 523 2168 Both.
553 2131 655 2180 (204
675 2133 815 2169 Blomf.
845 2146 963 2185 quem
988 2132 1065 2170 vid.

406 2188 448 2225 in
465 2188 649 2237 Glossar,)
663 2213 713 2217 —
727 2187 845 2226 Medii
864 2190 971 2227 verbi
987 2190 1067 2226 vim

407 2245 605 2282 illustravit
634 2244 894 2285 Hemsterhus.
917 2245 965 2283 ad
985 2247 1068 2282 Xe-

408 2299 527 2352 noph.
547 2299 689 2352 Ephes.
710 2315 799 2353 pag.
822 2301 918 2343 234.

457 2358 500 2397 ἐν
513 2357 618 2411 αἰτίῃ
631 2357 826 2408 τιθέντες]
838 2360 870 2394 Ε
883 2357 1068 2409 Stephani

408 2414 475 2452 or&
507 2413 754 2463 Sclmeferus,
792 2428 908 2466 quem
938 2416 1068 2467 sequi-

409 2478 470 2508 tur
491 2469 713 2519 Bekkerus,
741 2473 882 2522 recepit
903 2469 1065 2525 αἰτίῃσι.

408 2527 600 2579 Equidem
629 2541 717 2565 cum
749 2529 901 2580 reliquis
930 2527 1014 2567 edd.
1043 2541 1063 2564 a

408 2585 634 2633 scriptorum
653 2586 836 2621 librorum
849 2586 1069 2622 auctoritate

409 2646 508 2678 stare
539 2641 669 2680 malui,
727 2642 833 2678 Dixit
865 2644 1001 2679 Noster
1025 2643 1070 2689 V,

413 2698 493 2736 106
533 2695 575 2735 ἓν
616 2697 722 2749 αἰτίῃ
764 2697 864 2748 ἔχειν
904 2699 1072 2750 itemque

411 2752 672 2804 Thucydides,
694 2761 851 2791 notante
873 2754 1074 2805 Schweig-

413 2809 598 2848 haeusero
638 2812 675 2857 1,
716 2810 782 2851 35.
828 2813 890 2861 11,
921 2812 989 2853 59.
1019 2812 1073 2862 V,

1116 1455 1184 1493 60.
1199 1473 1254 1480 —-
1273 1453 1427 1490 V'erba
1417 1466 1457 1489 111
1479 1453 1606 1505 capitis
1627 1453 1778 1492 clausu-

1115 1510 1152 1546 la
1172 1510 1315 1560 posita:
1343 1508 1411 1548 καὶ
1427 1509 1530 1576 περὶ
1534 1508 1692 1562 Πέρσας
1705 1508 1779 1562 μὲν

1118 1567 1171 1616 ἠν
1200 1569 1346 1611 ταῦτα,
1376 1563 1446 1606 τὸν
1474 1581 1606 1605 παντα
1635 1564 1778 1617 μεταξυ

1118 1618 1262 1674 χρόνον
1284 1618 1501 1676 γενόμενον
1528 1630 1686 1661 sonant:
1718 1627 1780 1660 at-

1121 1692 1184 1728 que
1205 1679 1290 1716 haec
1309 1680 1407 1729 apud
1428 1678 1558 1717 Persas
1572 1680 1707 1730 fuere
1697 1694 1721 1718 1.
1745 1693 1780 1717 e.

1119 1734 1193 1771 hoc
1214 1736 1385 1772 fecerunt
1404 1737 1540 1772 Persae
1571 1749 1638 1786 per
1666 1749 1782 1773 omne

1120 1798 1293 1842 tempus,
1353 1791 1458 1843 quod
1491 1791 1664 1829 medium
1703 1794 1782 1830 sive

1119 1849 1359 1885 interiectum
1412 1856 1490 1885 erat
1547 1850 1645 1885 inter
1683 1850 1782 1886 illius

1120 1907 1252 1941 nuncii
1273 1905 1480 1943 adventum
1504 1912 1541 1942 et
1559 1907 1698 1943 Xerxis
1719 1919 1782 1942 re-

1122 1960 1256 2000 ditum.

1368 2075 1458 2126 Cap.
1481 2075 1522 2114 C.

1182 2182 1415 2238 Μαρδόνιος
1446 2185 1506 2235 δὲ]
1538 2188 1624 2223 Nou
1654 2185 1783 2237 sequi—

1126 2251 1188 2282 tur
1209 2245 1370 2282 verbum
1399 2244 1549 2280 finitum
1567 2273 1576 2291 ‚
1606 2241 1673 2293 sed
1699 2249 1784 2293 post

1125 2302 1247 2339 multa
1280 2300 1393 2337 verba
1423 2301 1617 2336 interiecta
1646 2300 1784 2349 legitur

1124 2355 1244 2396 πλέον
1265 2354 1398 2407 μέντοι
1411 2355 1525 2408 ἔφερέ
1543 2355 1584 2395 οἱ
1602 2353 1630 2406 ἦ
1645 2351 1782 2405 γνώμη

1123 2415 1193 2452 i.e.
1211 2412 1412 2464 praevaluit
1430 2415 1500 2463 ipsi
1527 2413 1675 2460 (secum
1689 2411 1785 2448 deli-

1123 2470 1286 2514 berami)
1309 2472 1491 2510 sententia,
1521 2471 1585 2506 Tu
1605 2468 1706 2506 conf.
1727 2469 1785 2504 al-

1119 2529 1194 2564 lata
1213 2526 1260 2562 ad
1278 2528 1397 2573 v,18
1416 2527 1500 2562 coll.
1522 2527 1585 2573 VI,
1613 2527 1700 2565 110.
1722 2523 1785 2561 Ad

1126 2585 1359 2621 locutionem
1393 2579 1606 2634 συμφορὴν
1645 2595 1785 2620 ποιευ-

1128 2655 1250 2691 μενον
1277 2639 1378 2677 conf.
1409 2646 1505 2677 nott.
1538 2638 1586 2676 ad
1605 2638 1656 2685 V,
1687 2638 1712 2678 5
1748 2644 1784 2674 et

1129 2698 1299 2744 v111,10
1322 2689 1784 2746 εῖοόδρησμὸνβουλεύ-

1131 2769 1189 2794 ειν
1206 2760 1301 2790 nott.
1320 2751 1369 2789 ad
1388 2751 1552 2798 V111,4.
1583 2753 1639 2788 De
1660 2751 1784 2787 subito

1129 2809 1335 2849 modorum
1355 2809 1559 2847 transitum
1581 2808 1715 2856 verbis,
1731 2821 1785 2854 ως
