1879 3222
508 175 957 214 CALLIOPE.
1016 179 1099 216 IX.
1348 178 1430 218 327

278 283 471 327 Ἔπειτεν
493 282 539 325 δὲ
568 283 833 337 Μαρδονίου
856 282 1031 339 δευτέρῃ
1062 283 1200 340 ἡμέρῃ
1221 283 1243 328 ὁ
1274 285 1428 339 νεκρὸς
1486 285 1762 354 ξζζῇῗξίζζῑξῆῗέἳιξῗ

178 348 415 406 ἠφάνιστο·
445 347 515 393 ὑπ’
545 349 643 393 ὅτευ
672 351 749 405 μὲν
779 348 1042 404 ἀνθρώπων,
1075 351 1123 395 τὸ
1144 351 1316 406 ἀτρεκὲς
1346 352 1428 397 οὐκ
1484 354 1557 381 “²¹¹-

150 420 263 474 Ξέχω
293 421 436 462 εἰπεῖν.
474 417 661 469 πολλοὺς
692 416 736 460 δέ
766 433 884 468 τινας
912 415 996 473 ἤδη
1024 419 1096 461 καὶ
1125 421 1489 473 παντοδαπούςὲο

176 485 344 544 ἤκουσα
380 484 525 539 θάψαι
560 484 840 543 Μαρδόνιον,
877 485 951 529 καὶ
982 487 1102 541 δῶρα
1138 487 1303 544 μεγάλα
1333 488 1432 534 οἶδα

46 288 113 335 8-1

117 728 171 765 uti
209 726 374 765 diximus
403 727 655 779 copiosissime
694 734 772 764 tra-

116 785 229 822 ctavit
251 784 424 822 starkius
443 786 470 822 l.
487 786 510 822 l.
569 786 619 822 Et
653 797 772 836 quum

115 848 261 878 veteres
282 843 507 893 plerumque
520 842 772 879 universalem

115 896 288 936 dentium
299 901 582 935 concretionem
603 911 770 935 comme-

114 962 278 1002 morent,
306 957 530 992 recentiores
551 962 699 991 tantum
712 962 770 991 ta-

114 1011 203 1056 lem,
236 1024 333 1062 quae
349 1025 427 1048 non
449 1025 591 1058 omnes,
613 1010 678 1047 sed
700 1012 770 1047 ali-

116 1075 207 1119 quot
232 1075 331 1104 certe
361 1067 491 1104 dentes
516 1066 771 1117 comprehen-

114 1123 192 1172 dat,
223 1125 417 1174 suspiceris
450 1125 580 1175 utique
606 1131 769 1168 veteres,

112 1181 179 1232 qui
200 1181 284 1217 talia
306 1188 492 1228 enarrant,
506 1180 680 1230 deceptos
692 1193 770 1217 esse

110 1243 250 1273 tartaro
298 1236 427 1274 dentes
467 1238 685 1274 involvente
733 1243 769 1273 et

108 1300 189 1330 tam
207 1292 326 1330 solid&
344 1293 466 1330 mass&
486 1295 701 1343 obtegente,
727 1299 770 1330 ut

109 1351 318 1398 intervalla,
333 1352 467 1402 quibus
479 1351 615 1399 singuli
637 1349 769 1386 discri-

107 1407 305 1443 minantur
321 1406 464 1453 dentes,
488 1407 598 1456 plane
611 1405 768 1441 delean-

108 1469 170 1499 tur
191 1469 226 1499 et
246 1476 334 1500 vere
347 1464 457 1499 unius
478 1463 567 1499 ossis
596 1461 766 1498 dentium

108 1519 239 1556 locum
269 1520 486 1569 occupantis
514 1519 654 1569 species
682 1519 767 1554 exi—

107 1582 190 1615 stat.
251 1574 331 1612 Sed
364 1577 430 1612 vix
465 1574 690 1612 crediderim
731 1581 767 1612 et

108 1629 348 1668 Herodotum
369 1639 405 1668 et
426 1632 516 1668 alios
537 1645 665 1668 rerum
676 1632 765 1667 scri-

108 1695 233 1740 ptores
279 1689 575 1725 accuratissimos
613 1687 764 1739 fideque

110 1744 347 1795 dignissimos
367 1746 419 1782 ita
439 1745 550 1782 fuisse
567 1743 763 1795 deceptos;

110 1803 202 1853 quin
222 1815 414 1839 summam
429 1801 545 1838 fidem
563 1802 701 1837 mereri
723 1802 764 1838 in

108 1858 175 1894 tali
212 1871 252 1894 re
286 1860 382 1895 mira
421 1857 642 1906 enarranda,
681 1859 764 1894 iure

110 1927 263 1965 quoque
290 1915 455 1966 posuisse
488 1913 584 1951 mihi
615 1913 766 1951 videtur

110 1969 238 2009 stark.
260 1972 296 2015 §.
330 1974 395 2011 10.
419 1973 466 2009 11
489 1983 574 2021 pag.
599 1970 763 2011 13—15

108 2040 215 2078 seqq.
275 2027 346 2072 Qui
367 2025 471 2061 idem
491 2028 551 2063 vel
583 2027 622 2061 in
635 2039 764 2062 causas

108 2082 220 2119 huius
238 2083 330 2119 mali
348 2083 540 2133 inquirens
572 2083 608 2127 ξ.
625 2084 675 2120 12
689 2083 767 2118 ori-

107 2141 239 2190 ginem
259 2152 308 2175 ex·
330 2137 495 2190 quadam
515 2137 687 2175 dentium
708 2137 767 2173 ef-

109 2196 336 2233 formatione
356 2208 434 2231 non
459 2195 571 2246 plane
599 2194 766 2245 perfecta

109 2266 182 2290 nec
211 2265 362 2303 prorsus
381 2252 551 2289 absoluta
569 2251 721 2302 repetit,
745 2264 765 2286 e

111 2308 324 2360 primordiis
344 2309 438 2356 scil„
468 2309 601 2360 quibus
634 2306 765 2344 dentes

108 2364 337 2403 inchoantur
387 2364 551 2416 indeque
592 2363 766 2401 dentium

111 2423 394 2461 concretionem
427 2420 536 2458 docet
576 2434 664 2457 cum
691 2422 766 2456 im-

112 2479 278 2530 perfecta
293 2479 406 2515 totius
435 2478 599 2528 corporis
619 2477 765 2513 forma-

111 2536 215 2573 tione
250 2535 386 2571 intima
414 2548 492 2571 esse
522 2535 766 2571 coniunctam

112 2590 400 2629 necessitudine.
463 2593 542 2627 Nec
571 2590 766 2641 improba-

115 2647 196 2685 bilis
215 2649 285 2686 viri
308 2648 521 2699 peritissimi
537 2648 764 2695 coniectura,

116 2701 213 2741 hanc
233 2703 369 2742 rudem
379 2711 414 2741 et
431 2703 650 2741 inchoatam
670 2701 767 2739 den-

116 2759 212 2797 tium
248 2761 412 2802 formam
441 2760 490 2799 ad
531 2773 591 2798 eas
635 2765 767 2811 gentes

828 738 949 778 eaque
978 732 1150 777 tempora
1169 726 1370 778 pertinere,
1402 730 1489 781 qui-

827 783 897 820 bus
929 781 1144 820 humanum
1175 796 1294 834 genus
1325 798 1404 822 non
1440 786 1489 823 ad

828 853 912 876 eam
944 842 1242 891 absolutionem,
1281 841 1356 893 qua
1385 855 1487 880 nunc

826 899 1018 947 pervenit,
1081 898 1194 935 fuerit
1241 897 1485 947 productum.

825 955 875 990 Et
886 953 980 991 illud
995 955 1130 991 merito
1142 953 1285 992 attendi
1295 955 1488 993 vultidem

827 1009 969 1058 Stark.‚
999 1009 1068 1047 hos
1091 1011 1220 1048 dentes
1241 1012 1281 1047 in
1302 1025 1424 1049 unum
1445 1027 1485 1051 os

827 1068 1065 1104 continuatos
1085 1075 1170 1118 post
1185 1068 1373 1118 proelium
1393 1071 1486 1107 Pla-

826 1129 978 1160 taeense
1015 1137 1093 1160 esse
1132 1131 1310 1174 repertos,
1349 1127 1387 1161 in
1411 1139 1486 1177 quo

826 1181 1027 1216 nationum
1047 1193 1066 1216 e
1086 1182 1344 1218 remotissimis
1366 1189 1488 1219 terra-

825 1249 911 1272 rum
933 1237 1150 1286 regionibus
1165 1240 1369 1274 accitarum
1387 1246 1424 1276 et
1437 1252 1486 1277 ex

827 1294 933 1329 omni
952 1300 1057 1343 parte
1079 1293 1233 1330 rudium
1254 1307 1297 1330 ac
1318 1295 1485 1332 ferarum

822 1350 937 1385 fuerit
947 1349 1389 1399 concursus(p.6).—Ad
1400 1365 1484 1388 ver-

823 1405 873 1441 ba
894 1402 1162 1455 πενταπήχεος
1190 1401 1337 1457 ἀνδρός
1371 1401 1487 1446 ὀστέα

824 1456 956 1511 ἐφάνη
984 1463 1127 1498 consul.
1149 1460 1278 1499 Stark.
1299 1463 1362 1500 1.l.
1377 1464 1412 1508 ξ.
1429 1466 1484 1504 22

824 1520 903 1568 p.6‚
918 1519 983 1569 qui
993 1517 1101 1554 affert
1122 1519 1298 1568 exempla
1320 1532 1369 1555 ex
1384 1521 1484 1556 anti-

825 1575 907 1626 quis
919 1575 1160 1624 scriptoribus
1169 1576 1481 1614 etrecentioribus

822 1631 1058 1680 temporibus
1076 1632 1246 1681 repetita,
1271 1631 1407 1682 quibus
1419 1645 1482 1669 sa-

821 1700 871 1723 ne
901 1686 996 1723 illud
1017 1687 1188 1735 efficitur,
1221 1688 1347 1725 virum
1368 1690 1484 1740 quin-

821 1757 895 1796 que
916 1744 1132 1781 cubitorum
1144 1745 1302 1781 existere
1317 1746 1482 1795 potuisse

818 1814 891 1838 nec
939 1800 1014 1837 fide
1059 1814 1186 1838 carere
1221 1800 1481 1838 Herodoteam

818 1858 1089 1894 narrationem.
1140 1859 1205 1894 Tu
1234 1858 1336 1896 conf.
1363 1858 1478 1895 etiam

819 1920 914 1952 nott.
935 1913 984 1951 ad
1002 1916 1032 1962 Ι,
1057 1915 1108 1955 68
1128 1928 1168 1965 p.
1191 1914 1286 1955 175.

979 2004 1073 2054 cap.
1101 2003 1317 2043 LXXXIV.

876 2080 1026 2119 ἔπειτεν
1066 2077 1131 2130 δὲ]
1205 2081 1261 2117 Ita
1312 2082 1478 2119 correxit

820 2134 1067 2184 Schaeferus‚
1100 2149 1217 2187 quem
1236 2144 1393 2174 recentt.
1413 2151 1476 2174 se—

821 2194 897 2230 cuti
926 2200 1026 2241 sunt,
1048 2199 1210 2243 excepto
1234 2191 1390 2241 memb„
1413 2194 1477 2245 qui

819 2250 1013 2300 vulgatam
1026 2248 1111 2288 ἐπεί
1124 2263 1162 2288 τε
1175 2247 1217 2288 δὲ
1237 2256 1375 2297 tuetur,
1389 2263 1478 2287 cum

821 2305 994 2356 apodosis
1015 2306 1061 2342 ab
1081 2306 1137 2353 iis,
1158 2319 1256 2357 quae
1277 2305 1324 2343 de
1350 2305 1421 2343 hac
1437 2320 1477 2343 re

822 2362 987 2414 disputat
1023 2360 1251 2410 Herodotus,
1280 2363 1393 2399 fuerit
1413 2363 1477 2399 ab-

821 2427 969 2470 sorpta3
1020 2418 1169 2458 ἔπειτεν
1213 2432 1312 2456 unus
1349 2425 1476 2456 tuetur

819 2477 949 2513 Aelius
969 2476 1171 2526 Dionysius
1191 2474 1292 2526 apud
1302 2474 1477 2514 Eustath.

820 2532 868 2570 ad
887 2534 930 2570 11.
946 2546 983 2583 p.
1008 2531 1130 2580 1158,
1151 2532 1202 2571 38
1221 2545 1251 2568 s.
1272 2531 1389 2580 1215,
1406 2534 1473 2572 33.

820 2588 883 2627 Ad
902 2588 1038 2626 verba:
1072 2585 1147 2637 ἔχει
1175 2584 1218 2626 δέ
1241 2602 1330 2626 τινα
1354 2583 1478 2638 φάτιν

822 2645 923 2683 conf.
937 2642 1079 2682 Herod.
1100 2643 1146 2691 V,
1167 2645 1219 2684 66
1239 2645 1366 2697 ibique
1377 2651 1474 2684 nott.

822 2702 958 2752 Attigit
995 2698 1155 2737 eandem
1193 2713 1275 2739 rem
1307 2702 1474 2740 Pausan.

822 2760 892 2809 lx,
914 2760 940 2799 2
961 2757 999 2803 ς.
1021 2758 1062 2797 2.
