1996 3238
482 227 536 266 16
881 225 1332 264 HERODOTI

480 334 627 390 ρέουσι
655 335 743 375 τῶν
773 331 1044 389 βαρβάρων,,
1066 334 1139 377 καὶ
1167 333 1244 377 τὸν
1274 333 1444 391 Γόργου
1481 340 1560 379 τοῦ
1590 340 1781 382 Σαλα-45

480 404 635 458 μινίωυ
673 401 871 456 βασιλέος
909 399 1120 457 ἀδελφεὸν
1165 400 1378 453 Φιλάονα,
1419 401 1495 446 τὸν
1534 403 1727 457 Χέρσιος,

450 469 662 524 ὃλόγιμον
690 467 815 511 ἐόντα
840 468 887 512 ἐν
914 471 974 524 τῷ
1007 469 1277 524 στρατοπέδῳ
1307 468 1455 523 ἄνδρα.
1483 475 1652 523 πρῶτος
1680 473 1725 516 δὲ

476 534 692 591 Ἑλλήνων
729 534 806 578 νέα
843 539 931 578 τῶν
967 537 1187 590 πολεμίων
1224 533 1308 579 εἷλε
1347 535 1459 591 οἷνὴρ
1498 536 1726 594 Ἀθηναῖος

478 601 738 659 Λυκομήδης
756 602 981 658 Λίσχρέου,
1009 604 1083 647 καὶ
1108 603 1156 647 τὸ
1184 601 1408 660 ἄριστήϊον
1436 604 1557 661 ἔλαβε
1585 601 1728 658 οὗτος.

425 732 484 780 gel
505 734 542 770 in
569 732 629 769 der
652 730 762 769 Mitte
785 730 1073 779 gegeneinander,

425 788 497 838 auf
522 788 587 826 das
607 790 724 824 zwez'te
747 787 900 824 Zez'cleen
917 790 1007 836 ging
1027 800 1074 835 es,

423 845 577 894 obgleiclt
603 846 651 880 sie
677 855 784 890 engen
803 843 924 880 Raum
944 845 1074 889 hatten,

422 901 556 950 gerade
595 913 661 937 von
700 912 801 936 vorne
836 899 949 949 draus
983 900 1075 938 los.“

426 956 829 1007 Schweighaeuserus,
879 956 945 1008 qui
983 957 1076 992 olim

423 1021 508 1068 post
527 1026 636 1050 voces
665 1009 762 1050 κατοὶ
783 1009 907 1063 στόμα
933 1011 1076 1064 aliquid

422 1069 653 1107 intercidisse
672 1075 831 1120 putarat,
865 1075 994 1119 postea
1009 1067 1076 1105 has

424 1127 520 1177 ipsas
531 1139 641 1164 voces
672 1124 979 1162 antecedentibus
1005 1138 1076 1161 an-

423 1183 525 1220 necti
536 1184 665 1229 voluit,
677 1195 744 1232 pro
768 1183 820 1218 uti
829 1183 867 1218 in
878 1182 973 1218 libro
983 1183 1074 1218 Flo-

426 1240 574 1276 rentino
588 1238 679 1275 haec
699 1240 877 1288 leguntur
896 1239 1001 1274 nulla
1013 1237 1074 1274 di-

424 1297 622 1333 stinctione
651 1296 795 1346 posita,
831 1295 882 1331 ita
909 1301 950 1330 ut
979 1293 1072 1331 haec

427 1351 562 1390 evadat
572 1353 755 1388 sententia
767 1363 776 1387 :
792 1355 849 1397 „et
861 1351 912 1388 ibi
921 1353 1074 1398 triginta

422 1422 447 1446 a
462 1408 584 1458 fronte
602 1420 708 1444 naves
726 1411 884 1456 ceperunt
905 1407 1074 1443 barbaro-

422 1465 538 1512 ‘rumf‘
570 1463 648 1501 Sed
663 1465 701 1499 in
713 1462 1072 1499 LexicoHerodoteo

424 1519 496 1556 hinc
510 1519 697 1564 sementi-St
708 1518 857 1565 relect-21,
880 1515 977 1557 κατοῖ
990 1514 1074 1558 στό-

425 1592 479 1628 μα
500 1576 624 1613 denuo
644 1588 665 1611 a
685 1576 926 1626 sequentibus
946 1575 1075 1611 seiun-

425 1634 465 1683 gi
482 1640 517 1669 et
533 1630 840 1668 antecedentibus
856 1630 966 1668 adiici
980 1632 1073 1678 vult,

427 1702 517 1726 cum
537 1687 749 1725 Herodotus
776 1687 942 1724 indicare
962 1688 1075 1724 volu-

427 1747 495 1782 erit
515 1747 550 1782 in
568 1747 643 1795 ipso
663 1757 717 1781 ore
728 1743 766 1780 id
788 1751 852 1791 est,
869 1757 885 1781 e
903 1746 1074 1794 proximo,

427 1803 578 1839 cominus
602 1800 787 1837 admodum
812 1802 920 1837 cincti
938 1807 973 1836 et
994 1813 1075 1836 con-

426 1858 517 1896 clusi
528 1861 638 1903 erant,
660 1863 701 1892 ut
718 1857 757 1892 in
770 1855 941 1907 Euripid.
961 1854 1075 1892 Rhes.

425 1912 520 1954 408.
546 1912 736 1965 Equidem
756 1910 853 1952 κατὰ
874 1909 997 1963 στόμα
1017 1925 1078 1948 ac-

426 1971 548 2020 cipio:
578 1982 621 2006 ex
644 1969 805 2013 adverso,
829 1982 851 2006 a
874 1969 998 2019 fronte
1017 1968 1076 2018 (ut

425 2026 466 2062 in
480 2026 630 2077 Polybii
641 2026 730 2061 locis
743 2038 763 2061 a
776 2023 1076 2074 Schweighaeu-

426 2095 509 2119 sero
530 2083 647 2118 allatis
671 2082 717 2128 11,
738 2084 789 2121 27
812 2082 848 2126 §.
869 2082 907 2120 8.
928 2081 1074 2127 XXXI,

425 2140 478 2178 26
500 2139 536 2183 ξ.
561 2139 611 2177 10
632 2138 715 2174 coll.
746 2136 925 2186 Xenoph.
951 2137 1075 2173 Anab.

425 2195 492 2239 111,
523 2192 549 2234 4
589 2194 625 2237 ᾗ.
656 2192 721 2232 42.
742 2194 787 2239 V,
816 2196 843 2233 2
874 2193 911 2237 ξ.
933 2195 1000 2232 26.
1030 2193 1074 2240 V,

425 2248 451 2288 4
474 2250 511 2294 ξ.
528 2251 592 2294 22,
613 2249 678 2284 ubi
698 2248 745 2285 de
765 2249 857 2285 aciei
877 2249 998 2285 fronte
1018 2249 1078 2284 lo-

427 2306 528 2342 cutio
553 2303 768 2354 adhibetur)
811 2304 925 2355 idque
960 2305 1075 2353 iungo

430 2359 738 2398 antecedentibus
771 2359 882 2411 ἔργου
914 2359 1075 2410 εἴχοντο,

429 2417 480 2454 ita
499 2424 541 2453 ut
560 2417 695 2454 vocula
713 2415 779 2456 καὶ
795 2415 1006 2466 explicandi
1023 2417 1076 2452 si-

428 2474 510 2509 mul
548 2474 743 2510 notionem
780 2473 991 2509 contineat:
1043 2475 1076 2509 et

429 2529 576 2578 quidem.
623 2532 691 2576 „In
711 2530 846 2580 pugnis
868 2528 1075 2575 navalibus,

431 2586 482 2621 ait
514 2584 961 2634 Schweighaeuser.
994 2584 1077 2634 ple-

430 2653 593 2691 rumque
622 2653 642 2676 a
673 2641 785 2677 latere
814 2642 979 2692 primum
1008 2652 1078 2689 ag—

433 2695 698 2746 grediebantur
743 2710 856 2733 naves
914 2695 1076 2743 hostiles,

433 2751 640 2792 διέκπλουν
673 2753 860 2800 facientes,
895 2760 931 2790 et
954 2764 1077 2789 remos

433 2815 610 2847 conantes
640 2807 856 2860 detergere3
890 2816 973 2847 tum
1001 2809 1078 2846 fre-

1132 738 1292 783 quenter
1324 733 1467 783 puppin
1497 731 1638 771 hostilis
1675 735 1780 771 navis

1131 795 1249 824 rostro
1290 790 1488 838 petebant:
1545 803 1648 826 nunc
1682 789 1721 826 hi
1758 804 1779 827 a

1131 844 1254 881 fronte
1270 844 1368 881 facto
1379 846 1533 895 impetu,
1554 848 1678 883 rostris
1691 860 1780 883 sua-

1131 913 1218 936 rum
1246 902 1401 937 navium
1427 902 1466 937 in
1495 900 1644 939 hostiles
1675 904 1780 940 iuxta

1130 969 1282 1007 proram
1320 958 1510 1007 impactis,
1548 959 1628 995 illas
1668 972 1780 1009 cepe-

1131 1015 1260 1050 runt.“
1297 1015 1546 1050 Locutionem
1567 1014 1681 1066 ἔργου
1702 1014 1781 1066 ἔχε-

1132 1074 1230 1108 σθαι
1257 1070 1468 1106 invenimus
1497 1072 1544 1116 11,
1577 1074 1650 1111 121
1685 1072 1722 1116 §.
1757 1074 1776 1110 1

1132 1127 1218 1162 coll.
1238 1127 1336 1174 VIII,
1360 1128 1458 1173 1083
1492 1128 1653 1163 verbum
1680 1123 1781 1165 αἶπο-

1130 1181 1390 1232 λαμφθέντες,
1427 1182 1528 1234 quod
1558 1182 1595 1223 h.
1624 1184 1649 1219 1.
1680 1182 1783 1220 idem

1128 1239 1207 1274 fere
1236 1240 1335 1276 valet
1368 1246 1480 1289 atque
1513 1236 1784 1291 περιεχόμενοι

1130 1294 1294 1342 (exclusi,
1306 1296 1517 1345 intercepti),
1538 1297 1582 1343 V,
1598 1298 1671 1335 101
1696 1296 1783 1333 coll.

1129 1352 1227 1398 VIII,
1249 1354 1314 1392 97.
1340 1353 1428 1391 108.
1447 1353 1514 1398 ΙΧ,
1538 1351 1604 1392 51.
1636 1351 1698 1388 Ad
1714 1364 1784 1401 ge-

1129 1407 1293 1444 nitivum
1332 1404 1581 1460 σημῄναντος
1624 1407 1783 1458 intellig.

1129 1465 1202 1502 τοῦ
1238 1459 1413 1513 κήρυκος
1455 1476 1485 1500 s.
1532 1465 1785 1516 σαλπιγκτοῦ,

1132 1518 1235 1570 quod
1267 1518 1371 1555 idem
1409 1531 1502 1556 mox
1530 1519 1785 1569 supplendum

1130 1574 1179 1611 ad
1208 1570 1393 1628 ἐσήμηνε.
1454 1577 1511 1611 De
1556 1588 1630 1626 qua
1665 1576 1785 1626 ellipsi

1129 1630 1207 1668 vid.
1227 1631 1361 1668 Matth.
1389 1631 1454 1668 Gr.
1484 1632 1548 1669 Gr.
1579 1632 1616 1676 §.
1638 1631 1718 1672 295
1746 1634 1785 1671 1.

1129 1689 1225 1724 Lex.
1245 1685 1490 1736 Xenophont.
1506 1687 1556 1723 IV
1576 1701 1614 1737 p.
1638 1689 1699 1727 16.
1716 1690 1784 1728 27.

1129 1742 1312 1780 Herodot.
1329 1744 1426 1790 VIII,
1443 1744 1495 1783 25
1511 1744 1592 1781 init.
1616 1765 1666 1771 —-
1692 1745 1786 1780 Mox

1131 1798 1309 1851 βασιλέος
1331 1799 1417 1836 dedi
1445 1812 1514 1850 pro
1534 1800 1638 1850 vulg.
1671 1799 1787 1851 βασι-

1131 1859 1241 1907 λῆος.

1186 1906 1432 1962 Λυκομήδης
1450 1909 1663 1962 Αἰσχρέου]
1694 1911 1786 1947 Plu-

1130 1967 1262 2006 tarcho
1303 1974 1455 2003 auctore
1492 1968 1530 2003 in
1570 1969 1642 2004 vit.
1675 1966 1785 2004 The-

1130 2024 1290 2061 mistocl.
1318 2024 1367 2064 15
1389 2023 1453 2059 fin.
1473 2037 1511 2073 p·
1535 2026 1612 2064 119
1633 2025 1676 2060 F·
1703 2023 1786 2074 Ly·-

1132 2080 1281 2117 comedes
1297 2078 1535 2116 Atheniensis
1560 2080 1598 2114 in
1621 2080 1787 2116 Salami-

1131 2138 1194 2172 nia
1214 2148 1343 2186 pugna
1363 2137 1506 2185 primus
1522 2134 1697 2172 hostilem
1716 2148 1782 2171 ce-

1132 2193 1186 2242 pit
1230 2204 1368 2228 navem
1415 2192 1570 2240 eiusque
1622 2191 1785 2240 insignia

1131 2247 1299 2297 Apollini
1325 2243 1521 2282 dedicavit.
1575 2246 1647 2282 Ubi
1682 2245 1785 2284 haud

1131 2303 1232 2339 male
1269 2303 1475 2352 suspicatur
1508 2302 1685 2347 Sintenis‚
1723 2303 1786 2339 in-

1131 2360 1278 2407 signem
1334 2370 1498 2395 errorem
1555 2358 1798 2396 commisisse·

1132 2413 1390 2460 Plutarchum,
1430 2426 1562 2465 quum,
1599 2427 1697 2466 quae
1735 2413 1784 2451 ad

1131 2471 1376 2508 Artemisium
1391 2469 1612 2518 acciderint,
1641 2469 1689 2507 ad
1710 2470 1784 2507 Sa-

1131 2528 1327 2564 laminiam
1355 2539 1523 2577 pugnam
1543 2527 1782 2565 transtulerit.

1131 2584 1206 2619 Pro
1228 2582 1419 2634 Αἰσχρέου
1440 2583 1563 2632 plures
1583 2581 1694 2618 codd.
1709 2582 1784 2621 Al-

1132 2640 1317 2689 σχραίου,·
1357 2639 1515 2675 alterum
1550 2645 1651 2675 recte
1684 2638 1783 2674 tueri

1132 2695 1280 2732 videtur
1300 2694 1602 2742 Valckenaerius,
1624 2706 1781 2743 compa-

1131 2764 1216 2787 rans
1254 2751 1389 2788 similia
1435 2752 1591 2787 nomina
1626 2750 1778 2786 Attica:

1133 2805 1316 2859 Χαιρέας,
1333 2805 1504 2859 Δημέας,
1531 2803 1714 2858 Ταυρέας.
