1879 3222
462 145 547 184 262

873 143 1326 180 HERODOTI

461 252 531 295 καὶ
559 249 778 305 Ἀργείους
806 247 1057 305 γενόμενος·
1102 249 1207 306 μετὰ
1236 251 1304 303 δὲ,
1335 250 1358 294 ὁ
1401 250 1447 293 ἐν
1478 254 1712 294 Διπαιεῦσι

464 317 574 371 πρός
607 317 818 371 Ἀρκάδας
853 317 1035 367 πάντας,
1088 317 1202 372 πλὴν
1231 317 1511 361 Μαυτινέων”

465 384 490 428 ὁ
521 386 786 441 Μεσσηνίων
815 382 839 428 ὁ
868 383 976 439 πρὸς
999 383 1179 441 Ἰθώμῃ·
1209 384 1394 436 ὕστατος
1427 385 1484 438 δὲ,
1514 383 1537 429 ὁ
1559 385 1605 428 ἐν
1628 389 1712 429 Τα-
1766 392 1848 432 710

411 579 572 615 alterum
588 591 676 616 cum
698 580 874 630 Tegeatis
895 579 1065 630 Argivis-

414 648 505 687 que,
547 636 707 672 alterum
737 649 826 673 cuin
857 636 1065 672 Arcadibus

411 693 670 737 commissum,
692 692 864 729 incidunt
894 694 989 728 intra
1013 692 1067 728 0-

411 749 530 799 Iymp.
559 749 716 793 LXXV,
744 750 769 788 2
792 756 827 785 et
856 749 1066 796 LXXVIII,

412 805 450 850 4,
491 805 712 841 observante
752 805 793 842 C.
834 805 879 841 Ο.
917 805 1066 841 Miiller.

411 861 504 897 Dor.
532 861 549 895 Ι
582 875 619 911 p.
653 862 743 906 188,
769 861 835 912 qui
863 862 998 897 merito
1019 860 1068 897 ad

413 915 507 953 haec
529 916 669 952 attendi
690 917 783 954 vult.
836 918 935 953 Nam
955 918 1069 954 unica

413 973 492 1008 fere
516 979 570 1008 est
609 974 752 1009 mentio
789 985 934 1022 eorum,
970 987 1069 1025 quae

413 1035 498 1079 post
524 1030 656 1066 Persas
692 1028 857 1066 devictos
885 1031 924 1066 iu
952 1031 1069 1067 Pelo-

413 1097 584 1135 ponneso
620 1086 720 1121 inter
749 1087 847 1136 ipsos
875 1087 1069 1137 Pelopon-

413 1142 536 1178 nesios
587 1141 806 1179 acciderint.
882 1144 1071 1194 Tegeatas

414 1197 608 1247 Spartanis
619 1199 942 1249 semperinfeusos
958 1200 1071 1237 fuisse

413 1255 610 1291 novimus:
647 1257 712 1306 qui
731 1257 961 1293 reconciliati
980 1269 1072 1293 cum

414 1310 608 1360 Spartanis
629 1312 749 1363 iisque
764 1313 893 1349 sociati
907 1326 974 1362 per
987 1314 1070 1349 bel-

412 1366 494 1402 lum
515 1368 709 1404 Persicum
737 1376 866 1418 postea
897 1369 1074 1406 disiuncti

406 1423 557 1473 ‘priores
571 1425 784 1462 inimicitias
804 1438 1004 1471 renovasse
1015 1428 1074 1464 vi-

416 1478 567 1517 dentur.
624 1480 776 1531 Argivis
797 1483 910 1518 etiam
926 1489 1074 1534 'perpe-

414 1543 496 1572 tuas
524 1537 602 1573 fere
630 1539 731 1574 rixas
763 1545 876 1590 atque
911 1547 1075 1576 conten-

415 1593 534 1628 tiones
551 1606 641 1629 cum
660 1594 856 1643 Spartanis
873 1595 986 1632 fuisse
1007 1608 1076 1632 ac·-

417 1649 610 1697 cepimus:
633 1651 775 1699 quippe
786 1663 949 1700 quorum
967 1653 1076 1701 prin-

417 1705 597 1753 cipatum,
619 1711 659 1741 ut
689 1704 854 1753 videtur,
886 1705 1075 1743 detrecta-

421 1761 510 1796 bant
536 1760 701 1812 indeque
726 1763 841 1798 etiam
861 1763 899 1797 in
922 1764 1075 1799 Persico

423 1816 520 1852 bello
542 1823 684 1853 ceteros
706 1819 867 1854 Graecos
885 1817 988 1855 haud
1008 1819 1079 1855 ad-

422 1873 614 1918 iuvabant,
635 1880 858 1911 neutrorum
880 1881 1002 1925 partes
1021 1888 1079 1912 se-

422 1930 514 1969 cuti.
543 1931 620 1966 Nec
632 1930 741 1980 plura
756 1932 864 1967 uobis
879 1933 1080 1968 innotuere

423 1984 470 2021 de
504 1985 781 2036 Spartanorum
811 1989 1078 2025 certaminibus

423 2054 512 2077 cum
553 2042 752 2079 Arcadibus
788 2044 932 2092 vicinis,
981 2057 1077 2096 quos

422 2099 581 2148 Spartae
616 2099 696 2136 sive
727 2097 968 2137 dominatum
1002 2102 1082 2139 sive

422 2155 676 2205 principatum
716 2155 814 2192 ferre
842 2158 1007 2194 uoluisse
1037 2171 1081 2195 ac

425 2210 472 2247 de
482 2223 660 2261 agrorum
671 2214 837 2250 terminis
859 2227 947 2250 cum
963 2215 1083 2265 Spar-

424 2269 520 2304 tanis
549 2267 786 2306 contendisse
817 2269 994 2306 credibile
1015 2277 1082 2308 est.

425 2325 483 2359 De
514 2323 767 2372 Do'paeeusibus
800 2326 850 2362 ita
878 2327 1083 2364 Pausanias

427 2380 572 2418 1.1.οῖ
586 2377 628 2418 δὲ
649 2385 833 2428 Διπαιεῖς
852 2381 893 2421 ἐν
907 2386 956 2438 τῇ
975 2379 1086 2422 Mm-

426 2436 543 2489 ναλίς
551 2433 722 2487 πόλισμα
732 2425 940 2489 Ἀρκάδων
955 2451 1082 2487 ησαντ

427 2494 626 2543 equibus
617 2495 704 2544 ipsis
725 2494 1083 2543 concludereliceat,

427 2549 636 2586 Pausaniae
684 2557 805 2588 aetate
858 2554 1085 2589 memoriam

429 2605 530 2640 urbis
570 2607 647 2642 iam
684 2607 920 2645 obliteratam
959 2610 1085 2659 fuisse,

432 2666 497 2695 aut
513 2662 624 2697 etiam
645 2663 763 2712 ipsam
786 2666 919 2702 urbem
940 2665 1003 2702 illa
1019 2679 1086 2703 ae-

432 2722 507 2753 tate
527 2729 604 2753 non
623 2722 782 2769 amplius
798 2723 993 2765 exstitisse,

1555 317 1623 361 ἐπὶ
1655 320 1713 372 δὲ,
1724 324 1768 359 50

1178 576 1202 620 ὅ
1222 579 1467 630 Μεσσηνίων
1487 577 1508 619 ὅ
1537 576 1636 630 πρός
1649 573 1775 618 Ἰθώ-

1123 636 1195 688 μῃ]
1229 636 1375 685 Vulgo:
1415 633 1514 687 πρός
1537 639 1590 689 τῷ
1609 631 1776 689 Ἰσθμῷ.

1121 692 1173 728 At
1183 692 1382 728 articulum
1393 693 1564 729 meliores
1573 693 1657 729 libri
1669 693 1777 742 igno-

1124 754 1207 785 rant
1241 748 1340 783 male
1368 755 1558 785 retentum
1580 761 1601 784 a
1630 747 1776 786 Sohae-

1121 805 1203 841 sero
1225 811 1260 841 et
1279 803 1472 844 Matthiae,
1530 803 1608 840 Sed
1625 799 1778 857 Ἰσθμῷ

1123 874 1256 898 omnes
1298 861 1479 911 praebent
1514 861 1642 910 scripti
1679 861 1777 909 libri,

1125 930 1218 970 quos
1235 916 1294 953 hic
1307 915 1532 954 deserendos
1546 917 1673 953 censui
1689 917 1780 952 Pal-

1124 975 1234 1011 merii
1255 975 1524 1021 coniecturam,
1537 985 1654 1025 quam
1666 974 1781 1009 etiam.

1124 1031 1300 1082 praetulit
1319 1031 1471 1080 Negris‚
1501 1036 1663 1076 secutus,
1689 1030 1781 1066 Lar-

1126 1086 1240 1124 chero
1263 1099 1416 1138 quoque
1431 1086 1630 1137 probatam
1643 1091 1679 1122 et
1694 1086 1783 1122 Sie-

1124 1144 1254 1181 belisio
1275 1142 1323 1180 ad
1344 1145 1506 1180 Pausan.
1526 1143 1550 1178 l.
1571 1142 1595 1180 1.
1617 1154 1703 1192 pag.
1716 1143 1782 1188 31,

1124 1201 1190 1253 qui
1208 1213 1324 1247 nunc,
1353 1200 1399 1236 ab
1421 1198 1557 1237 eodem
1587 1198 1785 1236 Siebelisio

1125 1256 1530 1326 cpnstitutusfflraebet:
1547 1253 1729 1304 τέταρτον
1741 1250 1784 1292 δὲ

1127 1310 1350 1365 ἠγωνίσατο
1361 1309 1460 1363 πρὸς
1486 1326 1580 1357 τους
1589 1309 1785 1380 [ubiolim

1127 1371 1228 1407 male
1248 1370 1431 1406 insertum
1443 1375 1522 1405 erat
1537 1362 1600 1415 ἵζ’
1607 1366 1786 1417 Ισθμοῦ]

1129 1426 1170 1474 ἐς
1205 1421 1390 1476 Ἰθωμην
1421 1421 1671 1471 ἀποστάντας
1700 1436 1786 1462 των

1131 1478 1325 1531 εἷλῶτωνς
1347 1480 1451 1519 addit
1466 1481 1683 1527 Pausanias,
1696 1486 1789 1516 tuno

1131 1539 1287 1592 quidem
1326 1552 1405 1576 non
1446 1550 1580 1575 omnes
1610 1536 1789 1574 defecisse

1129 1595 1286 1642 belmas,
1301 1595 1369 1632 sed
1385 1595 1612 1631 Messenicos
1626 1598 1790 1639 tantum,

1130 1653 1196 1703 qui
1225 1664 1265 1687 se
1287 1663 1308 1686 a
1337 1651 1466 1700 priscis
1487 1649 1630 1685 Helotis
1652 1648 1791 1684 abiun-

1129 1713 1277 1755 aceram,
1293 1719 1434 1758 eosque
1448 1703 1623 1756 Delphici
1641 1704 1792 1754 Apolli-

1133 1764 1190 1800 nis
1213 1776 1261 1799 ex
1282 1763 1435 1799 oraculo
1446 1769 1483 1799 et
1494 1762 1792 1798 Tisamenimo-

1133 1820 1220 1856 :nitis
1249 1832 1270 1855 a
1295 1817 1608 1856 Lacedaemoniis
1638 1815 1793 1853 foedere

1133 1875 1233 1912 facto
1264 1888 1344 1912 esse
1371 1874 1541 1912 dimissos
1568 1874 1795 1909 incolumes.

1133 1933 1299 1970 Vocatur
1311 1938 1439 1968 autem
1459 1929 1532 1967 hoc
1553 1928 1795 1966 bellumvul-

1133 2001 1183 2039 go
1205 1989 1358 2026 tertium
1387 1987 1654 2033 Messenimun,
1689 1985 1796 2022 exci-

1134 2052 1257 2082 tatum
1275 2052 1354 2081 tam
1375 2058 1395 2081 a
1421 2043 1614 2081 Messeniis
1635 2041 1795 2092 Spartae

1137 2101 1294 2139 subditis
1311 2108 1348 2137 et
1366 2103 1405 2138 in
1423 2099 1637 2137 belotarum
1652 2104 1794 2135 statum

1136 2157 1308 2204 redactis,
1319 2170 1435 2209 quam
1458 2168 1479 2192 a
1501 2156 1626 2206 priscis
1646 2153 1796 2202 helotis,

1138 2215 1198 2252 vel
1223 2220 1323 2251 certe
1351 2226 1483 2251 eorum
1506 2218 1623 2263 parte,
1653 2210 1796 2248 viribus

1139 2271 1348 2308 coniunctis
1362 2301 1370 2316 ‚
1401 2277 1437 2307 et
1463 2268 1597 2307 decem
1616 2269 1655 2304 in
1676 2278 1796 2304 annos

1139 2326 1369 2378 productum
1385 2328 1532 2364 obsessa
1554 2323 1700 2372 Ithone,
1721 2323 1746 2361 i.
1759 2335 1796 2360 e.

1141 2385 1187 2420 ab
1201 2396 1300 2419 anno
1315 2383 1535 2424 465-456
1557 2395 1590 2420 a.
1603 2379 1692 2417 Chr.
1711 2391 1751 2415 n.
1763 2391 1794 2418 s,

1141 2434 1794 2491 013111p.LXXV111,4-LXXX1‚

1146 2499 1180 2535 1.
1200 2495 1285 2533 vid.
1301 2494 1522 2549 Thucydid.
1542 2495 1572 2540 I,
1590 2494 1682 2533 101.
1700 2492 1794 2527 Dio-

1143 2552 1224 2590 dor.
1237 2554 1312 2592 Sic.
1333 2556 1402 2595 XI.
1422 2552 1487 2593 64.
1516 2522 1705 2587 Pliitarcli.
1730 2547 1795 2584 Ci-

1142 2623 1247 2646 mon.
1278 2613 1326 2651 16
1356 2610 1442 2647 coll.
1461 2604 1691 2645 Dablinaun.
1715 2605 1795 2639 He·-

1142 2665 1225 2703 rod.
1253 2677 1339 2716 pag.
1366 2668 1418 2707 39
1447 2671 1483 2700 et
1517 2662 1559 2698 C.
1582 2662 1625 2697 Ο.
1645 2661 1795 2701 muller.

1142 2724 1231 2763 Dor.
1249 2724 1266 2759 I
1286 2736 1324 2773 p.
1349 2722 1438 2763 189.
1469 2720 1552 2765 Quo
1573 2717 1691 2768 inagis
1720 2717 1795 2754 mi-
