1996 3238
589 180 930 218 URANIA
986 180 1116 220 V111.

1371 182 1458 223 2⁰5

200 290 453 349 παρήσομεν
481 287 622 341 οὕτω,
652 288 765 340 ὅκως
786 288 841 332 ἂν
861 289 1044 346 ἔχωμεν,
1076 289 1208 336 οὐδὲν
1225 290 1457 343 λυπέοντες

203 359 350 417 ὑμέας.
406 360 508 401 Νῦν
543 358 611 410 δὲ,
652 356 710 409 ὦς
749 356 863 401 οὕτω
904 358 1110 414 ἐχόντων,
1155 359 1363 417 στρατιήν
1400 358 1458 411 ὥς

174 428 405 483 7,,τοέχιστα
436 425 679 482 ἐκπέμπετε.
739 423 798 477 ὦς
829 424 913 480 γὰρ
943 425 1068 481 ἡμέες
1097 427 1340 482 εἰκάζομεν,
1372 425 1457 471 οὐκ

201 496 331 551 »ἑκὰς
358 491 522 550 χρόνον
545 495 755 549 παρέσται
785 491 808 538 ὁ
832 493 1060 550 βάρβαρος
1084 493 1280 550 ἐσβαλών
1309 495 1350 546 ἐς
1378 495 1514 552 τήν7ο

199 561 452 619 ,,ἡμετε’ρην,
482 562 572 607 ἀλλ’
601 563 775 608 ἐπειδάν
804 562 980 618 τάχιστα
1009 561 1204 618 πύθηται
1233 562 1314 618 τήν
1335 562 1460 619 ἄγγε-

199 631 342 685 ,,λίην,
368 629 435 675 ὅτι
456 631 587 676 οὐδὲν
606 631 847 689 ποιήσομεν
869 635 956 675 τῶν
979 630 1144 681 ἐκεῖνος
1162 628 1308 686 ἡμέων
1325 642 1459 685 προσ-

170 698 388 751 8,,εδὲετο.
437 699 553 781 ίπρὶν
594 703 658 744 ὠν
695 705 898 755 παρεῖναι
931 699 1100 743 ἐκεῖνον
1139 699 1181 750 ἐς
1219 696 1298 754 τὴν
1324 697 1459 742 ’Atu-

195 765 335 822 ,,κὴν,
366 764 502 823 ἡμέας
523 767 676 823 καιρός
695 769 782 812 ἐστι
807 771 949 825 προσβ
972 771 1123 833 γθῆσαι
1152 767 1195 818 ἐς
1222 766 1302 823 τὴν
1326 770 1461 810 Βοιω-

195 836 331 891 ,,τίην.
336 839 361 858 “
419 835 473 876 Οἱ
501 835 606 890 μὲν,
641 840 779 880 ταῦτα
804 835 974 893 ὑποκρι

195 900 527 948 ἀπαλλάσσοντο
556 904 600 956 ἐς
627 907 851 963 Σπάρτην.

136 1089 233 1139 568,
265 1092 285 1130 1
317 1103 406 1141 pag.
432 1092 554 1132 1123.
611 1091 639 1129 S

136 1145 236 1185 hanc
286 1147 522 1185 locutionem
621 1151 796 1200 quentari

135 1211 244 1242 notat
257 1203 566 1244 Valckenaerius.
610 1205 678 1243 Cr.
699 1220 796 1244 con-

135 1261 225 1298 ferri
243 1262 323 1300 vult
342 1262 426 1299 Ast.
441 1261 488 1298 ad
507 1263 658 1300 Platon.
679 1264 794 1302 Polit.

134 1319 272 1367 11‚20
301 1331 389 1370 pag.
423 1316 503 1360 435
543 1320 797 1371 seq.Ve1-ba

135 1370 231 1422 ἕκοῖς
256 1373 403 1427 χρόνου
432 1376 554 1426 attigit
573 1375 709 1418 Matth
731 1379 797 1414 Gr.

135 1432 202 1470 Gr.
219 1433 254 1478 ξ.
277 1430 358 1473 340
378 1445 416 1482 p.
433 1431 526 1481 649,
549 1434 615 1484 qui
633 1432 738 1470 idem
761 1436 799 1480 §-

135 1488 217 1530 355
241 1495 334 1526 nott.
365 1492 391 1530 2
414 1501 502 1539 pag.
525 1491 606 1530 669
627 1489 676 1528 de
697 1498 798 1528 stru-

136 1552 243 1583 ctura
262 1546 367 1584 verbi
379 1546 611 1597 προσεδέετο
624 1561 712 1584 cum
723 1547 798 1585 du-

132 1602 225 1653 plici
244 1603 412 1653 genitivo
434 1603 580 1640 consul.
608 1606 666 1640 De
686 1606 797 1642 locu-

134 1660 240 1696 tione
258 1662 448 1712 παρεῖναι
467 1659 524 1708 εἰς
534 1674 571 1698 τι
589 1661 795 1702 confinott.

133 1715 183 1754 ad
207 1718 236 1766 Ι,
257 1719 326 1758 21.

189 1827 317 1880 ’ἡμέας
346 1826 483 1882 καιρός
515 1829 615 1881 ἔστι]
648 1827 796 1868 Sohae-

134 1885 248 1933 ferus,
270 1900 386 1939 quem
398 1889 568 1940 sequitur
579 1886 793 1936 Bekkerus,

135 1943 261 1980 invitis
281 1943 394 1980 codd.
417 1943 520 1982 dedit
548 1943 686 1992 ὕμέας,
719 1944 794 1981 du-

136 1998 230 2035 dum
259 2000 443 2050 probante
476 2000 727 2038 Valckenaer.
757 2007 794 2038 et

134 2056 368 2107 Wesseliug.
389 2056 438 2093 ad
457 2058 526 2105 IX,
548 2059 588 2098 7.
630 2058 794 2094 Athene

136 2111 355 2165 Schweigh.
390 2112 518 2166 ἡμέας
546 2120 691 2154 tuetur:
732 2127 794 2152 nos

786 1092 940 1130 'i..e

1012 1091 1187 1130 henienses
1216 1102 1294 1128 cum
1324 1087 1514 1127 Lacedae-

858 1151 995 1225 moniis,
1017 1150 1134 1187 citans
1154 1149 1224 1196 IX,
1246 1150 1286 1189 6.
1307 1149 1345 1187 7.
1364 1167 1421 1174 -—
1449 1146 1515 1182 Io-

850 1220 988 1244 mcum.
1001 1207 1294 1257 προσβωθῆσαι
1316 1205 1514 1251 (accurrere

850 1264 900 1301 acl
926 1264 1114 1311 Grsszeciam
1144 1260 1394 1313 defendendam
1425 1259 1515 1298 Per-

853 1319 1184 1370 sasqueuzrcendos)
1195 1318 1352 1368 servavi,
1373 1329 1516 1369 quam-

855 1390 972 1429 quam
991 1378 1116 1427 plures
1137 1375 1250 1416 codd.
1272 1374 1515 1426 προβοηθῆ-

854 1445 934 1474 σαι.
990 1435 1022 1470 V
1026 1433 1078 1474 id.
1105 1434 1203 1480 VIII,
1228 1434 1247 1471 1
1270 1432 1399 1483 ibique
1418 1436 1515 1467 nott.

912 1489 954 1530 οἷ
975 1488 1046 1541 μὲν
1067 1511 1119 1517 -
1143 1484 1444 1528 ἅπαλλάσσοντο
1475 1485 1515 1533 ἒς

855 1543 1064 1598 Σπάρτην]
1096 1547 1200 1583 Haec
1233 1546 1372 1593 verba,
1413 1556 1513 1596 quae

851 1604 968 1654 vulgo
983 1604 1076 1640 noni
1087 1604 1171 1640 libri
1190 1602 1298 1638 initio
1317 1603 1512 1652 leguntur,

850 1661 1104 1704 Florentinus,
1131 1658 1350 1706 medicem,
1380 1658 1444 1694 alii
1463 1656 1513 1694 ad

852 1719 976 1755 octavi
987 1718 1073 1754 libri
1083 1717 1200 1753 finem
1212 1716 1407 1764 reiiciunt‚·
1425 1715 1514 1767 qui-

851 1775 921 1812 bus
944 1788 1034 1811 cum
1054 1780 1212 1811 receutt.
1239 1772 1326 1810 edd.
1350 1773 1514 1810 obsecu-

850 1838 910 1869 tus
922 1845 1020 1873 sum.
1042 1832 1142 1877 Quin
1158 1830 1397 1867 Florentinus
1417 1826 1513 1868 haec

852 1888 988 1926 eadem
1023 1889 1141 1926 verba
1163 1888 1256 1924 noni
1288 1887 1375 1923 libri
1403 1886 1513 1924 initio

850 1947 1006 1996 repetit:
1029 1944 1132 1998 quod
1153 1943 1258 1981 idem
1271 1944 1418 1980 factum
1433 1957 1513 1981 esse

850 2002 1017 2040 vidimus
1049 2002 1202 2053 septimi
1239 2001 1326 2037 libri
1352 2001 1393 2036 in
1418 2001 1511 2040 fine.

853 2079 902 2086 —
916 2058 977 2095 Ad
998 2060 1159 2095 verbum
1177 2055 1513 2109 ’ὑποκριναμένων

851 2115 954 2154 conf.
977 2114 1116 2153 Suidas
1147 2127 1178 2152 s.
1197 2126 1236 2153 v.
1257 2114 1312 2151 111
1325 2128 1366 2166 p.
1386 2113 1482 2157 556.

403 2320 732 2368 ‘HPOAOTOY
758 2321 1097 2370 ’ἹΣΤΟΡΙΩΝ
1150 2321 1231 2367 Η’.
