1996 3238
50 459 55 491 -·
45 211 60 421 v—-—-*N<-—m

155 522 194 548 sis
229 524 422 559 praemissae,

155 563 232 594 qnae
276 557 426 585 Euboeam

154 594 425 625 circumvectaepo—

155 623 286 657 citaeque
300 623 421 659 Euripo,

154 655 254 688 surgam
297 658 423 685 Graecis

154 689 397 720 intercluderent.

484 250 538 289 10
885 248 1335 286 HERODOTl

484 354 782 410 ἐκφεύξεσθαι’
834 356 919 399 ἔδει
953 357 999 400 δὲ
1028 357 1134 413 μηδὲ
1167 356 1426 411 πυρφόρον,
1465 362 1524 417 τῷ
1553 358 1726 403 ἐκείνων

393 427 425 471 7
483 421 619 480 λόγῳ,
669 423 916 477 ἐκφυγόντα
952 423 1265 479 περιγενέσθαι.
1335 425 1453 477 Πρὸς
1495 433 1630 470 ταῦτα
1669 422 1731 470 ὦν

156 487 255 517 Nares
264 489 313 516 CO
327 497 342 516 a
353 490 424 517 Per-

478 490 578 534 τάδε
597 489 893 546 ἐμηχανέοντο.
950 495 1038 534 τοῖν
1066 495 1178 534 νεῶν
1198 490 1398 534 ἁπασέων
1420 489 1729 546 ἀποκρίναντες

484 560 715 614 διηκοσίας,
743 557 1034 614 περιέπεμπον
1067 558 1224 610 ἔξωθεν
1253 557 1471 610 Σκιάθου,
1503 558 1562 610 ὥς
1587 559 1642 602 ἂν
1671 560 1728 616 μή

478 625 675 680 ὀφθέωσι
703 625 789 669 ὑπὸ
823 631 908 668 τῶν
936 627 1153 679 πολεμίων
1182 626 1505 679 περιπλώουσαι
1534 626 1783 680 Εὕβοιαν35

482 690 590 737 κατά
617 709 662 737 τε
683 693 895 749 Καφηρέα
924 693 997 736 καὶ
1023 693 1121 747 περὶ
1155 694 1398 749 Γεραιστόν,
1432 694 1474 745 ἐς
1502 695 1577 738 τὸν
1598 693 1729 749 Εὔρι-

426 878 543 917 quare
573 864 637 902 vix
657 877 750 916 opus
781 865 966 915 corrigere
987 863 1077 916 μέλ-

425 925 521 960 λωσι
584 921 645 958 vel
713 919 912 972 μέλλοιεν,
970 921 1074 973 quod

425 976 786 1028 Schweighaeusero
829 980 869 1014 in
907 985 1078 1014 mentem

425 1040 590 1081 venerat,
621 1035 687 1086 qui
721 1033 814 1071 haec
841 1036 921 1086 ipsa
951 1036 1076 1071 minus

426 1097 599 1127 accurate
628 1092 679 1126 sic
708 1093 994 1141 interpretatur:
1034 1104 1077 1128 ne

425 1168 480 1173 —
499 1158 569 1184 nox
588 1145 772 1196 fagientes
790 1150 952 1198 reciperet
971 1147 1077 1185 adeo-

425 1216 488 1253 que
516 1202 610 1240 salvi
639 1203 698 1240 illi
730 1205 949 1241 evaderent.“
1000 1204 1076 1240 Ubi

423 1260 569 1296 nullam
610 1273 760 1309 prorsus
787 1262 974 1297 rationem
1003 1258 1075 1296 ha-

422 1315 505 1352 buit
524 1317 680 1352 voculae
702 1317 841 1367 δῆθεν,
863 1316 909 1353 de
931 1329 1005 1367 qua
1026 1317 1074 1354 cf.

423 1373 510 1409 citt.-
525 1371 573 1408 ad
596 1385 679 1422 cap.
702 1372 740 1411 5.
768 1394 823 1400 -—
850 1375 893 1408 In
915 1372 1073 1409 Tauch-

422 1429 512 1464 nitZ.
547 1426 632 1465 edit.
663 1430 758 1464 min.
780 1436 921 1465 exstat:
953 1443 1073 1467 κατα-

421 1479 549 1537 λάβῃ
580 1478 608 1537 ᾗ
630 1483 697 1522 καὶ
728 1483 886 1534 ἔμελλον
918 1499 955 1523 κ.
981 1499 1015 1522 τ.
1037 1487 1071 1523 λ.

479 1538 557 1578 ἔδει
585 1536 628 1578 δὲ
656 1537 755 1590 μηδὲ
783 1537 993 1592 πυρφόρον
1021 1563 1066 1568 -

421 1590 646 1646 ἐκφυγόντα
656 1595 951 1648 περιγενέσθαι]
974 1598 1071 1633 Pro-

421 1652 576 1690 verbiali
594 1653 729 1689 Noster
748 1654 864 1690 utitur
881 1654 1072 1690 locutione

422 1707 470 1745 de
488 1709 550 1753 iis,
570 1709 635 1759 qui
655 1707 703 1745 ad
722 1722 843 1745 unum
860 1722 990 1746 omnes
1010 1711 1073 1745 iu-

420 1765 638 1801 ternecione
663 1773 843 1816 pereunt,
872 1766 923 1802 ita
957 1772 998 1802 ut
1022 1779 1073 1802 ne

424 1834 519 1858 unus
550 1821 705 1872 quidem
742 1824 921 1873 supersit,
957 1821 1073 1859 cladis

421 1879 575 1914 nuntius
596 1879 661 1929 qui
681 1879 738 1925 sit,
760 1886 801 1915 ut
823 1878 965 1916 disertis
985 1892 1072 1916 ver-

420 1934 475 1970 bis
494 1932 618 1984 prodit
635 1934 790 1972 Diodor.
817 1937 884 1983 XI,
912 1938 979 1982 23,
1007 1936 1074 1972 ubi

420 1989 496 2026 vid.
525 1991 756 2040 Wesseling.
796 1993 854 2027 De
880 1993 960 2041 ipso
979 2004 1071 2041 pro-

421 2046 549 2082 verbio
570 2047 686 2083 citant
701 2046 861 2084 Suidam
876 2061 905 2084 s.
923 2061 959 2084 v.
977 2043 1071 2086 ου’δὲ

419 2098 628 2153 πυρφόρος
646 2104 683 2139 II
711 2117 751 2153 p.
778 2106 871 2143 732.
922 2104 1068 2140 Zenob.

420 2159 527 2195 Ceut.
555 2159 599 2206 V,
622 2158 689 2199 34.
710 2160 870 2208 Diogen.
899 2160 979 2205 VII,
1004 2159 1069 2199 15.

418 2213 548 2251 Schol.
578 2213 627 2250 ad
663 2214 833 2265 Euripid.
873 2213 1067 2254 Phoeniss.

421 2272 525 2310 ‘1336
556 2283 642 2320 pag.
667 2269 740 2310 141
775 2269 907 2307 Vale-k.
937 2268 1067 2307 Schol.

420 2325 467 2362 ad
483 2327 642 2376 Gregor.
660 2327 837 2365 Nazianz.
860 2327 952 2364 Stel.
973 2328 1008 2361 11
1028 2340 1067 2375 p.

420 2383 486 2421 92.
524 2383 580 2419 Ac
609 2378 814 2433 πυρφόρος
834 2383 982 2432 proprie
1007 2381 1067 2418 di-

422 2439 575 2474 cebatur
601 2439 679 2475 sive
699 2438 870 2475 sacerdos
896 2440 972 2476 sive
992 2439 1067 2474 ini-

419 2494 535 2530 nister
553 2493 697 2543 igm’fhr,
719 2497 783 2547 qui
802 2497 840 2531 in
863 2495 1067 2545 Spartano-

422 2563 506 2586 rum
519 2550 818 2600 expeditionibus
828 2551 950 2588 facem
960 2565 1066 2588 exer-

422 2606 510 2642 citui
520 2607 763 2656 praeferebat,
779 2621 927 2645 sacrum
937 2608 1067 2658 ignem

422 2675 550 2698 secum
586 2664 754 2712 gestabat
793 2665 946 2716 ipseque
978 2663 1065 2700 inde

422 2726 676 2756 sacrosanctus
713 2717 931 2757 habebatur.
995 2721 1067 2766 Qui

423 2774 511 2811 iude
532 2776 562 2812 si
582 2776 825 2824 occubuisset,
854 2790 986 2814 omnes
1006 2790 1067 2812 re—

422 2833 559 2884 liquos,
587 2832 637 2869 ita
664 2838 704 2869 ut
732 2846 779 2869 ne
808 2834 959 2870 nuntius
980 2833 1067 2885 qui-

1134 865 1223 903 dem
1237 867 1457 904 calamitatis
1472 872 1691 917 superesset,
1714 866 1783 903 ob-

1132 924 1215 960 iisse
1245 923 1432 960 dicebant.
1484 922 1568 961 Vid.
1603 921 1783 973 Xenoph.

1131 982 1188 1016 De
1210 981 1353 1030 republ.
1373 978 1511 1016 Laced.
1534 980 1626 1015 XIII
1647 980 1682 1024 ξ.
1701 982 1739 1018 2.
1757 981 1779 1017 3
1830 980 1834 981 ⁷

1132 1037 1219 1074 coll.
1248 1037 1373 1076 Sturz.
1402 1037 1498 1074 Lex.
1532 1034 1782 1086 Xenophont.
1823 1046 1827 1048 ’

1131 1094 1183 1129 111
1214 1106 1301 1144 pag.
1329 1095 1425 1133 766.
1464 1092 1566 1129 Scite
1596 1091 1784 1142 proverbii

1131 1150 1211 1186 vim
1269 1149 1468 1187 vernacule
1516 1149 1568 1184 sic
1620 1146 1783 1184 reddidit

1131 1207 1283 1255 Lange:
1329 1217 1388 1252 „es
1412 1205 1510 1240 sollte
1536 1204 1627 1241 auch.
1653 1203 1785 1241 keinc

1131 1261 1180 1299 M
1189 1276 1241 1299 au
1252 1277 1267 1298 s
1287 1260 1588 1298 (ΙαυοηΙῑοηιηιωι.ιι

1351 1318 1442 1367 Cap.
1474 1317 1554 1353 VII.

1186 1372 1334 1420 ἔξωθεν
1366 1369 1571 1420 Σκιάθου]
1620 1372 1678 1408 De
1708 1369 1790 1407 hac>

1127 1430 1250 1466 insuta
1270 1428 1346 1466 vid.
1366 1436 1461 1466 nott.
1482 1428 1530 1465 ad
1549 1428 1628 1476 VII,
1653 1429 1745 1467 176.

1184 1481 1284 1524 κατά
1314 1499 1354 1524 τε
1383 1484 1578 1536 Καφηρέα
1606 1482 1674 1522 καὶ
1693 1481 1784 1534 περὶ

1129 1538 1362 1590 Γεραιστόν]
1415 1541 1508 1578 Sine
1544 1541 1641 1577 iusta
1671 1551 1783 1575 causa

1129 1596 1375 1644 Schaeferus,
1419 1608 1534 1647 quem
1570 1594 1704 1633 Matth.
1745 1602 1782 1632 et

1127 1652 1254 1690 Bekk.
1275 1654 1392 1690 secuti
1406 1659 1504 1704 sunt,
1527 1651 1663 1689 delevit
1677 1649 1780 1701 περὶ,

1129 1708 1233 1760 quod
1274 1722 1404 1746 omnes
1441 1707 1552 1746 codd.
1603 1708 1779 1745 retinent.

1133 1766 1337 1816 Caphereus
1374 1764 1567 1802 dicebatur
1596 1776 1780 1815 promon->

1127 1824 1269 1860 torium
1303 1823 1473 1858 maxime
1505 1822 1779 1871 importunum,

1129 1878 1177 1916 ad
1205 1878 1308 1931 quod
1337 1880 1428 1916 olim
1453 1878 1593 1915 fecerat
1622 1877 1779 1913 naufra-

1127 1937 1235 1986 gium
1255 1937 1486 1972 Graecorum
1517 1934 1638 1971 classis
1658 1931 1778 1972 Troia

1126 1999 1329 2039 revertens,
1349 1993 1387 2027 in
1400 1992 1579 2027 Euboeae
1596 1988 1778 2026 meridio-

1126 2049 1221 2085 nalis
1241 2049 1345 2098 apice
1356 2048 1470 2084 situm
1491 2060 1511 2083 e
1531 2047 1685 2096 regione
1697 2046 1778 2081 An-

1127 2103 1183 2140 dri
1214 2105 1367 2143 insulae,
1404 2106 1514 2140 Nunc
1547 2103 1665 2139 fertur
1692 2102 1777 2138 loco

1124 2173 1267 2196 nomen
1299 2154 1526 2209 ξυλοφᾶγον
1555 2158 1599 2205 (i.
1623 2172 1654 2193 e.
1674 2158 1776 2204 ligna

1124 2214 1306 2264 devorans)
1329 2216 1392 2251 vel
1413 2214 1508 2263 Capu
1533 2213 1655 2252 d‘Oro.
1689 2214 1776 2249 Non

1122 2273 1288 2307 inultum
1306 2268 1396 2306 hinc
1407 2269 1574 2306 'distabat
1589 2270 1775 2307 Geraestus

1125 2334 1162 2363 et
1190 2327 1278 2363 urbs
1310 2333 1346 2363 et
1378 2333 1516 2376 portus,
1561 2325 1666 2362 cuius
1697 2326 1775 2362 iam

1124 2383 1225 2432 apud
1247 2385 1457 2419 Homerum
1476 2382 1620 2419 mentio
1640 2380 1772 2432 Odyss.

1123 2441 1187 2487 ΙΙΙ,
1210 2442 1301 2479 177.
1350 2441 1416 2476 Tu
1445 2438 1522 2476 vid.
1551 2437 1771 2489 Thucydid.

1122 2498 1187 2544 111,
1201 2499 1225 2536 3
1246 2496 1338 2547 ibiq.
1354 2497 1490 2532 Wasse
1511 2502 1547 2531 et
1564 2496 1697 2545 Poppo
1720 2495 1772 2531 T.

1121 2554 1151 2589 1.
1172 2556 1199 2593 2
1218 2564 1304 2601 pag.
1326 2554 1418 2592 270.
1461 2549 1596 2588 Adhuc
1616 2556 1770 2589 vocatur

1124 2609 1266 2647 Gerc'sto
1286 2622 1313 2644 s.
1341 2608 1474 2645 Castri-

1178 2666 1234 2700 De
1250 2664 1389 2713 Euripo
1404 2664 1505 2701 conf.
1521 2670 1616 2700 nott.
1630 2661 1678 2700 ad
1690 2663 1768 2710 Vll,

1129 2724 1218 2760 173,
1258 2743 1311 2747 —
1370 2721 1412 2756 In
1456 2720 1530 2756 sine
1569 2733 1652 2770 cap.
1683 2725 1768 2755 ante

1124 2772 1299 2827 α’ριθμδν
1311 2776 1464 2826 quidam
1481 2775 1592 2815 codd.
1605 2775 1767 2813 offerunt

1123 2830 1207 2882 τόν,
1237 2840 1275 2868 ut
1295 2833 1374 2879 vll,
1395 2832 1459 2873 59.
