1879 3222
189 155 272 196 662
784 153 1130 190 ADDENDA

408 275 429 297 a
453 266 551 308 patre
573 260 735 296 historiae
757 261 810 295 vel
833 261 945 306 potius
973 261 1017 295 ab
1049 260 1111 302 iis,
1136 271 1221 305 quos
1255 264 1410 294 auctores
1448 261 1504 295 ille
1536 266 1671 297 secutus

413 309 478 349 sit,
503 309 642 342 ssuvinm
663 307 794 341 Tanain
819 308 931 350 (Don)
957 318 1031 340 cum
1054 308 1151 350 Tyra
1175 308 1364 350 (Dnjestr),
1391 306 1449 350 qui
1472 308 1577 342 Dario
1601 310 1673 353 pri-

411 365 483 387 mus
501 354 604 387 fuerit
619 353 845 391 traiiciendus.
869 354 1038 386 confusum
1062 364 1136 385 esse
1152 353 1290 386 dixeris.
1331 352 1466 386 Minime
1490 354 1576 388 enim
1599 366 1674 388 esse

407 406 685 439 consentaneum,
720 399 899 432 Persarum
923 399 1035 443 copias
1059 402 1190 439 tantas,
1227 398 1374 432 omnibus
1398 399 1441 432 ad
1465 399 1588 432 victum
1613 412 1674 434 ne·

410 446 566 478 cessariis
588 446 702 486 rebus,
728 444 760 477 in
787 444 900 488 primis
924 455 1012 488 aqua
1034 443 1172 488 potabili
1196 443 1373 477 destitutas
1396 450 1463 477 tam
1489 444 1588 489 longa
1611 447 1671 479 de-

409 494 501 524 serta
535 496 602 524 tam
625 490 722 523 brevi
744 494 894 535 tempore
917 500 1092 534 permeare
1125 494 1160 522 et
1189 488 1234 523 ad
1257 489 1390 523 Tanain
1424 501 1529 535 usque
1553 502 1674 536 perve-

411 535 485 569 nire
534 535 669 570 otuisse.

196 589 273 624 pag.
308 579 375 614 499
411 581 470 615 lin.
506 548 559 615 12
617 580 792 615 Eichwald
825 580 849 614 l.
878 580 900 613 l.
941 591 1020 624 pag.
1054 580 1076 612 9
1107 589 1179 623 seq.
1222 589 1322 612 voces
1351 576 1419 622 τήν
1452 579 1673 625 καλεομένην

409 627 575 670 ,Μαιῆτιν
605 639 626 660 a
648 627 794 660 librariis
816 637 991 670 perperam
1024 624 1159 658 additas
1191 635 1267 657 esse
1290 630 1406 658 censet
1435 627 1547 660 verbis
1576 633 1673 660 ante-

408 672 621 706 cedentibus:
647 670 682 711 ἐς
705 669 771 715 τήν
797 672 944 714 λίμνην,
977 682 1065 714 quae
1087 670 1129 703 de
1153 671 1227 703 lacu
1251 669 1390 713 quodam
1418 681 1523 716 prope
1556 673 1671 706 urbem

410 718 517 752 Pinks
540 718 573 751 in
596 718 797 758 Lithuania,
821 717 912 750 cuius
935 715 1082 759 vestigia
1106 716 1216 749 adhuc
1242 715 1503 759 conspiciantur,
1532 718 1674 762 intelligi

409 764 494 797 vult.
557 764 686 797 Oarum
710 763 846 796 fluvium
861 787 870 803 ,
896 762 990 795 cuius
1014 773 1090 794 mox
1114 760 1204 806 apud
1227 761 1433 794 Herodotum
1457 764 1600 804 mentio,
1621 765 1674 797 vi-

407 808 480 842 deri
514 809 563 842 ait
585 820 661 842 esse
683 808 819 841 fluvium
845 807 984 851 Iloryn:
1012 808 1142 852 Syrgin
1167 817 1252 839 nunc
1274 807 1387 840 vocari
1410 808 1502 851 Styr,
1538 809 1675 843 Tanain

409 854 476 888 dici
499 855 577 888 Lan
613 861 647 887 et
669 855 798 897 Lycum
832 852 971 886 fluvium
1003 864 1078 886 esse
1101 853 1240 886 Siutsch
1263 852 1317 886 vel
1340 852 1424 886 Pina
1453 859 1518 887 etc.
1575 855 1674 895 Quae

408 899 486 943 ipsa
508 911 607 944 quam
630 900 759 932 incerta
783 899 862 940 sint,
889 909 984 931 nemo
1009 910 1073 931 non
1097 899 1202 933 videt.
1682 941 1687 944 .

194 951 272 985 pag.
303 941 371 977 500
403 945 497 989 (cap.
532 945 627 988 124.)
658 945 714 977 lin.
748 946 779 978 1.
834 944 944 977 Voces
975 941 1012 983 ἐς
1043 942 1112 987 τὴν
1146 941 1280 987 ἐρῆμον
1312 943 1400 976 idem
1424 943 1613 978 Eichwald.
1647 947 1673 979 l.

406 990 430 1024 l.
454 1001 532 1034 pag.
552 992 604 1025 12.
633 991 739 1023 refert
761 989 803 1023 ad
827 989 998 1033 planitiem
1023 989 1203 1030 desertam,
1229 990 1280 1022 cui
1305 1001 1444 1023 nomen:
1471 991 1528 1024 die
1543 992 1675 1025 Aurat-

405 1037 530 1080 gesche
562 1036 759 1070 Hochebene
792 1035 923 1080 sibique
954 1035 1063 1069 videri
1099 1035 1193 1068 addit
1227 1035 1364 1068 Darium
1397 1036 1588 1076 pervenisse
1631 1037 1675 1071 ad

405 1082 532 1123 locum,
553 1083 610 1127 qui
633 1093 720 1115 nunc
743 1085 882 1115 vocatur
904 1082 1050 1115 Saslaw.
1096 1081 1188 1115 Idem
1211 1081 1234 1114 l.
1259 1081 1280 1115 l.
1304 1093 1338 1125 p.
1366 1082 1419 1117 13.
1442 1086 1535 1115 recte
1557 1082 1676 1116 obser-

405 1132 487 1168 vat,
511 1127 650 1161 castella
671 1127 729 1160 illa
743 1152 753 1170 ,
777 1138 865 1172 quae
888 1138 908 1160 a
932 1127 1037 1161 Dario
1061 1126 1125 1161 hac
1148 1127 1181 1160 in
1204 1133 1296 1160 terra
1318 1132 1492 1160 exstructa
1515 1139 1590 1162 esse
1612 1140 1676 1172 pa-

404 1175 459 1205 ter
489 1172 650 1207 historiae
671 1178 826 1215 enarrat,
861 1172 957 1206 simili
989 1177 1083 1206 certe
1106 1172 1244 1206 consilio
1276 1176 1391 1206 erecta
1421 1173 1526 1206 fuisse
1550 1173 1674 1215 videri,

403 1229 470 1261 quo
496 1218 607 1263 Cyrus
643 1224 678 1251 et
700 1218 800 1252 multo
825 1223 902 1262 post
924 1218 1112 1252 Alexander
1148 1219 1236 1252 idem
1267 1218 1301 1251 in
1326 1218 1407 1252 Asia
1441 1219 1483 1252 ad
1508 1220 1617 1252 Oxum
1640 1231 1670 1253 s.

402 1263 573 1298 Iaxartem
596 1263 717 1298 fecisse
739 1269 939 1306 narrentur,
973 1268 1012 1298 ut
1034 1264 1106 1299 scil.
1132 1264 1331 1308 Scytharum
1366 1264 1571 1310 aliarumque
1593 1277 1677 1310 gen-

402 1309 487 1342 tium
519 1311 561 1343 ab
592 1310 836 1343 incursionibus
857 1316 982 1343 terram
1007 1309 1169 1354 reliquam
1194 1310 1374 1343 redderent
1396 1314 1514 1345 tutam.
1576 1311 1678 1351 Quod

401 1365 483 1388 vero
514 1356 635 1389 asserit
666 1355 879 1394 Herodotus,
914 1355 982 1389 ista
1014 1356 1153 1390 castella
1185 1367 1248 1389 sua
1280 1355 1385 1400 ipsius
1423 1360 1537 1390 aetate
1566 1357 1675 1390 adhuc

401 1400 496 1433 salva
526 1401 714 1442 exstitisse,
745 1401 780 1435 id
803 1412 824 1435 a
847 1401 994 1434 Graecis
1026 1412 1068 1434 ex
1092 1402 1201 1435 Ponto
1226 1404 1434 1435 mercaturae
1458 1413 1561 1436 causa
1597 1402 1678 1436 illue

341 1471 345 1475 .
401 1446 564 1490 prosectis
587 1447 636 1480 ita
660 1446 817 1491 accipere
840 1447 989 1489 potuisse
1011 1447 1241 1491 Herodotum,
1266 1448 1352 1481 bene
1374 1447 1542 1482 credimus
1565 1448 1677 1483 eidem

403 1491 591 1525 Eichwald.
615 1494 639 1526 l.
667 1492 689 1526 l.
714 1504 792 1536 pag.
819 1493 871 1526 13.

186 1541 264 1577 pag.
291 1534 359 1569 503
381 1536 415 1570 b.
441 1538 498 1571 lin.
524 1539 556 1572 6.
582 1542 660 1571 ante
686 1538 830 1573 Grimm.
852 1538 952 1571 inser.
978 1538 1116 1573 dabit.

185 1587 264 1622 pag·
287 1580 354 1614 508
378 1582 411 1616 b.
435 1582 491 1617 lin.
518 1584 559 1617 13
576 1584 617 1617 ab
641 1584 699 1617 inf.
725 1595 785 1628 pro
813 1585 856 1623 V,
879 1585 929 1617 86
954 1594 1070 1628 repon.
1096 1585 1137 1627 V,
1162 1585 1226 1618 80.

184 1633 262 1667 pag.
288 1625 353 1660 515
377 1628 411 1661 b.
435 1628 491 1661 lin.
515 1629 536 1662 5
561 1630 603 1662 ab
621 1629 682 1662 inf.
706 1641 766 1673 pro
788 1630 860 1671 IV,
887 1629 928 1662 13
952 1639 1068 1673 repon.
1097 1630 1168 1671 Vl,
1195 1631 1248 1664 13.

186 1679 264 1714 pag.
290 1671 357 1705 516
385 1685 416 1706 a.
441 1673 501 1706 lin.
524 1674 584 1706 ult.
613 1686 674 1718 pro
704 1675 828 1715 VIII,
862 1675 926 1707 160
950 1685 1065 1718 repon.
1095 1675 1194 1718 VII,
1223 1677 1297 1710 160.

185 1727 265 1760 pag.
291 1716 358 1750 532
380 1718 416 1751 b.
440 1718 500 1750 lin.
525 1719 546 1751 7
570 1719 613 1750 ab
637 1719 699 1752 inf.
722 1729 785 1762 pro
811 1718 875 1758 ΙΙΙ,
901 1719 923 1750 3
947 1718 1011 1760 leg.
1038 1720 1102 1760 III,
1130 1721 1163 1753 2.

185 1771 266 1805 pag.
290 1759 358 1794 540
379 1763 413 1798 b.
435 1762 493 1796 lin.
517 1763 538 1796 2
561 1773 623 1806 pro
646 1763 709 1802 111,
734 1763 785 1797 63
809 1762 875 1804 leg.
900 1761 964 1800 ΙΙΙ,
989 1764 1056 1796 64.

187 1817 268 1850 pag.
292 1805 358 1839 546
382 1808 415 1840 b.
442 1806 498 1841 lin.
525 1809 568 1840 12
591 1818 652 1851 pro
678 1807 740 1848 IX,
765 1809 818 1841 88
843 1808 908 1849 leg.
933 1806 996 1840 IX.
1023 1808 1088 1840 89.

185 1863 264 1895 pag.
287 1851 354 1884 553
377 1863 409 1886 a.
434 1851 492 1885 lin.
521 1852 562 1886 15
585 1863 647 1896 pro
671 1852 730 1893 IV,
757 1851 834 1886 157
857 1851 923 1895 leg.
948 1852 1010 1893 IV,
1037 1851 1129 1886 155.

187 1909 264 1942 pag.
289 1896 356 1932 596
381 1900 414 1934 1.
448 1897 497 1931 Ad
521 1898 626 1931 verba
649 1909 712 1941 μιν
736 1894 971 1940 μεμφθεῖσρὶν
995 1909 1030 1930 τι
1060 1898 1111 1943 τῷ
1139 1897 1252 1940 πατρὶ
1276 1899 1320 1933 cf.
1344 1899 1385 1933 C.
1409 1900 1453 1934 O.
1479 1900 1615 1936 Miiller.
1641 1902 1677 1936 in

403 1943 571 1976 Gerhard.
597 1945 818 1986 Archaeolog.
844 1942 943 1976 Stud.
968 1943 985 1976 Ι
1010 1955 1042 1987 p.
1067 1944 1151 1985 286,
1175 1946 1233 1988 qui
1258 1945 1342 1978 haec
1364 1945 1413 1981 ita
1435 1947 1615 1993 intelligit,
1638 1953 1677 1982 ut

403 1988 630 2032 virginitatem
654 1989 744 2022 illius
768 1988 896 2021 violare
921 1994 1062 2022 conatus
1085 1989 1189 2024 fuerit
1210 1994 1321 2035 pater.

188 2044 266 2079 pag.
291 2034 355 2069 611
382 2034 417 2068 b.
443 2035 499 2068 lin.
528 2036 579 2070 12.
607 2045 669 2080 pro
699 2034 759 2076 IV,
789 2035 841 2069 18
866 2044 986 2080 repon.
1011 2035 1073 2076 IV,
1099 2035 1147 2070 17

783 2184 822 2224 V
852 2185 932 2223 ol.
997 2182 1090 2224 III.

185 2291 263 2325 pag.
291 2281 334 2316 27
358 2280 472 2335 Ιίιι.(2-
500 2281 550 2334 3¹.
581 2281 649 2315 Pro
674 2278 893 2326 ὑπερβάντα
916 2282 1116 2326 Bernhardy
1141 2283 1204 2316 Gr.
1230 2282 1330 2328 Synt.
1359 2294 1437 2329 pag.
1461 2283 1529 2318 359
1551 2283 1677 2320 mavult

185 2382 263 2415 pag.
289 2373 353 2406 108
377 2326 670 2416 (ὢπῖἵβὲἔτέη.)
716 2373 830 2407 Verba
855 2370 893 2406 ἐν
917 2374 968 2418 τῷ
991 2373 1202 2418 Πελασγικῷ
1225 2374 1335 2417 τείχεϊ
1352 2374 1399 2408 nil
1423 2374 1488 2409 nisi
1512 2375 1550 2408 in
1568 2376 1677 2410 Acro-

408 2418 480 2462 poli
509 2417 661 2451 indicare
697 2418 870 2452 contendit
894 2419 1009 2452 Leake
1043 2420 1076 2452 in
1103 2420 1322 2464 'ropograpir
1347 2421 1467 2454 Athen.
1503 2432 1580 2465 pag.
1608 2421 1674 2455 314

398 2475 487 2496 vers.
498 2463 896 2543 ,Lgpghgdieusienqg'ssifigh
907 2465 983 2499 256.
1014 2465 1058 2499 ad
1083 2466 1122 2505 V,
1148 2467 1192 2500 77
1216 2467 1302 2500 cons.
1327 2478 1359 2511 p.
1388 2466 1453 2501 142
1476 2472 1547 2500 not.
1593 2477 1674 2512 pro-

183 2562 262 2597 pag.
285 2551 351 2586 240
374 2510 491 2608 Ιὶιξῗῃί
524 2565 586 2598 pro
619 2551 643 2598 ἢ
674 2552 754 2598 μὲν
785 2535 972 2598 εοτὶὓ.·ἢν
1001 2553 1094 2598 μὲν.
1153 2556 1209 2590 Cf.
1245 2557 1456 2602 Bernhardy.
1481 2557 1504 2592 l.
1537 2557 1561 2591 l.
1592 2567 1671 2601 pag.

185 2652 262 2685 pag.
286 2643 353 2677 252
378 2601 491 2678 αἶὲῗίῙιι..
518 2645 570 2679 15.
617 2644 684 2678 Pro
708 2643 756 2678 ἐκ
783 2643 924 2688 δάκρυά
946 2657 984 2679 τε
1008 2646 1110 2680 scrib.
1135 2644 1181 2686 ἐς
1204 2644 1349 2689 δοὶκρυοὶ
1369 2659 1418 2681 τε.

185 2697 263 2731 pag.
288 2689 353 2723 259
375 2688 432 2722 lin.
459 2691 511 2724 15.
558 2690 623 2723 Pro
651 2688 690 2724 ἐκ
709 2693 783 2725 τοῦ
803 2688 989 2734 Ἀταρνέος
1014 2693 1142 2737 vulgat.
1167 2690 1203 2732 ἐς
1228 2693 1294 2727 τοῦ
1317 2690 1383 2727 Ἀτ.
1411 2691 1573 2738 praeserri
1599 2692 1672 2728 vult

406 2734 606 2779 Bernhardy
631 2735 652 2769 l.
679 2736 701 2770 l.
733 2748 812 2783 pag.
839 2738 914 2772 184.
