1879 3222
124 915 243 943 tandem
277 917 399 952 auxilia,

124 948 275 988 Pqusania
299 950 385 986 duce,

124 986 254 1011 muttum.

450 148 534 188 216

849 143 1309 181 HERODOTI

454 254 567 308 άνήρ
603 251 830 307 Τεγεήτης,
864 249 1104 306 δυνάμενος
1134 251 1180 294 έν
1209 251 1500 304 Λακεδαίμονι
1530 249 1706 304 μέγιστοι

449 323 624 374 ξείνων,
663 323 751 362 τῶν
778 318 951 373 ἐφόρων
979 318 1164 362 ἐπύθετο
1211 319 1351 362 πάντα
1385 317 1516 371 λόγον
1545 316 1622 358 τὸν
1653 317 1705 371 δὴ

422 390 500 431 2οἱ
528 386 760 443 Ἀθηναῖοι
801 387 958 442 ἔλεγον.
1018 384 1212 436 οἰκούσας
1242 386 1286 428 δὲ
1324 384 1347 429 ὁ
1379 389 1547 435 Χίλεος,
1593 384 1705 438 ἔλεγε

453 454 540 509 ἄρα
571 466 650 510 σφι
678 454 798 497 τάδε·
830 454 983 506 ,,Οὕτω
1015 454 1120 509 ἔχει..
1153 453 1310 506 ἄνδρες
1347 453 1514 508 ἔφοροι·
1569 449 1760 506 Ἀθη-30

453 524 590 564 ναίων
620 520 725 577 ἡμῖν
764 521 926 564 ἐόντων
964 521 1021 575 μή
1052 519 1271 575 ἀρθμίων,
1312 525 1373 578 τῷ
1416 521 1461 564 ὁὲ
1497 520 1704 577 βαρβάρῳ

451 590 738 645 ,,συμμάχων,
774 590 847 632 καί
886 605 964 642 περ
1005 589 1162 642 τείχεος
1187 588 1260 630 διὰ
1297 593 1376 631 τοῦ
1404 587 1577 643 Ἰσθμοῦ
1607 588 1705 643 έλη-

452 657 669 712 ,,λαμένου
686 661 909 711 καρτεροῦ,
940 654 1121 711 μεγάλαι
1149 653 1361 704 κλισιάδες
1391 655 1706 699 ἀναπεπτέαται

452 725 523 779 ,,ές
552 725 632 781 τήν
663 726 1001 780 Πελοπόννησον
1023 727 1083 778 τῷ
1108 723 1269 777 Πέρσῃ.
1328 720 1415 764 ἀλλ’
1447 723 1707 766 ἐσακούσατε

451 792 583 844 ,,πρίν
628 809 668 835 τι
697 791 799 835 ἄλλο
826 791 1107 847 Ἀθηναίοισι
1126 789 1269 841 δόξαι,
1300 789 1478 844 σφάλμα
1497 790 1635 846 φέρον
1655 795 1706 847 τῇ
1719 796 1762 832 35

334 852 399 898 10
458 857 691 911 ,,Ἑλλάδι.“
745 859 795 901 Ὁ
823 859 901 915 μέν
931 871 1010 913 σφι
1040 861 1177 900 ταῦτα
1215 857 1510 912 συνεβούλευε.
1571 860 1615 901 οἱ
1649 859 1707 910 δὲ,

459 927 588 981 φρενὶ
616 927 824 982 λαβόντες
860 926 938 970 τόν
973 924 1126 981 λόγον,
1165 923 1320 967 αὐτίκα
1350 925 1596 980 φράσαντες
1635 924 1711 968 ου’-

458 994 532 1036 δὲν
560 999 673 1036 τοῖσι
703 991 922 1048 ἀγγέλοισι
947 998 1060 1036 τοῖσι
1099 991 1368 1047 ἀπιγμένοισι
1400 991 1483 1036 ἀπὸ
1514 997 1602 1035 τῶν
1630 1007 1711 1035 πο-

455 1062 561 1104 λίων
589 1061 746 1111 νυκτὸς
776 1061 834 1104 ἔτι
865 1061 1130 1116 ἐκπέμπουσι
1158 1062 1529 1115 πεντακισχιλίους
1561 1064 1712 1113 Σπαρ-

454 1129 653 1183 τιητέων,
683 1129 757 1172 καὶ
786 1128 893 1173 έπτοὶ
922 1129 1019 1184 περὶ
1048 1128 1230 1172 ἕκαστον
1249 1127 1448 1179 τάξαντες
1469 1132 1557 1171 τῶν
1586 1127 1766 1172 eiad-40

400 1294 490 1333 dem
520 1298 556 1333 ΙΙ
582 1311 671 1350 pag.
701 1301 778 1341 871
814 1302 858 1342 F.
897 1303 979 1343 872
1009 1302 1057 1339 A.

402 1355 524 1403 Magis
544 1354 593 1391 ad
613 1355 871 1406 Herodotum,
903 1365 1059 1395 notante

396 1409 672 1461 >Valckenaer.,
704 1413 849 1452 accedit
874 1416 1059 1466 Polyaen.

403 1466 456 1514 V,
487 1469 553 1507 30·
584 1492 635 1497 —-
666 1469 729 1506 Ad
756 1483 867 1508 usum
892 1473 1061 1522 particu-

403 1523 460 1559 lae
487 1520 565 1574 ἄρα
589 1526 629 1561 iu
660 1527 783 1564 verbis
826 1526 931 1580 ἔλεγε
963 1526 1060 1580 ἄρα

406 1591 479 1626 σφι
515 1581 618 1618 conf.
653 1582 788 1620 Matth.
826 1586 892 1620 Gr.
918 1585 983 1621 Gr.
1023 1586 1059 1630 ξ.

407 1633 487 1674 614
516 1649 554 1685 p.
581 1636 699 1677 1240.
742 1638 844 1675 Add.
872 1641 1061 1689 Hartung.

404 1688 529 1726 Lehre
554 1705 590 1728 v.
612 1691 647 1732 d.
682 1692 822 1743 griech.
843 1696 946 1731 Part.
976 1697 993 1731 I
1023 1709 1061 1745 p.

409 1744 510 1794 437,
542 1748 607 1799 qui
648 1750 726 1785 vim
755 1751 958 1801 particulae
987 1749 1063 1802 ἄρα

408 1804 596 1852 pertinere
630 1813 762 1843 monet
792 1806 839 1844 ad
870 1820 935 1853 ea,
965 1821 1063 1858 quae

409 1858 565 1908 apodosi
587 1863 864 1900 contineantur.
892 1865 942 1900 Et
962 1864 1064 1901 conf·

409 1915 592 1953 Herodot.
612 1918 649 1964 Ι,
674 1917 762 1958 141.

466 1967 666 2023 άρθμίων]
698 1976 754 2011 De
776 1973 846 2013 hac
872 1988 966 2012 voce
988 1975 1066 2014 vid.

410 2027 482 2075 VI,
518 2031 585 2070 83.
624 2030 717 2074 V11,
758 2034 833 2072 101
868 2032 960 2083 ibiq.
988 2034 1066 2070 citt.

410 2084 489 2132 IX,
518 2087 586 2126 37.
607 2107 659 2114 --
680 2087 799 2123 Usum
828 2089 932 2125 verbi
952 2087 1069 2128 έλαύ-

413 2154 498 2179 νειν
516 2141 556 2176 ἰιι
573 2154 678 2193 seqq.
690 2145 797 2193 attigi
813 2144 861 2180 ad
873 2146 951 2192 vll,
978 2147 1070 2186 139.

413 2195 524 2242 Quod
544 2200 926 2251 εεῳιίῐιιτκαρτεροῦ,
950 2214 970 2237 e
989 2215 1071 2238 me-

412 2253 567 2291 lioribus
589 2255 689 2291 libris
708 2259 882 2293 revocavi
900 2271 987 2294 cum
1008 2271 1071 2293 re·-

413 2316 529 2347 centt.
576 2323 644 2361 pro
688 2316 881 2364 κρατεροῦ
907 2342 916 2359 ,
966 2312 1070 2365 qnod

415 2364 640 2403 Schaeferus
677 2369 810 2406 tenuit.
857 2369 942 2410 Vid.
972 2371 1070 2418 vul,

417 2424 468 2461 12
487 2423 616 2474 ibique
640 2431 736 2461 nott.

473 2476 639 2529 μεγάλαι
673 2476 874 2527 κλισιάδες
919 2475 1072 2520 ἆναπε-

417 2533 604 2584 πτέαται]
636 2537 662 2573 i.
696 2550 729 2575 e.
762 2537 927 2586 Magnae
952 2543 1076 2587 portae

417 2594 559 2638 apertae
579 2596 686 2640 sunt,
726 2595 824 2641 sive,
855 2601 897 2631 ut
925 2596 975 2632 ait
996 2597 1075 2632 Po-

419 2645 575 2696 lyaenus
596 2649 622 2685 l.
644 2649 669 2686 l.
698 2649 840 2689 πολλαὶ
869 2648 1075 2702 διαβάσεις

422 2700 477 2749 εἰς
496 2698 570 2753 τήν
594 2701 918 2758 Πελοπόννησον.
974 2709 1072 2746 citat

1114 1297 1330 1337 Herodotea
1366 1299 1538 1338 Eustath.
1584 1298 1632 1338 ad
1660 1302 1704 1338 11.
1731 1314 1767 1352 p.

1115 1359 1168 1398 78
1212 1357 1316 1393 in.s.
1347 1356 1423 1403 58,
1464 1355 1536 1405 40,
1577 1359 1642 1394 ubi
1670 1353 1770 1397 οἴνα-

1115 1412 1345 1452 πέπτανται.
1402 1413 1573 1450 Alteram
1606 1415 1771 1451 formam

1116 1470 1225 1506 affert
1257 1467 1391 1507 Matth.
1420 1471 1486 1506 Gr.
1519 1472 1584 1507 Gr.
1612 1472 1649 1517 §.
1675 1469 1769 1519 204,

1118 1529 1142 1566 6
1169 1538 1257 1576 pag.
1291 1528 1385 1566 378.
1442 1525 1504 1563 Ad
1531 1540 1641 1564 usum
1670 1528 1772 1564 vocis

1117 1580 1317 1628 κλισιάδες
1334 1583 1565 1633 VVesseling.
1598 1584 1773 1620 attulerat

1118 1637 1309 1674 Plutarch.
1334 1639 1370 1673 ΙΙ
1409 1651 1495 1687 pag.
1531 1642 1611 1679 360
1648 1640 1695 1677 Α.
1735 1646 1772 1676 et

1119 1695 1308 1734 wetsten,
1323 1692 1370 1730 ad
1380 1693 1549 1731 Corinth.
1564 1697 1646 1745 Icp.
1662 1698 1724 1741 16,
1735 1697 1772 1734 9.

1119 1750 1183 1785 Tu
1200 1748 1298 1797 vide,
1320 1763 1416 1801 quae
1432 1751 1501 1800 ipsi
1520 1753 1710 1788 attulimus
1726 1750 1774 1788 ad

1119 1804 1508 1847 Plutarch.Alcibiad,
1522 1821 1559 1856 p.
1579 1811 1668 1847 110.
1686 1810 1773 1847 111.

1179 1858 1341 1911 σφάλμα
1367 1861 1493 1910 φέρον
1519 1866 1568 1917 τῇ
1591 1859 1775 1912 ΓΕλλάδι]

1121 1921 1178 1955 Ita
1208 1932 1228 1954 e
1268 1920 1485 1956 Florentino
1516 1927 1553 1957 et
1586 1919 1780 1957 Sancrofti

1122 1976 1219 2012 libro
1241 1973 1385 2012 editum
1410 1989 1478 2027 pro
1503 1977 1609 2026 vulg.
1630 1979 1679 2029 τῇ
1694 1975 1780 2015 Ἑλ-

1123 2027 1215 2071 λάδι
1235 2031 1382 2083 φέρον,
1410 2032 1511 2084 quod
1532 2046 1621 2070 cum
1634 2031 1782 2070 Sohae-

1123 2089 1204 2125 fero
1216 2095 1319 2125 tenet
1330 2088 1522 2125 Matthiae.
1544 2092 1628 2140 Ipsa
1638 2090 1779 2125 locutio

1126 2146 1237 2184 obvia
1256 2144 1397 2182 Herod.
1417 2146 1485 2181 VII
1498 2175 1507 2193 ‚
1540 2148 1564 2186 6
1577 2174 1587 2193 ‚
1608 2146 1673 2182 ubi
1699 2144 1774 2183 vid.

1365 2223 1455 2275 Cap.
1488 2225 1540 2262 X.

1184 2310 1298 2363 φρενὶ
1329 2309 1515 2365 λαβὸντες
1545 2311 1611 2354 τόν
1641 2308 1780 2368 λόγον]

1128 2367 1213 2404 vid.
1235 2376 1330 2406 nott.
1351 2370 1399 2407 ad
1418 2372 1490 2418 ΙΙΙ,
1520 2370 1586 2411 41.

1184 2424 1252 2463 καὶ
1270 2424 1364 2465 ἑπτά
1395 2427 1484 2477 περὶ
1521 2426 1683 2466 ἕκαστον
1713 2422 1785 2464 τά·-

1127 2480 1264 2528 ξαντες
1316 2485 1396 2522 τῶν
1435 2481 1624 2531 εἱλώτων]
1678 2484 1783 2519 Haec

1132 2539 1246 2574 verba
1275 2552 1296 2576 a
1328 2541 1495 2590 pluribus
1527 2538 1638 2576 codd.
1663 2551 1783 2590 quum

1131 2595 1265 2642 absint,
1297 2604 1466 2647 suspecta
1486 2595 1615 2632 habuit
1636 2595 1783 2633 Sohae-

1128 2650 1254 2700 fems,
1296 2665 1411 2704 quem
1439 2653 1608 2702 sequitur
1626 2650 1784 2688 Bekke-

1128 2720 1210 2756 rus,
1240 2711 1422 2761 uncisque
1442 2709 1614 2757 inclusit,
1644 2709 1783 2761 quippe
