<?xml version="1.0" encoding="UTF-8"?>
<!DOCTYPE html PUBLIC "-//W3C//DTD XHTML 1.0 Transitional//EN"
    "http://www.w3.org/TR/xhtml1/DTD/xhtml1-transitional.dtd">
<html xmlns="http://www.w3.org/1999/xhtml" xml:lang="en" lang="en">
 <head>
  <title>
</title>
<meta http-equiv="Content-Type" content="text/html;charset=utf-8" />
  <meta name='ocr-system' content='tesseract 3.04.00' />
  <meta name='ocr-capabilities' content='ocr_page ocr_carea ocr_par ocr_line ocrx_word'/>
</head>
<body>
  <div class='ocr_page' id='page_1' title='image "./musaeherodoto04hero/musaeherodoto04hero_0334.png"; bbox 0 0 1879 3222; ppageno 0'>
   <div class='ocr_carea' id='block_1_1' title="bbox 323 394 1169 452">
    <p class='ocr_par' dir='ltr' id='par_1_1' title="bbox 323 394 1169 452">
     <span class='ocr_line' id='line_1_1' title="bbox 323 394 1169 452; baseline -0.001 -12"><span class='ocrx_word' id='word_1_1' title='bbox 323 400 387 446; x_wconf 82' lang='lat' dir='ltr'>Sl</span> <span class='ocrx_word' id='word_1_2' title='bbox 447 396 566 452; x_wconf 67' lang='grc' dir='ltr'><em>παρὰ</em></span> <span class='ocrx_word' id='word_1_3' title='bbox 603 399 692 439; x_wconf 72' lang='grc' dir='ltr'>τῶν</span> <span class='ocrx_word' id='word_1_4' title='bbox 731 396 937 440; x_wconf 80' lang='grc' dir='ltr'><strong><em>εἱλωτέων</em></strong></span> <span class='ocrx_word' id='word_1_5' title='bbox 975 394 1169 439; x_wconf 77' lang='grc' dir='ltr'><em>ὠνέοντο.</em></span> 
     </span>
    </p>
   </div>
   <div class='ocr_carea' id='block_1_2' title="bbox 123 463 1837 521">
    <p class='ocr_par' dir='ltr' id='par_1_2' title="bbox 123 463 1837 521">
     <span class='ocr_line' id='line_1_2' title="bbox 123 463 1837 521; baseline -0.001 -12"><span class='ocrx_word' id='word_1_6' title='bbox 123 466 206 493; x_wconf 77' lang='lat'><strong>⁰⁰⁰²</strong></span> <span class='ocrx_word' id='word_1_7' title='bbox 223 465 279 493; x_wconf 67' lang='lat'>‘¹³³⁵&#39;</span> <span class='ocrx_word' id='word_1_8' title='bbox 297 466 394 493; x_wconf 62' lang='lat' dir='ltr'>&#39;nim&#39;</span> <span class='ocrx_word' id='word_1_9' title='bbox 451 465 503 508; x_wconf 76' lang='grc' dir='ltr'>τὰ</span> <span class='ocrx_word' id='word_1_10' title='bbox 522 463 736 520; x_wconf 78' lang='grc' dir='ltr'><em>χρήματα,</em></span> <span class='ocrx_word' id='word_1_11' title='bbox 776 465 847 508; x_wconf 79' lang='grc' dir='ltr'>καὶ</span> <span class='ocrx_word' id='word_1_12' title='bbox 876 463 1059 520; x_wconf 78' lang='grc' dir='ltr'><em>δεκάτην</em></span> <span class='ocrx_word' id='word_1_13' title='bbox 1087 464 1295 516; x_wconf 76' lang='grc' dir='ltr'><em>ἐξελόντες</em></span> <span class='ocrx_word' id='word_1_14' title='bbox 1324 469 1383 521; x_wconf 76' lang='grc' dir='ltr'>τῷ</span> <span class='ocrx_word' id='word_1_15' title='bbox 1414 465 1460 507; x_wconf 85' lang='grc' dir='ltr'>ἐν</span> <span class='ocrx_word' id='word_1_16' title='bbox 1490 467 1701 518; x_wconf 79' lang='grc' dir='ltr'><em>Δελφοῖσι</em></span> <span class='ocrx_word' id='word_1_17' title='bbox 1756 468 1837 508; x_wconf 79' lang='lat'>729</span> 
     </span>
    </p>
   </div>
   <div class='ocr_carea' id='block_1_3' title="bbox 121 499 360 528">
    <p class='ocr_par' dir='ltr' id='par_1_3' title="bbox 121 499 360 528">
     <span class='ocr_line' id='line_1_3' title="bbox 121 499 360 528; baseline 0 -2"><span class='ocrx_word' id='word_1_18' title='bbox 121 499 237 528; x_wconf 83' lang='lat' dir='ltr'>Praeda</span> <span class='ocrx_word' id='word_1_19' title='bbox 257 500 360 527; x_wconf 75' lang='lat' dir='ltr'>divisa.</span> 
     </span>
    </p>
   </div>
   <div class='ocr_carea' id='block_1_4' title="bbox 448 155 530 194">
    <p class='ocr_par' dir='ltr' id='par_1_4' title="bbox 448 155 530 194">
     <span class='ocr_line' id='line_1_4' title="bbox 448 155 530 194; baseline 0 0"><span class='ocrx_word' id='word_1_20' title='bbox 448 155 530 194; x_wconf 85' lang='lat'>322</span> 
     </span>
    </p>
   </div>
   <div class='ocr_carea' id='block_1_5' title="bbox 848 150 1304 188">
    <p class='ocr_par' dir='ltr' id='par_1_5' title="bbox 848 150 1304 188">
     <span class='ocr_line' id='line_1_5' title="bbox 848 150 1304 188; baseline -0.002 -1"><span class='ocrx_word' id='word_1_21' title='bbox 848 150 1304 188; x_wconf 87' lang='lat' dir='ltr'>HERODOTI</span> 
     </span>
    </p>
   </div>
   <div class='ocr_carea' id='block_1_6' title="bbox 451 258 1756 318">
    <p class='ocr_par' dir='ltr' id='par_1_6' title="bbox 451 258 1756 318">
     <span class='ocr_line' id='line_1_6' title="bbox 451 258 1756 318; baseline -0.002 -14"><span class='ocrx_word' id='word_1_22' title='bbox 451 261 703 318; x_wconf 76' lang='grc' dir='ltr'><em>Αἰγινήτῃσι</em></span> <span class='ocrx_word' id='word_1_23' title='bbox 731 262 776 303; x_wconf 82' lang='grc' dir='ltr'>οἱ</span> <span class='ocrx_word' id='word_1_24' title='bbox 802 258 980 316; x_wconf 78' lang='grc' dir='ltr'><em>μεγάλοι</em></span> <span class='ocrx_word' id='word_1_25' title='bbox 1008 262 1189 305; x_wconf 80' lang='grc' dir='ltr'><em>πλοῦτοι</em></span> <span class='ocrx_word' id='word_1_26' title='bbox 1220 258 1357 316; x_wconf 72' lang='grc' dir='ltr'><em>ἀρχὴν</em></span> <span class='ocrx_word' id='word_1_27' title='bbox 1385 260 1587 302; x_wconf 78' lang='grc' dir='ltr'><em>ἐνθεῦτεν</em></span> <span class='ocrx_word' id='word_1_28' title='bbox 1616 260 1699 315; x_wconf 79' lang='grc' dir='ltr'>ἔγέ-</span> <span class='ocrx_word' id='word_1_29' title='bbox 1711 267 1756 302; x_wconf 92' lang='lat'>70</span> 
     </span>
    </p>
   </div>
   <div class='ocr_carea' id='block_1_7' title="bbox 449 327 1046 384">
    <p class='ocr_par' dir='ltr' id='par_1_7' title="bbox 449 327 1046 384">
     <span class='ocr_line' id='line_1_7' title="bbox 449 327 1046 384; baseline -0.002 -12"><span class='ocrx_word' id='word_1_30' title='bbox 449 346 607 380; x_wconf 81' lang='grc' dir='ltr'><em>νοντο,</em></span> <span class='ocrx_word' id='word_1_31' title='bbox 666 331 710 371; x_wconf 78' lang='grc' dir='ltr'>οἳ</span> <span class='ocrx_word' id='word_1_32' title='bbox 746 327 825 371; x_wconf 80' lang='grc' dir='ltr'>τὸν</span> <span class='ocrx_word' id='word_1_33' title='bbox 860 327 1046 384; x_wconf 79' lang='grc' dir='ltr'><em>χρυσόν,</em></span> 
     </span>
    </p>
   </div>
   <div class='ocr_carea' id='block_1_8' title="bbox 1106 327 1701 453">
    <p class='ocr_par' dir='ltr' id='par_1_8' title="bbox 1106 327 1701 453">
     <span class='ocr_line' id='line_1_8' title="bbox 1106 327 1700 384; baseline 0.002 -13"><span class='ocrx_word' id='word_1_34' title='bbox 1106 328 1178 372; x_wconf 84' lang='grc' dir='ltr'><em>ἅτε</em></span> <span class='ocrx_word' id='word_1_35' title='bbox 1208 328 1336 372; x_wconf 76' lang='grc' dir='ltr'><em>ἐόντα</em></span> <span class='ocrx_word' id='word_1_36' title='bbox 1364 327 1524 384; x_wconf 80' lang='grc' dir='ltr'><em>χαλκόν</em></span> <span class='ocrx_word' id='word_1_37' title='bbox 1553 329 1700 384; x_wconf 81' lang='grc' dir='ltr'><em>δῆθεν,</em></span> 
     </span>
     <span class='ocr_line' id='line_1_9' title="bbox 1243 395 1701 453; baseline -0.007 -13"><span class='ocrx_word' id='word_1_38' title='bbox 1243 395 1615 453; x_wconf 77' lang='grc' dir='ltr'><em>Συμφορήσαντες</em></span> <span class='ocrx_word' id='word_1_39' title='bbox 1655 395 1701 438; x_wconf 81' lang='grc' dir='ltr'>δὲ</span> 
     </span>
    </p>
   </div>
   <div class='ocr_carea' id='block_1_9' title="bbox 444 526 1704 656">
    <p class='ocr_par' dir='ltr' id='par_1_9' title="bbox 444 526 1704 656">
     <span class='ocr_line' id='line_1_10' title="bbox 445 526 1704 588; baseline 0.001 -15"><span class='ocrx_word' id='word_1_40' title='bbox 445 536 560 588; x_wconf 77' lang='grc' dir='ltr'><em>θεῷ,</em></span> <span class='ocrx_word' id='word_1_41' title='bbox 602 531 670 574; x_wconf 74' lang='grc' dir='ltr'>ἀπ’</span> <span class='ocrx_word' id='word_1_42' title='bbox 700 526 752 587; x_wconf 80' lang='grc' dir='ltr'>ἧς</span> <span class='ocrx_word' id='word_1_43' title='bbox 791 531 815 575; x_wconf 90' lang='grc' dir='ltr'>ὁ</span> <span class='ocrx_word' id='word_1_44' title='bbox 845 534 1024 586; x_wconf 83' lang='grc' dir='ltr'><em>τρίπους</em></span> <span class='ocrx_word' id='word_1_45' title='bbox 1054 530 1077 574; x_wconf 86' lang='grc' dir='ltr'><em>ὁ</em></span> <span class='ocrx_word' id='word_1_46' title='bbox 1107 531 1287 586; x_wconf 81' lang='grc' dir='ltr'><em>χρύσεος</em></span> <span class='ocrx_word' id='word_1_47' title='bbox 1321 532 1528 586; x_wconf 75' lang='grc' dir='ltr'><em>ἀνετέθη,</em></span> <span class='ocrx_word' id='word_1_48' title='bbox 1580 530 1603 574; x_wconf 90' lang='grc' dir='ltr'>ὁ</span> <span class='ocrx_word' id='word_1_49' title='bbox 1634 531 1704 574; x_wconf 82' lang='grc' dir='ltr'>ἐπὶ</span> 
     </span>
     <span class='ocr_line' id='line_1_11' title="bbox 444 597 1701 656; baseline -0.002 -12"><span class='ocrx_word' id='word_1_50' title='bbox 444 605 524 644; x_wconf 89' lang='grc' dir='ltr'>τοῦ</span> <span class='ocrx_word' id='word_1_51' title='bbox 551 597 820 656; x_wconf 79' lang='grc' dir='ltr'><em>τρικαρήνου</em></span> <span class='ocrx_word' id='word_1_52' title='bbox 851 599 977 656; x_wconf 80' lang='grc' dir='ltr'><em>ὄφιος</em></span> <span class='ocrx_word' id='word_1_53' title='bbox 1006 602 1085 643; x_wconf 83' lang='grc' dir='ltr'>τοῦ</span> <span class='ocrx_word' id='word_1_54' title='bbox 1120 598 1303 654; x_wconf 85' lang='grc' dir='ltr'><em>χαλκέου</em></span> <span class='ocrx_word' id='word_1_55' title='bbox 1339 598 1543 650; x_wconf 76' lang='grc' dir='ltr'><em>ἐπεστεώς</em></span> <span class='ocrx_word' id='word_1_56' title='bbox 1582 597 1701 654; x_wconf 76' lang='grc' dir='ltr'><em>ἄγχι-</em></span> 
     </span>
    </p>
   </div>
   <div class='ocr_carea' id='block_1_10' title="bbox 390 804 1046 909">
    <p class='ocr_par' dir='ltr' id='par_1_10' title="bbox 390 804 1046 909">
     <span class='ocr_line' id='line_1_12' title="bbox 390 804 1046 856; baseline 0 -12"><span class='ocrx_word' id='word_1_57' title='bbox 390 805 510 845; x_wconf 83' lang='lat' dir='ltr'>tarch.</span> <span class='ocrx_word' id='word_1_58' title='bbox 540 804 790 843; x_wconf 87' lang='lat' dir='ltr'>Themistocl.</span> <span class='ocrx_word' id='word_1_59' title='bbox 825 808 874 846; x_wconf 88' lang='grc'>18</span> <span class='ocrx_word' id='word_1_60' title='bbox 891 819 929 856; x_wconf 87' lang='lat' dir='ltr'>p.</span> <span class='ocrx_word' id='word_1_61' title='bbox 954 807 1046 846; x_wconf 77' lang='lat'>117.</span> 
     </span>
     <span class='ocr_line' id='line_1_13' title="bbox 390 863 896 909; baseline -0.004 -8"><span class='ocrx_word' id='word_1_62' title='bbox 390 866 448 901; x_wconf 92' lang='lat' dir='ltr'>De</span> <span class='ocrx_word' id='word_1_63' title='bbox 477 864 628 900; x_wconf 69' lang='lat' dir='ltr'>Acinace</span> <span class='ocrx_word' id='word_1_64' title='bbox 649 863 697 900; x_wconf 86' lang='lat' dir='ltr'>cf.</span> <span class='ocrx_word' id='word_1_65' title='bbox 717 864 781 909; x_wconf 89' lang='lat'>111,</span> <span class='ocrx_word' id='word_1_66' title='bbox 807 864 896 903; x_wconf 78' lang='lat'>128.</span> 
     </span>
    </p>
   </div>
   <div class='ocr_carea' id='block_1_11' title="bbox 392 925 1050 1372">
    <p class='ocr_par' dir='ltr' id='par_1_11' title="bbox 392 925 1050 1372">
     <span class='ocr_line' id='line_1_14' title="bbox 448 925 1047 980; baseline -0.002 -11"><span class='ocrx_word' id='word_1_67' title='bbox 448 927 515 969; x_wconf 68' lang='grc' dir='ltr'><em>ὅτε</em></span> <span class='ocrx_word' id='word_1_68' title='bbox 545 925 664 969; x_wconf 80' lang='grc' dir='ltr'><em>ἐόντα</em></span> <span class='ocrx_word' id='word_1_69' title='bbox 709 926 851 980; x_wconf 79' lang='grc' dir='ltr'><em>χαλκὸν</em></span> <span class='ocrx_word' id='word_1_70' title='bbox 891 929 1047 979; x_wconf 78' lang='grc' dir='ltr'><em>δῆθεν]</em></span> 
     </span>
     <span class='ocr_line' id='line_1_15' title="bbox 393 985 1048 1036; baseline 0 -14"><span class='ocrx_word' id='word_1_71' title='bbox 393 1015 416 1035; x_wconf 93' lang='lat'>„</span> <span class='ocrx_word' id='word_1_72' title='bbox 433 987 548 1028; x_wconf 72' lang='lat' dir='ltr'>Quasi</span> <span class='ocrx_word' id='word_1_73' title='bbox 563 999 640 1022; x_wconf 82' lang='lat' dir='ltr'>vero</span> <span class='ocrx_word' id='word_1_74' title='bbox 650 999 708 1022; x_wconf 81' lang='lat' dir='ltr'>aes</span> <span class='ocrx_word' id='word_1_75' title='bbox 719 986 827 1036; x_wconf 78' lang='lat' dir='ltr'>foret.</span> <span class='ocrx_word' id='word_1_76' title='bbox 848 985 1048 1023; x_wconf 88' lang='lat' dir='ltr'>Rudisim-</span> 
     </span>
     <span class='ocr_line' id='line_1_16' title="bbox 392 1043 1048 1094; baseline 0 -15"><span class='ocrx_word' id='word_1_77' title='bbox 392 1044 557 1094; x_wconf 85' lang='lat' dir='ltr'>plicitate</span> <span class='ocrx_word' id='word_1_78' title='bbox 577 1043 811 1090; x_wconf 82' lang='lat' dir='ltr'>Helotarum,</span> <span class='ocrx_word' id='word_1_79' title='bbox 836 1055 972 1079; x_wconf 86' lang='lat' dir='ltr'>aurum</span> <span class='ocrx_word' id='word_1_80' title='bbox 990 1049 1048 1079; x_wconf 91' lang='lat' dir='ltr'>at-</span> 
     </span>
     <span class='ocr_line' id='line_1_17' title="bbox 393 1100 1047 1151; baseline 0 -16"><span class='ocrx_word' id='word_1_81' title='bbox 393 1113 468 1151; x_wconf 91' lang='lat' dir='ltr'>que</span> <span class='ocrx_word' id='word_1_82' title='bbox 506 1112 567 1135; x_wconf 80' lang='lat' dir='ltr'>aes</span> <span class='ocrx_word' id='word_1_83' title='bbox 600 1100 665 1136; x_wconf 86' lang='lat' dir='ltr'>vix</span> <span class='ocrx_word' id='word_1_84' title='bbox 698 1100 1047 1147; x_wconf 86' lang='lat' dir='ltr'>internoscentium,</span> 
     </span>
     <span class='ocr_line' id='line_1_18' title="bbox 395 1155 1048 1206; baseline -0.002 -14"><span class='ocrx_word' id='word_1_85' title='bbox 395 1156 499 1192; x_wconf 88' lang='lat' dir='ltr'>abusi</span> <span class='ocrx_word' id='word_1_86' title='bbox 522 1157 728 1206; x_wconf 77' lang='lat' dir='ltr'>Aeginetae</span> <span class='ocrx_word' id='word_1_87' title='bbox 739 1163 839 1193; x_wconf 91' lang='lat' dir='ltr'>sunt.</span> <span class='ocrx_word' id='word_1_88' title='bbox 870 1155 969 1201; x_wconf 78' lang='lat' dir='ltr'>Quid</span> <span class='ocrx_word' id='word_1_89' title='bbox 989 1157 1048 1193; x_wconf 87' lang='lat' dir='ltr'>vi-</span> 
     </span>
     <span class='ocr_line' id='line_1_19' title="bbox 395 1211 1050 1250; baseline -0.002 -1"><span class='ocrx_word' id='word_1_90' title='bbox 395 1219 455 1249; x_wconf 92' lang='lat' dir='ltr'>cto</span> <span class='ocrx_word' id='word_1_91' title='bbox 477 1211 524 1249; x_wconf 83' lang='lat' dir='ltr'>ad</span> <span class='ocrx_word' id='word_1_92' title='bbox 547 1213 944 1250; x_wconf 84' lang='lat' dir='ltr'>GransoniumCarolo</span> <span class='ocrx_word' id='word_1_93' title='bbox 964 1213 1050 1248; x_wconf 93' lang='lat' dir='ltr'>Au-</span> 
     </span>
     <span class='ocr_line' id='line_1_20' title="bbox 395 1267 1050 1318; baseline 0.002 -13"><span class='ocrx_word' id='word_1_94' title='bbox 395 1267 510 1316; x_wconf 89' lang='lat' dir='ltr'>dace,</span> <span class='ocrx_word' id='word_1_95' title='bbox 541 1269 788 1318; x_wconf 85' lang='lat' dir='ltr'>Burgundiae</span> <span class='ocrx_word' id='word_1_96' title='bbox 811 1268 919 1317; x_wconf 90' lang='lat' dir='ltr'>duce,</span> <span class='ocrx_word' id='word_1_97' title='bbox 953 1270 1050 1306; x_wconf 84' lang='lat' dir='ltr'>vasis</span> 
     </span>
     <span class='ocr_line' id='line_1_21' title="bbox 392 1325 1050 1372; baseline 0.005 -13"><span class='ocrx_word' id='word_1_98' title='bbox 392 1325 471 1360; x_wconf 87' lang='lat' dir='ltr'>eius</span> <span class='ocrx_word' id='word_1_99' title='bbox 492 1326 698 1372; x_wconf 80' lang='lat' dir='ltr'><strong>argenteis,</strong></span> <span class='ocrx_word' id='word_1_100' title='bbox 739 1332 919 1361; x_wconf 85' lang='lat' dir='ltr'>stannum</span> <span class='ocrx_word' id='word_1_101' title='bbox 948 1326 1050 1362; x_wconf 85' lang='lat' dir='ltr'>arbi-</span> 
     </span>
    </p>
   </div>
   <div class='ocr_carea' id='block_1_12' title="bbox 368 1379 1049 1432">
    <p class='ocr_par' dir='ltr' id='par_1_12' title="bbox 368 1379 1049 1432">
     <span class='ocr_line' id='line_1_22' title="bbox 368 1379 1049 1432; baseline 0 -15"><span class='ocrx_word' id='word_1_102' title='bbox 368 1381 489 1426; x_wconf 33' lang='lat' dir='ltr'>·trati,</span> <span class='ocrx_word' id='word_1_103' title='bbox 526 1380 706 1427; x_wconf 83' lang='lat' dir='ltr'>fecerint,</span> <span class='ocrx_word' id='word_1_104' title='bbox 747 1393 899 1432; x_wconf 86' lang='lat' dir='ltr'>quoque</span> <span class='ocrx_word' id='word_1_105' title='bbox 932 1379 1049 1417; x_wconf 88' lang='lat' dir='ltr'>modo</span> 
     </span>
    </p>
   </div>
   <div class='ocr_carea' id='block_1_13' title="bbox 390 1437 1052 2783">
    <p class='ocr_par' dir='ltr' id='par_1_13' title="bbox 390 1437 1052 2783">
     <span class='ocr_line' id='line_1_23' title="bbox 390 1437 1051 1487; baseline 0.003 -16"><span class='ocrx_word' id='word_1_106' title='bbox 390 1449 576 1487; x_wconf 77' lang='lat' dir='ltr'>geminas,</span> <span class='ocrx_word' id='word_1_107' title='bbox 605 1437 735 1475; x_wconf 15' lang='lat' dir='ltr'>Vmulto</span> <span class='ocrx_word' id='word_1_108' title='bbox 774 1438 978 1473; x_wconf 83' lang='lat' dir='ltr'>rarissimas</span> <span class='ocrx_word' id='word_1_109' title='bbox 1013 1444 1051 1474; x_wconf 91' lang='lat' dir='ltr'>et</span> 
     </span>
     <span class='ocr_line' id='line_1_24' title="bbox 391 1494 1050 1545; baseline 0.002 -16"><span class='ocrx_word' id='word_1_110' title='bbox 391 1494 502 1543; x_wconf 89' lang='lat' dir='ltr'>pretii</span> <span class='ocrx_word' id='word_1_111' title='bbox 525 1494 688 1542; x_wconf 85' lang='lat' dir='ltr'>ingentis</span> <span class='ocrx_word' id='word_1_112' title='bbox 702 1521 713 1540; x_wconf 87' lang='lat'>,</span> <span class='ocrx_word' id='word_1_113' title='bbox 742 1500 927 1545; x_wconf 85' lang='lat' dir='ltr'>tanquam</span> <span class='ocrx_word' id='word_1_114' title='bbox 943 1494 1050 1530; x_wconf 76' lang='lat' dir='ltr'>vilis-</span> 
     </span>
     <span class='ocr_line' id='line_1_25' title="bbox 391 1550 1049 1598; baseline 0.002 -13"><span class='ocrx_word' id='word_1_115' title='bbox 391 1550 486 1586; x_wconf 85' lang='lat' dir='ltr'>sima</span> <span class='ocrx_word' id='word_1_116' title='bbox 506 1556 629 1585; x_wconf 87' lang='lat' dir='ltr'>scruta</span> <span class='ocrx_word' id='word_1_117' title='bbox 650 1550 853 1587; x_wconf 86' lang='lat' dir='ltr'>abiecerint</span> <span class='ocrx_word' id='word_1_118' title='bbox 874 1551 1049 1598; x_wconf 80' lang='lat' dir='ltr'>Helvetii,</span> 
     </span>
     <span class='ocr_line' id='line_1_26' title="bbox 393 1604 1050 1654; baseline -0.002 -12"><span class='ocrx_word' id='word_1_119' title='bbox 393 1604 532 1642; x_wconf 88' lang='lat' dir='ltr'>durum</span> <span class='ocrx_word' id='word_1_120' title='bbox 549 1605 595 1641; x_wconf 92' lang='lat' dir='ltr'>ab</span> <span class='ocrx_word' id='word_1_121' title='bbox 615 1607 728 1654; x_wconf 82' lang='lat' dir='ltr'><strong>stirpe</strong></span> <span class='ocrx_word' id='word_1_122' title='bbox 744 1618 876 1654; x_wconf 83' lang='lat' dir='ltr'>genus,</span> <span class='ocrx_word' id='word_1_123' title='bbox 898 1607 1050 1654; x_wconf 87' lang='lat' dir='ltr'>elegan-</span> 
     </span>
     <span class='ocr_line' id='line_1_27' title="bbox 391 1659 1050 1698; baseline 0.003 -2"><span class='ocrx_word' id='word_1_124' title='bbox 391 1661 533 1697; x_wconf 79' lang='lat' dir='ltr'><strong>tissime</strong></span> <span class='ocrx_word' id='word_1_125' title='bbox 563 1659 637 1697; x_wconf 85' lang='lat' dir='ltr'>Ph.</span> <span class='ocrx_word' id='word_1_126' title='bbox 666 1661 870 1698; x_wconf 87' lang='lat' dir='ltr'>Comineus</span> <span class='ocrx_word' id='word_1_127' title='bbox 890 1663 1050 1698; x_wconf 84' lang='lat' dir='ltr'><strong>Memor.</strong></span> 
     </span>
     <span class='ocr_line' id='line_1_28' title="bbox 391 1717 1051 1767; baseline 0 -13"><span class='ocrx_word' id='word_1_128' title='bbox 391 1717 477 1754; x_wconf 87' lang='lat' dir='ltr'>Lib.</span> <span class='ocrx_word' id='word_1_129' title='bbox 497 1717 542 1764; x_wconf 83' lang='lat' dir='ltr'>V,</span> <span class='ocrx_word' id='word_1_130' title='bbox 572 1720 598 1757; x_wconf 77' lang='grc'>2</span> <span class='ocrx_word' id='word_1_131' title='bbox 619 1720 830 1767; x_wconf 84' lang='lat' dir='ltr'>exposuit.“</span> <span class='ocrx_word' id='word_1_132' title='bbox 867 1717 964 1754; x_wconf 80' lang='lat' dir='ltr'>Wes</span> <span class='ocrx_word' id='word_1_133' title='bbox 979 1732 996 1754; x_wconf 87' lang='lat' dir='ltr'>s</span> <span class='ocrx_word' id='word_1_134' title='bbox 1012 1730 1051 1754; x_wconf 83' lang='lat' dir='ltr'>e-</span> 
     </span>
     <span class='ocr_line' id='line_1_29' title="bbox 392 1770 1049 1825; baseline 0 -16"><span class='ocrx_word' id='word_1_135' title='bbox 392 1774 462 1810; x_wconf 76' lang='lat' dir='ltr'>lzn</span> <span class='ocrx_word' id='word_1_136' title='bbox 477 1786 514 1821; x_wconf 84' lang='lat' dir='ltr'>g.</span> <span class='ocrx_word' id='word_1_137' title='bbox 572 1774 638 1809; x_wconf 87' lang='lat' dir='ltr'>His</span> <span class='ocrx_word' id='word_1_138' title='bbox 665 1770 838 1821; x_wconf 83' lang='lat' dir='ltr'>&#39;adda1n,</span> <span class='ocrx_word' id='word_1_139' title='bbox 875 1787 971 1825; x_wconf 82' lang='lat' dir='ltr'>qnae</span> <span class='ocrx_word' id='word_1_140' title='bbox 1002 1772 1049 1809; x_wconf 89' lang='lat' dir='ltr'>de</span> 
     </span>
     <span class='ocr_line' id='line_1_30' title="bbox 393 1828 1049 1868; baseline 0.005 -3"><span class='ocrx_word' id='word_1_141' title='bbox 393 1828 529 1865; x_wconf 89' lang='lat' dir='ltr'>eadem</span> <span class='ocrx_word' id='word_1_142' title='bbox 555 1842 594 1865; x_wconf 85' lang='lat' dir='ltr'>re</span> <span class='ocrx_word' id='word_1_143' title='bbox 610 1828 751 1866; x_wconf 85' lang='lat' dir='ltr'>iudicat</span> <span class='ocrx_word' id='word_1_144' title='bbox 771 1831 815 1868; x_wconf 86' lang='lat' dir='ltr'>C.</span> <span class='ocrx_word' id='word_1_145' title='bbox 835 1831 881 1867; x_wconf 91' lang='lat' dir='ltr'>O.</span> <span class='ocrx_word' id='word_1_146' title='bbox 900 1830 1049 1868; x_wconf 72' lang='lat' dir='ltr'>Mtiller.</span> 
     </span>
     <span class='ocr_line' id='line_1_31' title="bbox 394 1886 1049 1936; baseline 0.002 -14"><span class='ocrx_word' id='word_1_147' title='bbox 394 1886 586 1935; x_wconf 82' lang='lat' dir='ltr'>Aeginett.</span> <span class='ocrx_word' id='word_1_148' title='bbox 617 1900 655 1936; x_wconf 89' lang='lat' dir='ltr'>p.</span> <span class='ocrx_word' id='word_1_149' title='bbox 688 1889 788 1926; x_wconf 79' lang='lat'>127:</span> <span class='ocrx_word' id='word_1_150' title='bbox 839 1888 1049 1934; x_wconf 82' lang='lat' dir='ltr'>„Novimus</span> 
     </span>
     <span class='ocr_line' id='line_1_32' title="bbox 394 1944 1052 1994; baseline 0 -16"><span class='ocrx_word' id='word_1_151' title='bbox 394 1955 544 1978; x_wconf 86' lang='lat' dir='ltr'>morem</span> <span class='ocrx_word' id='word_1_152' title='bbox 581 1944 781 1993; x_wconf 85' lang='lat' dir='ltr'>scriptoris,</span> <span class='ocrx_word' id='word_1_153' title='bbox 821 1944 1052 1994; x_wconf 85' lang='lat' dir='ltr'>populorum</span> 
     </span>
     <span class='ocr_line' id='line_1_33' title="bbox 395 1999 1051 2050; baseline 0 -15"><span class='ocrx_word' id='word_1_154' title='bbox 395 1999 507 2035; x_wconf 87' lang='lat' dir='ltr'>statui</span> <span class='ocrx_word' id='word_1_155' title='bbox 526 1999 735 2050; x_wconf 83' lang='lat' dir='ltr'>opibusque</span> <span class='ocrx_word' id='word_1_156' title='bbox 756 2001 907 2037; x_wconf 84' lang='lat' dir='ltr'>vetustis</span> <span class='ocrx_word' id='word_1_157' title='bbox 923 2012 1051 2036; x_wconf 78' lang='lat' dir='ltr'><strong>causas</strong></span> 
     </span>
     <span class='ocr_line' id='line_1_34' title="bbox 393 2055 1052 2092; baseline -0.002 -1"><span class='ocrx_word' id='word_1_158' title='bbox 393 2055 561 2091; x_wconf 88' lang='lat' dir='ltr'>multum</span> <span class='ocrx_word' id='word_1_159' title='bbox 580 2057 805 2092; x_wconf 81' lang='lat' dir='ltr'>recentiores</span> <span class='ocrx_word' id='word_1_160' title='bbox 826 2057 1052 2092; x_wconf 82' lang='lat' dir='ltr'>subiicientis</span> 
     </span>
     <span class='ocr_line' id='line_1_35' title="bbox 393 2109 1051 2161; baseline 0 -15"><span class='ocrx_word' id='word_1_161' title='bbox 393 2123 521 2161; x_wconf 83' lang='lat' dir='ltr'>neque</span> <span class='ocrx_word' id='word_1_162' title='bbox 543 2111 654 2159; x_wconf 83' lang='lat' dir='ltr'>igitur</span> <span class='ocrx_word' id='word_1_163' title='bbox 675 2111 877 2160; x_wconf 84' lang='lat' dir='ltr'>Aeginetas</span> <span class='ocrx_word' id='word_1_164' title='bbox 898 2111 946 2147; x_wconf 88' lang='lat' dir='ltr'>ob</span> <span class='ocrx_word' id='word_1_165' title='bbox 976 2109 1051 2146; x_wconf 90' lang='lat' dir='ltr'>hu—</span> 
     </span>
     <span class='ocr_line' id='line_1_36' title="bbox 394 2167 1051 2216; baseline 0 -13"><span class='ocrx_word' id='word_1_166' title='bbox 394 2168 452 2203; x_wconf 85' lang='lat' dir='ltr'>ius</span> <span class='ocrx_word' id='word_1_167' title='bbox 463 2173 696 2203; x_wconf 84' lang='lat' dir='ltr'>mercaturae</span> <span class='ocrx_word' id='word_1_168' title='bbox 705 2167 878 2204; x_wconf 85' lang='lat' dir='ltr'>fraudem</span> <span class='ocrx_word' id='word_1_169' title='bbox 888 2180 1051 2216; x_wconf 80' lang='lat' dir='ltr'>magno-</span> 
     </span>
     <span class='ocr_line' id='line_1_37' title="bbox 394 2223 1051 2273; baseline 0 -15"><span class='ocrx_word' id='word_1_170' title='bbox 394 2236 484 2273; x_wconf 86' lang='lat' dir='ltr'>pere</span> <span class='ocrx_word' id='word_1_171' title='bbox 510 2223 806 2273; x_wconf 76' lang='lat' dir='ltr'>obiurgabimus‚</span> <span class='ocrx_word' id='word_1_172' title='bbox 863 2224 1051 2273; x_wconf 85' lang='lat' dir='ltr'>Perspici-</span> 
     </span>
     <span class='ocr_line' id='line_1_38' title="bbox 393 2279 1050 2329; baseline -0.002 -13"><span class='ocrx_word' id='word_1_173' title='bbox 393 2286 456 2316; x_wconf 90' lang='lat' dir='ltr'>tur</span> <span class='ocrx_word' id='word_1_174' title='bbox 475 2287 603 2317; x_wconf 89' lang='lat' dir='ltr'>tamen</span> <span class='ocrx_word' id='word_1_175' title='bbox 624 2293 672 2317; x_wconf 90' lang='lat' dir='ltr'>ex</span> <span class='ocrx_word' id='word_1_176' title='bbox 690 2280 766 2317; x_wconf 87' lang='lat' dir='ltr'>istis</span> <span class='ocrx_word' id='word_1_177' title='bbox 787 2279 971 2317; x_wconf 81' lang='lat' dir='ltr'>Herodoti</span> <span class='ocrx_word' id='word_1_178' title='bbox 990 2281 1050 2329; x_wconf 87' lang='lat' dir='ltr'>ip-</span> 
     </span>
     <span class='ocr_line' id='line_1_39' title="bbox 394 2335 1049 2389; baseline -0.003 -16"><span class='ocrx_word' id='word_1_179' title='bbox 394 2337 469 2373; x_wconf 87' lang='lat' dir='ltr'>sius</span> <span class='ocrx_word' id='word_1_180' title='bbox 500 2337 641 2383; x_wconf 77' lang='lat' dir='ltr'>verbis,</span> <span class='ocrx_word' id='word_1_181' title='bbox 671 2338 819 2389; x_wconf 83' lang='lat' dir='ltr'>quantis</span> <span class='ocrx_word' id='word_1_182' title='bbox 847 2344 929 2373; x_wconf 79' lang='lat' dir='ltr'>tuin</span> <span class='ocrx_word' id='word_1_183' title='bbox 952 2335 1049 2372; x_wconf 79' lang='lat' dir='ltr'>divi-</span> 
     </span>
     <span class='ocr_line' id='line_1_40' title="bbox 393 2393 1049 2443; baseline -0.002 -15"><span class='ocrx_word' id='word_1_184' title='bbox 393 2394 452 2429; x_wconf 83' lang='lat' dir='ltr'>tiis</span> <span class='ocrx_word' id='word_1_185' title='bbox 473 2393 680 2443; x_wconf 74' lang='lat' dir='ltr'>Aeginetae</span> <span class='ocrx_word' id='word_1_186' title='bbox 700 2393 906 2430; x_wconf 84' lang='lat' dir='ltr'>floruerint.</span> <span class='ocrx_word' id='word_1_187' title='bbox 945 2393 1049 2437; x_wconf 78' lang='lat' dir='ltr'>Quae</span> 
     </span>
     <span class='ocr_line' id='line_1_41' title="bbox 396 2449 1048 2501; baseline 0.002 -16"><span class='ocrx_word' id='word_1_188' title='bbox 396 2456 496 2485; x_wconf 85' lang='lat' dir='ltr'>certe</span> <span class='ocrx_word' id='word_1_189' title='bbox 517 2450 660 2499; x_wconf 84' lang='lat' dir='ltr'>priora,</span> <span class='ocrx_word' id='word_1_190' title='bbox 681 2463 796 2501; x_wconf 88' lang='lat' dir='ltr'>quam</span> <span class='ocrx_word' id='word_1_191' title='bbox 817 2463 914 2501; x_wconf 81' lang='lat' dir='ltr'>quae</span> <span class='ocrx_word' id='word_1_192' title='bbox 933 2449 1048 2486; x_wconf 88' lang='lat' dir='ltr'>Libro</span> 
     </span>
     <span class='ocr_line' id='line_1_42' title="bbox 396 2505 1049 2558; baseline 0.003 -18"><span class='ocrx_word' id='word_1_193' title='bbox 396 2505 446 2540; x_wconf 70' lang='lat' dir='ltr'>VI</span> <span class='ocrx_word' id='word_1_194' title='bbox 469 2505 668 2542; x_wconf 81' lang='lat' dir='ltr'>traduntur</span> <span class='ocrx_word' id='word_1_195' title='bbox 696 2514 808 2558; x_wconf 83' lang='lat' dir='ltr'>atque</span> <span class='ocrx_word' id='word_1_196' title='bbox 829 2513 914 2542; x_wconf 87' lang='lat' dir='ltr'>ante</span> <span class='ocrx_word' id='word_1_197' title='bbox 935 2506 1049 2555; x_wconf 77' lang='lat' dir='ltr'>Aegi-</span> 
     </span>
     <span class='ocr_line' id='line_1_43' title="bbox 398 2563 1048 2613; baseline 0.005 -18"><span class='ocrx_word' id='word_1_198' title='bbox 398 2567 501 2597; x_wconf 86' lang='lat' dir='ltr'>netas</span> <span class='ocrx_word' id='word_1_199' title='bbox 520 2563 638 2612; x_wconf 87' lang='lat' dir='ltr'>patria</span> <span class='ocrx_word' id='word_1_200' title='bbox 651 2564 824 2613; x_wconf 89' lang='lat' dir='ltr'>expulsos</span> <span class='ocrx_word' id='word_1_201' title='bbox 840 2563 1048 2613; x_wconf 86' lang='lat' dir='ltr'>conscripta</span> 
     </span>
     <span class='ocr_line' id='line_1_44' title="bbox 396 2617 1048 2669; baseline 0.003 -17"><span class='ocrx_word' id='word_1_202' title='bbox 396 2623 493 2652; x_wconf 85' lang='lat' dir='ltr'>sunt.</span> <span class='ocrx_word' id='word_1_203' title='bbox 543 2617 620 2654; x_wconf 87' lang='lat' dir='ltr'>Sed</span> <span class='ocrx_word' id='word_1_204' title='bbox 657 2619 886 2669; x_wconf 87' lang='lat' dir='ltr'>stipendiarii</span> <span class='ocrx_word' id='word_1_205' title='bbox 919 2626 1048 2655; x_wconf 88' lang='lat' dir='ltr'>tamen</span> 
     </span>
     <span class='ocr_line' id='line_1_45' title="bbox 396 2670 1046 2713; baseline 0.006 -6"><span class='ocrx_word' id='word_1_206' title='bbox 396 2670 687 2711; x_wconf 78' lang='lat' dir='ltr'>Atheniensibus</span> <span class='ocrx_word' id='word_1_207' title='bbox 708 2678 782 2712; x_wconf 82' lang='lat' dir='ltr'>iam</span> <span class='ocrx_word' id='word_1_208' title='bbox 800 2683 883 2713; x_wconf 89' lang='lat' dir='ltr'>tum</span> <span class='ocrx_word' id='word_1_209' title='bbox 898 2676 1046 2712; x_wconf 88' lang='lat' dir='ltr'>erant.“</span> 
     </span>
     <span class='ocr_line' id='line_1_46' title="bbox 397 2726 1049 2783; baseline 0.009 -19"><span class='ocrx_word' id='word_1_210' title='bbox 397 2728 445 2766; x_wconf 90' lang='lat' dir='ltr'>A.</span> <span class='ocrx_word' id='word_1_211' title='bbox 465 2726 608 2773; x_wconf 68' lang='lat' dir='ltr'>Sabou,</span> <span class='ocrx_word' id='word_1_212' title='bbox 627 2734 849 2770; x_wconf 83' lang='lat' dir='ltr'>vernaculus</span> <span class='ocrx_word' id='word_1_213' title='bbox 867 2734 1049 2783; x_wconf 88' lang='lat' dir='ltr'>interpres</span> 
     </span>
    </p>
   </div>
   <div class='ocr_carea' id='block_1_14' title="bbox 1102 796 1760 1140">
    <p class='ocr_par' dir='ltr' id='par_1_14' title="bbox 1102 796 1760 1140">
     <span class='ocr_line' id='line_1_47' title="bbox 1102 796 1759 846; baseline -0.002 -4"><span class='ocrx_word' id='word_1_214' title='bbox 1102 805 1143 843; x_wconf 85' lang='lat' dir='ltr'>in</span> <span class='ocrx_word' id='word_1_215' title='bbox 1163 812 1243 846; x_wconf 86' lang='lat' dir='ltr'>not.</span> <span class='ocrx_word' id='word_1_216' title='bbox 1260 803 1307 841; x_wconf 86' lang='lat' dir='ltr'>ad</span> <span class='ocrx_word' id='word_1_217' title='bbox 1319 796 1395 845; x_wconf 73' lang='lat' dir='ltr'>li.l.</span> <span class='ocrx_word' id='word_1_218' title='bbox 1416 803 1654 841; x_wconf 88' lang='lat' dir='ltr'>Herodotum</span> <span class='ocrx_word' id='word_1_219' title='bbox 1672 817 1759 842; x_wconf 86' lang='lat' dir='ltr'>ma-</span> 
     </span>
     <span class='ocr_line' id='line_1_48' title="bbox 1104 860 1758 913; baseline -0.003 -13"><span class='ocrx_word' id='word_1_220' title='bbox 1104 876 1197 913; x_wconf 83' lang='lat' dir='ltr'>gnas</span> <span class='ocrx_word' id='word_1_221' title='bbox 1221 863 1490 912; x_wconf 80' lang='lat' dir='ltr'>Aeginetarum</span> <span class='ocrx_word' id='word_1_222' title='bbox 1507 874 1596 911; x_wconf 90' lang='lat' dir='ltr'>opes</span> <span class='ocrx_word' id='word_1_223' title='bbox 1621 875 1669 897; x_wconf 85' lang='lat' dir='ltr'>ex</span> <span class='ocrx_word' id='word_1_224' title='bbox 1688 860 1758 898; x_wconf 87' lang='lat' dir='ltr'>hac</span> 
     </span>
     <span class='ocr_line' id='line_1_49' title="bbox 1104 916 1760 970; baseline -0.005 -14"><span class='ocrx_word' id='word_1_225' title='bbox 1104 933 1144 956; x_wconf 88' lang='lat' dir='ltr'>re</span> <span class='ocrx_word' id='word_1_226' title='bbox 1165 926 1410 970; x_wconf 82' lang='lat' dir='ltr'>repetentem,</span> <span class='ocrx_word' id='word_1_227' title='bbox 1432 916 1626 955; x_wconf 81' lang='lat' dir='ltr'>contendit</span> <span class='ocrx_word' id='word_1_228' title='bbox 1644 917 1760 954; x_wconf 90' lang='lat' dir='ltr'>indu-</span> 
     </span>
     <span class='ocr_line' id='line_1_50' title="bbox 1105 973 1759 1013; baseline -0.006 0"><span class='ocrx_word' id='word_1_229' title='bbox 1105 983 1211 1013; x_wconf 89' lang='lat' dir='ltr'>ctum</span> <span class='ocrx_word' id='word_1_230' title='bbox 1240 976 1351 1012; x_wconf 85' lang='lat' dir='ltr'>fuisse</span> <span class='ocrx_word' id='word_1_231' title='bbox 1391 976 1437 1011; x_wconf 85' lang='lat' dir='ltr'>ab</span> <span class='ocrx_word' id='word_1_232' title='bbox 1466 973 1759 1010; x_wconf 87' lang='lat' dir='ltr'>Atheniensibus</span> 
     </span>
     <span class='ocr_line' id='line_1_51' title="bbox 1103 1031 1760 1083; baseline -0.005 -14"><span class='ocrx_word' id='word_1_233' title='bbox 1103 1034 1377 1083; x_wconf 78' lang='lat' dir='ltr'>Aeginetarum</span> <span class='ocrx_word' id='word_1_234' title='bbox 1411 1031 1593 1078; x_wconf 87' lang='lat' dir='ltr'>inimicis,</span> <span class='ocrx_word' id='word_1_235' title='bbox 1624 1031 1689 1082; x_wconf 91' lang='lat' dir='ltr'>qui</span> <span class='ocrx_word' id='word_1_236' title='bbox 1709 1031 1760 1066; x_wconf 87' lang='lat' dir='ltr'>ita</span> 
     </span>
     <span class='ocr_line' id='line_1_52' title="bbox 1103 1087 1760 1140; baseline -0.006 -14"><span class='ocrx_word' id='word_1_237' title='bbox 1103 1090 1174 1140; x_wconf 86' lang='lat' dir='ltr'>ipsi</span> <span class='ocrx_word' id='word_1_238' title='bbox 1202 1090 1408 1125; x_wconf 88' lang='lat' dir='ltr'>retulerint.</span> <span class='ocrx_word' id='word_1_239' title='bbox 1446 1108 1498 1115; x_wconf 91' lang='lat'>—</span> <span class='ocrx_word' id='word_1_240' title='bbox 1530 1089 1587 1122; x_wconf 90' lang='lat' dir='ltr'>De</span> <span class='ocrx_word' id='word_1_241' title='bbox 1624 1087 1760 1123; x_wconf 86' lang='lat' dir='ltr'>vocula</span> 
     </span>
    </p>
   </div>
   <div class='ocr_carea' id='block_1_15' title="bbox 1105 1142 1693 1286">
    <p class='ocr_par' dir='ltr' id='par_1_15' title="bbox 1105 1142 1693 1286">
     <span class='ocr_line' id='line_1_53' title="bbox 1105 1142 1693 1198; baseline -0.014 -12"><span class='ocrx_word' id='word_1_242' title='bbox 1105 1147 1233 1198; x_wconf 80' lang='grc' dir='ltr'><em>δῆθεν</em></span> <span class='ocrx_word' id='word_1_243' title='bbox 1250 1145 1328 1184; x_wconf 84' lang='lat' dir='ltr'>vid.</span> <span class='ocrx_word' id='word_1_244' title='bbox 1346 1150 1443 1185; x_wconf 82' lang='lat' dir='ltr'>nott.</span> <span class='ocrx_word' id='word_1_245' title='bbox 1467 1142 1515 1180; x_wconf 84' lang='lat' dir='ltr'>ad</span> <span class='ocrx_word' id='word_1_246' title='bbox 1535 1144 1603 1192; x_wconf 93' lang='lat' dir='ltr'>IX,</span> <span class='ocrx_word' id='word_1_247' title='bbox 1625 1145 1693 1183; x_wconf 86' lang='grc'>66.</span> 
     </span>
     <span class='ocr_line' id='line_1_54' title="bbox 1295 1233 1586 1286; baseline 0.007 -14"><span class='ocrx_word' id='word_1_248' title='bbox 1295 1235 1388 1286; x_wconf 78' lang='lat' dir='ltr'>cap.</span> <span class='ocrx_word' id='word_1_249' title='bbox 1404 1233 1586 1274; x_wconf 86' lang='lat' dir='ltr'><strong>LXXXI.</strong></span> 
     </span>
    </p>
   </div>
   <div class='ocr_carea' id='block_1_16' title="bbox 1100 1308 1764 2726">
    <p class='ocr_par' dir='ltr' id='par_1_16' title="bbox 1103 1308 1764 2204">
     <span class='ocr_line' id='line_1_55' title="bbox 1161 1308 1764 1363; baseline -0.012 -10"><span class='ocrx_word' id='word_1_250' title='bbox 1161 1308 1370 1363; x_wconf 75' lang='grc' dir='ltr'><em>ἐξελόντες]</em></span> <span class='ocrx_word' id='word_1_251' title='bbox 1407 1312 1516 1350; x_wconf 88' lang='lat' dir='ltr'>Idem</span> <span class='ocrx_word' id='word_1_252' title='bbox 1535 1311 1694 1350; x_wconf 81' lang='lat' dir='ltr'>verbum</span> <span class='ocrx_word' id='word_1_253' title='bbox 1715 1308 1764 1347; x_wconf 88' lang='lat' dir='ltr'>de</span> 
     </span>
     <span class='ocr_line' id='line_1_56' title="bbox 1105 1368 1764 1420; baseline -0.006 -14"><span class='ocrx_word' id='word_1_254' title='bbox 1105 1371 1216 1406; x_wconf 87' lang='lat' dir='ltr'>rebus</span> <span class='ocrx_word' id='word_1_255' title='bbox 1244 1369 1314 1405; x_wconf 89' lang='lat' dir='ltr'>deo</span> <span class='ocrx_word' id='word_1_256' title='bbox 1346 1370 1512 1420; x_wconf 86' lang='lat' dir='ltr'>cuipiam</span> <span class='ocrx_word' id='word_1_257' title='bbox 1544 1368 1702 1404; x_wconf 86' lang='lat' dir='ltr'>exemtis</span> <span class='ocrx_word' id='word_1_258' title='bbox 1726 1373 1764 1403; x_wconf 90' lang='lat' dir='ltr'>et</span> 
     </span>
     <span class='ocr_line' id='line_1_57' title="bbox 1107 1425 1762 1472; baseline -0.003 -10"><span class='ocrx_word' id='word_1_259' title='bbox 1107 1426 1329 1462; x_wconf 85' lang='lat' dir='ltr'>consecratis</span> <span class='ocrx_word' id='word_1_260' title='bbox 1348 1425 1412 1472; x_wconf 91' lang='lat' dir='ltr'>lV,</span> <span class='ocrx_word' id='word_1_261' title='bbox 1437 1428 1528 1464; x_wconf 83' lang='lat'>161.</span> <span class='ocrx_word' id='word_1_262' title='bbox 1558 1425 1657 1461; x_wconf 87' lang='lat' dir='ltr'>Sunt</span> <span class='ocrx_word' id='word_1_263' title='bbox 1672 1435 1762 1460; x_wconf 85' lang='lat' dir='ltr'>vero</span> 
     </span>
     <span class='ocr_line' id='line_1_58' title="bbox 1106 1479 1764 1519; baseline -0.005 -1"><span class='ocrx_word' id='word_1_264' title='bbox 1106 1481 1290 1519; x_wconf 87' lang='lat' dir='ltr'>Herodoti</span> <span class='ocrx_word' id='word_1_265' title='bbox 1314 1482 1427 1519; x_wconf 88' lang='lat' dir='ltr'>verba</span> <span class='ocrx_word' id='word_1_266' title='bbox 1452 1493 1531 1517; x_wconf 87' lang='lat' dir='ltr'>non</span> <span class='ocrx_word' id='word_1_267' title='bbox 1550 1481 1602 1517; x_wconf 87' lang='lat' dir='ltr'>ita</span> <span class='ocrx_word' id='word_1_268' title='bbox 1621 1479 1764 1516; x_wconf 90' lang='lat' dir='ltr'>intelli—</span> 
     </span>
     <span class='ocr_line' id='line_1_59' title="bbox 1106 1535 1763 1589; baseline -0.006 -14"><span class='ocrx_word' id='word_1_269' title='bbox 1106 1538 1251 1589; x_wconf 84' lang='lat' dir='ltr'>genda,</span> <span class='ocrx_word' id='word_1_270' title='bbox 1285 1545 1328 1574; x_wconf 89' lang='lat' dir='ltr'>ut</span> <span class='ocrx_word' id='word_1_271' title='bbox 1365 1550 1483 1573; x_wconf 88' lang='lat' dir='ltr'>unam</span> <span class='ocrx_word' id='word_1_272' title='bbox 1519 1535 1708 1574; x_wconf 79' lang='lat' dir='ltr'>decimam</span> <span class='ocrx_word' id='word_1_273' title='bbox 1741 1548 1763 1571; x_wconf 85' lang='lat' dir='ltr'>e</span> 
     </span>
     <span class='ocr_line' id='line_1_60' title="bbox 1106 1591 1763 1645; baseline -0.005 -15"><span class='ocrx_word' id='word_1_274' title='bbox 1106 1594 1246 1645; x_wconf 80' lang='lat' dir='ltr'>praeda</span> <span class='ocrx_word' id='word_1_275' title='bbox 1259 1596 1417 1630; x_wconf 78' lang='lat' dir='ltr'>electam</span> <span class='ocrx_word' id='word_1_276' title='bbox 1428 1594 1544 1630; x_wconf 87' lang='lat' dir='ltr'>tribus</span> <span class='ocrx_word' id='word_1_277' title='bbox 1555 1591 1657 1629; x_wconf 90' lang='lat' dir='ltr'>hisce</span> <span class='ocrx_word' id='word_1_278' title='bbox 1669 1604 1763 1642; x_wconf 88' lang='lat' dir='ltr'>ope-</span> 
     </span>
     <span class='ocr_line' id='line_1_61' title="bbox 1106 1647 1762 1700; baseline -0.003 -14"><span class='ocrx_word' id='word_1_279' title='bbox 1106 1651 1209 1686; x_wconf 87' lang='lat' dir='ltr'>ribus</span> <span class='ocrx_word' id='word_1_280' title='bbox 1243 1651 1437 1700; x_wconf 87' lang='lat' dir='ltr'>tribusque</span> <span class='ocrx_word' id='word_1_281' title='bbox 1470 1648 1538 1685; x_wconf 86' lang='lat' dir='ltr'>diis</span> <span class='ocrx_word' id='word_1_282' title='bbox 1571 1647 1762 1684; x_wconf 83' lang='lat' dir='ltr'>suffecisse</span> 
     </span>
     <span class='ocr_line' id='line_1_62' title="bbox 1105 1703 1762 1756; baseline -0.003 -14"><span class='ocrx_word' id='word_1_283' title='bbox 1105 1714 1294 1756; x_wconf 87' lang='lat' dir='ltr'>putemus,</span> <span class='ocrx_word' id='word_1_284' title='bbox 1311 1703 1637 1756; x_wconf 86' lang='lat' dir='ltr'>quemadmodum</span> <span class='ocrx_word' id='word_1_285' title='bbox 1646 1704 1762 1741; x_wconf 86' lang='lat' dir='ltr'>intel-</span> 
     </span>
     <span class='ocr_line' id='line_1_63' title="bbox 1104 1759 1762 1812; baseline -0.005 -13"><span class='ocrx_word' id='word_1_286' title='bbox 1104 1763 1248 1799; x_wconf 80' lang='lat' dir='ltr'>lexerat</span> <span class='ocrx_word' id='word_1_287' title='bbox 1271 1760 1500 1807; x_wconf 84' lang='lat' dir='ltr'>Larcherus‚</span> <span class='ocrx_word' id='word_1_288' title='bbox 1535 1760 1622 1807; x_wconf 82' lang='lat' dir='ltr'>sed,</span> <span class='ocrx_word' id='word_1_289' title='bbox 1658 1759 1762 1812; x_wconf 89' lang='lat' dir='ltr'>quod</span> 
     </span>
     <span class='ocr_line' id='line_1_64' title="bbox 1104 1815 1763 1855; baseline -0.005 0"><span class='ocrx_word' id='word_1_290' title='bbox 1104 1819 1203 1855; x_wconf 91' lang='lat' dir='ltr'>bene</span> <span class='ocrx_word' id='word_1_291' title='bbox 1237 1819 1385 1855; x_wconf 87' lang='lat' dir='ltr'>monuit</span> <span class='ocrx_word' id='word_1_292' title='bbox 1419 1815 1645 1854; x_wconf 68' lang='lat' dir='ltr'>Bro‘ndsted.</span> <span class='ocrx_word' id='word_1_293' title='bbox 1675 1817 1703 1854; x_wconf 91' lang='grc' dir='ltr'>Ι.</span> <span class='ocrx_word' id='word_1_294' title='bbox 1735 1818 1763 1853; x_wconf 89' lang='lat' dir='ltr'>l.</span> 
     </span>
     <span class='ocr_line' id='line_1_65' title="bbox 1103 1871 1763 1926; baseline -0.005 -15"><span class='ocrx_word' id='word_1_295' title='bbox 1103 1877 1121 1911; x_wconf 95' lang='lat' dir='ltr'>I</span> <span class='ocrx_word' id='word_1_296' title='bbox 1156 1889 1193 1926; x_wconf 90' lang='lat' dir='ltr'>p.</span> <span class='ocrx_word' id='word_1_297' title='bbox 1230 1877 1420 1921; x_wconf 76' lang='lat' dir='ltr'>101110t.‚</span> <span class='ocrx_word' id='word_1_298' title='bbox 1449 1874 1636 1923; x_wconf 86' lang='lat' dir='ltr'>triplicem</span> <span class='ocrx_word' id='word_1_299' title='bbox 1658 1871 1763 1909; x_wconf 88' lang='lat' dir='ltr'>deci-</span> 
     </span>
     <span class='ocr_line' id='line_1_66' title="bbox 1105 1928 1762 1980; baseline -0.005 -12"><span class='ocrx_word' id='word_1_300' title='bbox 1105 1945 1210 1968; x_wconf 84' lang='lat' dir='ltr'>mam</span> <span class='ocrx_word' id='word_1_301' title='bbox 1252 1932 1388 1968; x_wconf 83' lang='lat' dir='ltr'>Graeci</span> <span class='ocrx_word' id='word_1_302' title='bbox 1419 1931 1574 1980; x_wconf 84' lang='lat' dir='ltr'>elegisse</span> <span class='ocrx_word' id='word_1_303' title='bbox 1603 1928 1762 1979; x_wconf 87' lang='lat' dir='ltr'>putandi</span> 
     </span>
     <span class='ocr_line' id='line_1_67' title="bbox 1105 1984 1762 2038; baseline -0.005 -13"><span class='ocrx_word' id='word_1_304' title='bbox 1105 1995 1205 2035; x_wconf 87' lang='lat' dir='ltr'>sunt,</span> <span class='ocrx_word' id='word_1_305' title='bbox 1242 1988 1449 2038; x_wconf 90' lang='lat' dir='ltr'>unicuique</span> <span class='ocrx_word' id='word_1_306' title='bbox 1487 1999 1507 2021; x_wconf 95' lang='lat' dir='ltr'>e</span> <span class='ocrx_word' id='word_1_307' title='bbox 1544 1986 1661 2022; x_wconf 81' lang='lat' dir='ltr'>tribus</span> <span class='ocrx_word' id='word_1_308' title='bbox 1691 1984 1762 2022; x_wconf 89' lang='lat' dir='ltr'>diis</span> 
     </span>
     <span class='ocr_line' id='line_1_68' title="bbox 1105 2041 1761 2081; baseline -0.006 -1"><span class='ocrx_word' id='word_1_309' title='bbox 1105 2044 1309 2081; x_wconf 86' lang='lat' dir='ltr'>nominatis</span> <span class='ocrx_word' id='word_1_310' title='bbox 1329 2055 1448 2079; x_wconf 86' lang='lat' dir='ltr'>unam</span> <span class='ocrx_word' id='word_1_311' title='bbox 1468 2041 1655 2078; x_wconf 82' lang='lat' dir='ltr'>decimam</span> <span class='ocrx_word' id='word_1_312' title='bbox 1676 2042 1761 2077; x_wconf 84' lang='lat' dir='ltr'>exi-</span> 
     </span>
     <span class='ocr_line' id='line_1_69' title="bbox 1106 2098 1760 2148; baseline -0.002 -12"><span class='ocrx_word' id='word_1_313' title='bbox 1106 2107 1268 2137; x_wconf 89' lang='lat' dir='ltr'>mentes.</span> <span class='ocrx_word' id='word_1_314' title='bbox 1287 2121 1342 2126; x_wconf 90' lang='lat'>—</span> <span class='ocrx_word' id='word_1_315' title='bbox 1370 2100 1428 2134; x_wconf 89' lang='lat' dir='ltr'>De</span> <span class='ocrx_word' id='word_1_316' title='bbox 1443 2098 1577 2148; x_wconf 79' lang='lat' dir='ltr'>tripode</span> <span class='ocrx_word' id='word_1_317' title='bbox 1596 2098 1645 2135; x_wconf 86' lang='lat' dir='ltr'>cf.</span> <span class='ocrx_word' id='word_1_318' title='bbox 1664 2098 1760 2135; x_wconf 86' lang='lat' dir='ltr'>Dio-</span> 
     </span>
     <span class='ocr_line' id='line_1_70' title="bbox 1107 2155 1373 2204; baseline 0.008 -11"><span class='ocrx_word' id='word_1_319' title='bbox 1107 2155 1186 2194; x_wconf 90' lang='lat' dir='ltr'>dor.</span> <span class='ocrx_word' id='word_1_320' title='bbox 1217 2157 1284 2204; x_wconf 88' lang='lat' dir='ltr'>XI,</span> <span class='ocrx_word' id='word_1_321' title='bbox 1307 2158 1373 2195; x_wconf 79' lang='lat'>33.</span> 
     </span>
    </p>

    <p class='ocr_par' dir='ltr' id='par_1_17' title="bbox 1100 2216 1759 2726">
     <span class='ocr_line' id='line_1_71' title="bbox 1165 2216 1759 2274; baseline -0.002 -14"><span class='ocrx_word' id='word_1_322' title='bbox 1165 2220 1228 2261; x_wconf 81' lang='grc' dir='ltr'>ἐπὶ</span> <span class='ocrx_word' id='word_1_323' title='bbox 1246 2224 1321 2261; x_wconf 75' lang='grc' dir='ltr'>τοῦ</span> <span class='ocrx_word' id='word_1_324' title='bbox 1349 2216 1592 2274; x_wconf 79' lang='grc' dir='ltr'><em>τρικαρήνου</em></span> <span class='ocrx_word' id='word_1_325' title='bbox 1620 2217 1759 2270; x_wconf 72' lang='grc' dir='ltr'><em>ὄφιος]</em></span> 
     </span>
     <span class='ocr_line' id='line_1_72' title="bbox 1102 2278 1757 2329; baseline -0.002 -14"><span class='ocrx_word' id='word_1_326' title='bbox 1102 2279 1295 2328; x_wconf 80' lang='lat' dir='ltr'>„Durabat</span> <span class='ocrx_word' id='word_1_327' title='bbox 1305 2280 1342 2314; x_wconf 87' lang='lat' dir='ltr'>in</span> <span class='ocrx_word' id='word_1_328' title='bbox 1355 2286 1526 2329; x_wconf 85' lang='lat' dir='ltr'>tempora</span> <span class='ocrx_word' id='word_1_329' title='bbox 1535 2278 1757 2326; x_wconf 83' lang='lat' dir='ltr'>Pausaniae,</span> 
     </span>
     <span class='ocr_line' id='line_1_73' title="bbox 1106 2332 1754 2386; baseline -0.003 -14"><span class='ocrx_word' id='word_1_330' title='bbox 1106 2348 1219 2372; x_wconf 91' lang='lat' dir='ltr'>aureo</span> <span class='ocrx_word' id='word_1_331' title='bbox 1249 2334 1396 2386; x_wconf 86' lang='lat' dir='ltr'>tripode</span> <span class='ocrx_word' id='word_1_332' title='bbox 1427 2334 1573 2372; x_wconf 90' lang='lat' dir='ltr'>dudum</span> <span class='ocrx_word' id='word_1_333' title='bbox 1603 2347 1624 2370; x_wconf 91' lang='lat' dir='ltr'>a</span> <span class='ocrx_word' id='word_1_334' title='bbox 1651 2332 1754 2370; x_wconf 76' lang='lat' dir='ltr'>Pho-</span> 
     </span>
     <span class='ocr_line' id='line_1_74' title="bbox 1105 2390 1742 2429; baseline -0.008 0"><span class='ocrx_word' id='word_1_335' title='bbox 1105 2393 1277 2429; x_wconf 89' lang='lat' dir='ltr'>censibns</span> <span class='ocrx_word' id='word_1_336' title='bbox 1297 2394 1500 2429; x_wconf 79' lang='lat' dir='ltr'>interverso</span> <span class='ocrx_word' id='word_1_337' title='bbox 1522 2398 1558 2427; x_wconf 89' lang='lat' dir='ltr'>et</span> <span class='ocrx_word' id='word_1_338' title='bbox 1581 2390 1742 2427; x_wconf 88' lang='lat' dir='ltr'>conssato</span> 
     </span>
     <span class='ocr_line' id='line_1_75' title="bbox 1103 2448 1754 2495; baseline -0.006 -10"><span class='ocrx_word' id='word_1_339' title='bbox 1103 2450 1169 2489; x_wconf 86' lang='lat' dir='ltr'>lib,</span> <span class='ocrx_word' id='word_1_340' title='bbox 1202 2450 1251 2495; x_wconf 79' lang='lat' dir='ltr'>X,</span> <span class='ocrx_word' id='word_1_341' title='bbox 1283 2452 1331 2489; x_wconf 81' lang='lat'>13</span> <span class='ocrx_word' id='word_1_342' title='bbox 1364 2451 1401 2494; x_wconf 60' lang='grc' dir='ltr'>ξ.</span> <span class='ocrx_word' id='word_1_343' title='bbox 1431 2448 1467 2488; x_wconf 89' lang='grc'>5.</span> <span class='ocrx_word' id='word_1_344' title='bbox 1525 2448 1647 2492; x_wconf 78' lang='lat' dir='ltr'>Quam</span> <span class='ocrx_word' id='word_1_345' title='bbox 1665 2457 1754 2483; x_wconf 84' lang='lat' dir='ltr'>vero</span> 
     </span>
     <span class='ocr_line' id='line_1_76' title="bbox 1104 2500 1755 2552; baseline -0.008 -10"><span class='ocrx_word' id='word_1_346' title='bbox 1104 2506 1318 2542; x_wconf 79' lang='lat' dir='ltr'>Gronovius</span> <span class='ocrx_word' id='word_1_347' title='bbox 1347 2519 1394 2542; x_wconf 81' lang='lat' dir='ltr'>ex</span> <span class='ocrx_word' id='word_1_348' title='bbox 1421 2503 1604 2542; x_wconf 57' lang='lat' dir='ltr'>VVhelero</span> <span class='ocrx_word' id='word_1_349' title='bbox 1634 2500 1755 2552; x_wconf 89' lang='lat' dir='ltr'>adpo-</span> 
     </span>
     <span class='ocr_line' id='line_1_77' title="bbox 1103 2558 1752 2612; baseline -0.009 -13"><span class='ocrx_word' id='word_1_350' title='bbox 1103 2563 1175 2599; x_wconf 89' lang='lat' dir='ltr'>suit</span> <span class='ocrx_word' id='word_1_351' title='bbox 1204 2562 1372 2612; x_wconf 85' lang='lat' dir='ltr'>tricipitis</span> <span class='ocrx_word' id='word_1_352' title='bbox 1407 2561 1549 2597; x_wconf 85' lang='lat' dir='ltr'>colubri</span> <span class='ocrx_word' id='word_1_353' title='bbox 1578 2558 1752 2608; x_wconf 78' lang='lat' dir='ltr'>figuram,</span> 
     </span>
     <span class='ocr_line' id='line_1_78' title="bbox 1103 2616 1754 2665; baseline -0.009 -10"><span class='ocrx_word' id='word_1_354' title='bbox 1103 2632 1188 2655; x_wconf 87' lang='lat' dir='ltr'>eam</span> <span class='ocrx_word' id='word_1_355' title='bbox 1208 2617 1317 2655; x_wconf 88' lang='lat' dir='ltr'>huius</span> <span class='ocrx_word' id='word_1_356' title='bbox 1332 2617 1460 2664; x_wconf 90' lang='lat' dir='ltr'>videri,</span> <span class='ocrx_word' id='word_1_357' title='bbox 1481 2629 1500 2651; x_wconf 87' lang='lat' dir='ltr'>a</span> <span class='ocrx_word' id='word_1_358' title='bbox 1517 2616 1664 2665; x_wconf 86' lang='lat' dir='ltr'>Cupero</span> <span class='ocrx_word' id='word_1_359' title='bbox 1685 2628 1754 2651; x_wconf 81' lang='lat' dir='ltr'>ve-</span> 
     </span>
     <span class='ocr_line' id='line_1_79' title="bbox 1100 2672 1753 2726; baseline -0.008 -15"><span class='ocrx_word' id='word_1_360' title='bbox 1100 2677 1197 2712; x_wconf 84' lang='lat' dir='ltr'>ritati</span> <span class='ocrx_word' id='word_1_361' title='bbox 1218 2673 1442 2726; x_wconf 89' lang='lat' dir='ltr'>respondere</span> <span class='ocrx_word' id='word_1_362' title='bbox 1461 2679 1632 2721; x_wconf 82' lang='lat' dir='ltr'>negatur,</span> <span class='ocrx_word' id='word_1_363' title='bbox 1657 2672 1753 2722; x_wconf 85' lang='lat' dir='ltr'>Epi-</span> 
     </span>
    </p>
   </div>
   <div class='ocr_carea' id='block_1_17' title="bbox 1101 2729 1752 2780">
    <p class='ocr_par' dir='ltr' id='par_1_18' title="bbox 1101 2729 1752 2780">
     <span class='ocr_line' id='line_1_80' title="bbox 1101 2729 1752 2780; baseline -0.011 -10"><span class='ocrx_word' id='word_1_364' title='bbox 1101 2733 1184 2772; x_wconf 90' lang='lat' dir='ltr'>stol.</span> <span class='ocrx_word' id='word_1_365' title='bbox 1213 2732 1295 2769; x_wconf 87' lang='lat' dir='ltr'>Lib.</span> <span class='ocrx_word' id='word_1_366' title='bbox 1322 2731 1358 2767; x_wconf 90' lang='lat'>11</span> <span class='ocrx_word' id='word_1_367' title='bbox 1386 2741 1473 2780; x_wconf 85' lang='lat' dir='ltr'>pag.</span> <span class='ocrx_word' id='word_1_368' title='bbox 1495 2731 1588 2770; x_wconf 89' lang='grc'><strong>177.</strong></span> <span class='ocrx_word' id='word_1_369' title='bbox 1627 2729 1752 2765; x_wconf 86' lang='lat' dir='ltr'>Litem</span> 
     </span>
    </p>
   </div>
  </div>
 </body>
</html>
