1996 3238
614 215 711 252 UR
741 216 777 251 A
812 217 845 251 N
876 217 892 252 1
922 218 971 253 A.
1030 217 1154 253 Vlll.

1449 219 1507 259 67

108 330 171 375 51

242 342 385 376 ταιαν,
411 323 664 378 πυθόμενος
697 325 904 378 Θηβαίων
933 323 1000 367 ὅτι
1031 324 1115 368 οὐκ
1145 326 1362 383 ἐμήδιζον.
1401 324 1505 371 'Aua
1517 327 1839 395 ωρῃηξῖῗῗῖα

241 396 288 439 δὲ
316 399 389 448 τῆς
419 392 645 449 διαβάσιος
683 396 764 436 τοῦ
791 391 1127 448 Ἑλλησπόντου,
1158 396 1287 438 ἔνθεν
1324 395 1509 450 πορεύε-

241 470 344 509 σθαι
364 463 551 519 ἤρξαντο
584 462 627 503 οἱ
653 459 883 515 βάρβαροι,
915 461 993 503 ἕνα
1035 460 1174 505 αὐτοῦ
1205 466 1510 516 διατρίψαντες

239 536 376 588 μῆνα,
418 532 466 574 ἐν
494 533 556 587 τῷ
587 528 809 585 διέβαινον
840 531 882 580 ἐς
912 530 992 585 τήν
1023 528 1269 587 Εὐρώπην,
1314 534 1360 574 ἐν
1393 533 1507 586 τρισὶ

235 600 419 653 ἑτέροισι
448 599 603 655 μήνεσι
633 598 833 653 ἐγένοντο
867 597 915 641 ἐν
943 601 996 655 τῇ
1024 598 1213 655 Ἀττικῇ,
1254 601 1507 644 Καλλιάδεω

209 675 232 708 Q
243 667 456 723 ἄρχοντος
499 666 782 722 Ἀθηναίοισι.

871 667 945 709 καὶ
999 668 1198 721 αἱρέουσι
1249 667 1414 722 ἐρῆμον
1456 669 1566 713 τὸ45

238 734 362 786 ἄστυ,
393 738 467 779 καί
495 752 618 786 τινας
649 734 825 790 ὀλίγους
862 732 1118 789 εὑρίσκουσι
1148 739 1238 778 τῶν
1263 734 1508 791 Ἀθηναίων

234 803 284 847 ἐν
313 808 374 859 τῷ
403 806 486 857 ἱρῷ
515 804 678 857 ἐόντας,
708 807 864 859 ταμίας
895 820 939 847 τε
966 808 1046 846 τοῦ
1076 805 1189 857 ἱροῦ,
1219 804 1292 846 καὶ
1323 805 1509 860 πένητας

236 870 530 926 ἀνθρώπους·
563 875 607 916 οἳ
637 872 910 929 φραξάμενοι
940 871 1021 929 τὴν
1061 870 1306 926 ἀκρόπολιν
1344 875 1510 931 θύρῃ-σί

176 1069 489 1121 ipseMardonius
509 1070 731 1107 vulneratus
750 1069 843 1120 fug&

175 1128 339 1166 salutem
359 1129 523 1179 petierit,

413 1218 505 1269 Cap.
526 1219 591 1255 LI.

231 1293 328 1337 'And
350 1295 394 1337 δὲ
422 1300 494 1347 τῆς
525 1294 736 1349 διαβάσιος
763 1298 839 1335 τοῦ

173 1352 482 1406 Ἑλλησπόντου]
512 1357 537 1392 i.
560 1368 594 1392 e.
618 1356 663 1391 ab
693 1367 729 1391 eo
759 1353 840 1391 iude

174 1416 342 1462 tempore,
377 1426 444 1463 quo
468 1412 734 1462 Hellespontum
764 1415 840 1448 tra-

173 1470 340 1507 iecerunt.
398 1468 513 1505 Haud
541 1470 650 1505 aliter
691 1464 770 1506 ‹Zrcd
798 1470 839 1503 in

174 1532 349 1577 tempore
368 1525 574 1562 indicando
587 1556 597 1572 ,
627 1526 693 1561 ubi
713 1526 840 1560 Latini

175 1596 199 1619 α
218 1596 248 1620 s.
266 1587 346 1633 post
366 1590 528 1633 ponunt,
550 1582 656 1628 VIII,
686 1581 752 1623 54.
772 1580 838 1621 55.

173 1640 292 1676 Plura
312 1641 341 1676 F
343 1638 478 1676 ischer.
513 1638 562 1676 ad
583 1639 746 1675 wellen
770 1638 839 1679 111,

174 1709 197 1734 a
215 1709 303 1748 pag.
328 1698 405 1737 108
421 1710 502 1748 seq.
562 1697 599 1732 A
629 1708 705 1747 quo
736 1702 840 1731 tem-

172 1767 266 1805 pore
287 1752 400 1801 (haec
422 1761 477 1790 est
488 1752 672 1790 Herodoti
683 1759 841 1789 senten-

173 1812 243 1860 tia)
265 1812 402 1847 Persce
415 1811 709 1861 Hellespontum
722 1810 840 1846 traie-

174 1875 329 1915 cerunt,
368 1869 511 1904 itineris
541 1869 599 1917 (in
619 1869 837 1917 Europam)

172 1925 323 1962 initium
363 1925 565 1973 facientes,
623 1937 748 1961 unum
786 1924 841 1960 ibi

175 1983 234 2028 (iu
263 1982 531 2032 Hellesponto)
566 1994 763 2027 mensem,
797 1982 838 2016 iu

174 2039 257 2089 ipso
297 2041 456 2075 transitu
495 2039 552 2085 (et
589 2040 630 2074 iu
665 2038 837 2074 exercitu

175 2093 390 2132 ordinando
430 2103 467 2131 et
500 2093 711 2146 lustrando)
741 2107 837 2130 con-

173 2159 394 2202 sumptum,
451 2153 698 2197 commorati,
746 2149 837 2186 inde

170 2209 288 2245 trium
307 2209 498 2244 mensium
524 2210 645 2259 spatio
668 2207 838 2244 devene-

171 2272 261 2302 runt
288 2266 330 2301 in
349 2267 536 2313 Atticam,
568 2277 669 2301 anno
698 2263 781 2305 480
803 2276 836 2300 a.

171 2322 263 2361 Chr.
293 2336 332 2361 n.
366 2335 396 2359 s.
426 2322 580 2373 Olymp.
600 2322 677 2369 75,
703 2325 738 2367 1,
763 2333 838 2368 qno

172 2380 310 2416 Callias
349 2377 492 2416 archon
521 2391 737 2430 eponymus
766 2377 838 2414 fuit

172 2435 346 2474 Athenis.
406 2432 535 2475 αὐτοῦ
573 2437 597 2472 i.
640 2449 674 2472 e.
711 2434 753 2474 ἕν
783 2437 837 2487 τῷ

169 2489 462 2543 Ἑλλησπόντῳ.
545 2491 608 2528 Ad
667 2492 835 2528 formam

173 2546 339 2601 μήνεσι,
370 2552 478 2586 cuius
496 2549 582 2585 loco
604 2548 698 2585 olim
729 2550 838 2598 μησί,

172 2606 251 2644 vid.
270 2605 408 2643 Matth.
437 2608 504 2644 Gr.
525 2607 592 2643 Gr.
614 2607 652 2651 ξ.
673 2605 727 2645 75
748 2618 836 2656 pag.

176 2666 256 2705 166
278 2664 365 2700 coll.
385 2665 531 2700 Iacobs.
554 2662 604 2700 ad
624 2663 773 2698 Aelian.
788 2663 836 2699 N.

172 2720 222 2756 A.
242 2721 311 2767 lx,
333 2719 373 2759 4.
404 2722 455 2758 Et
474 2719 550 2758 vid.
572 2722 699 2771 ipsum
714 2720 838 2755 Hero-

176 2774 310 2813 dotum
347 2777 419 2824 lv,
466 2780 536 2819 43.
601 2775 665 2813 Ad
696 2776 838 2827 geniti-

176 2845 242 2870 vos
270 2832 503 2874 Καλλιάδεω
538 2830 730 2886 ἔρχοντος
756 2831 837 2872 vid.

900 1065 1038 1106 matth.
1061 1069 1128 1106 Gr.
1151 1070 1217 1108 Gr.
1242 1071 1282 1116 ξ.
1302 1072 1383 1113 565
1398 1101 1408 1120 ,
1434 1076 1453 1113 1
1476 1085 1567 1124 pag.

903 1129 1023 1166 1113.

952 1204 1019 1244 καὶ
1034 1203 1229 1256 αἱρέουσι]
1245 1207 1425 1244 Subitam
1439 1216 1564 1246 trans-

893 1263 991 1299 itum
1001 1269 1218 1313 temporum
1241 1264 1287 1300 ab
1311 1266 1445 1301 aoristo
1460 1263 1563 1316 (ἐγέ-

894 1317 1033 1371 νοντο)
1065 1318 1114 1356 ad
1137 1333 1316 1371 praesens
1343 1323 1563 1360 notavimus

895 1375 944 1413 ad
964 1376 1019 1424 V,
1040 1377 1109 1418 55.

952 1456 1098 1506 ταμίας
1118 1470 1158 1494 τε
1179 1458 1253 1495 τοῦ
1286 1455 1399 1506 ἱροῦ]
1429 1457 1562 1494 Prima

896 1510 960 1548 hic
980 1514 1127 1548 mentio
1150 1515 1357 1564 quaestoris
1388 1515 1487 1550 sacri
1519 1515 1562 1550 in

896 1570 1042 1619 templo
1067 1570 1287 1615 Minervae,
1318 1570 1386 1606 ubi
1414 1572 1563 1621 prima-

896 1627 998 1662 rium
1018 1627 1168 1662 Atticae
1189 1628 1348 1663 civitatis
1365 1627 1437 1664 fuit
1453 1640 1563 1664 aera·

896 1685 1017 1730 rium,
1050 1684 1091 1719 in
1121 1696 1198 1736 quo
1235 1685 1366 1720 omnia
1387 1683 1558 1731 donaria,

896 1741 1119 1791 vectigalia,
1162 1741 1353 1785 mulctas,
1404 1742 1478 1777 alia
1519 1740 1560 1778 id

896 1810 1018 1847 genus
1044 1796 1312 1848 deponebant,
1345 1797 1497 1835 condita
1519 1799 1560 1835 in

896 1854 1149 1892 Parthenonis
1165 1855 1258 1891 cella
1272 1853 1454 1905 quadam.
1479 1856 1561 1892 Po-

896 1920 976 1949 stea
995 1912 1162 1948 crebrior
1183 1913 1330 1948 mentio
1362 1913 1401 1948 in
1422 1913 1560 1949 inscri-

896 1970 1089 2019 ptionibus
1112 1970 1242 2005 aliisve
1280 1971 1557 2009 monumentis.

893 2026 1006 2063 [ude
1056 2025 1192 2063 decem
1231 2026 1346 2062 fuisse
1393 2039 1558 2064 numero

895 2090 1112 2134 quaestores
1143 2096 1162 2117 e
1192 2083 1337 2119 civibus
1360 2081 1558 2120 ditioribus

895 2140 1058 2185 electos,
1108 2139 1370 2187 intelligimus.
1439 2140 1558 2175 Plura

893 2194 1069 2232 Boeckh.
1112 2195 1322 2231 Oeconom.
1362 2193 1506 2232 Athen.
1539 2196 1558 2232 1

895 2266 982 2304 pag.
1005 2254 1095 2292 172.
1122 2251 1206 2290 coll.
1228 2252 1557 2301 PetitLegg.Att.

893 2323 929 2360 p.
957 2311 1053 2350 533.
1084 2306 1200 2359 Apud
1230 2309 1452 2345 Cornelium
1479 2310 1560 2345 Ne-

892 2373 972 2417 pot.
1008 2364 1261 2402 Themistocl.
1291 2364 1315 2404 4
1343 2366 1426 2401 init.
1458 2366 1559 2403 Xer-

891 2437 959 2460 xes
990 2421 1126 2459 dicitur
1165 2435 1314 2467 arcem,
1353 2422 1559 2461 interfectis

891 2480 1153 2525 sacerdotibus,
1184 2491 1280 2529 quos
1308 2479 1349 2513 in
1383 2491 1469 2516 arce
1492 2481 1559 2517 in-

895 2544 1072 2583 venerat,
1094 2534 1272 2572 incendio
1302 2533 1499 2574 delevisse.

951 2600 1124 2659 θῑῖρῃσι]
1166 2603 1319 2651 tabulis,
1367 2605 1556 2653 asseribus,

893 2663 1012 2707 utll,
1052 2663 1119 2701 96.
1160 2661 1313 2697 Monuit
1351 2659 1556 2712 Schweig-

893 2717 1066 2757 haeuser.
1127 2716 1239 2761 Quod
1257 2718 1429 2769 sequitur
1447 2714 1475 2768 η’
1478 2715 1556 2768 μύ-

894 2789 1011 2814 vor-ro
1025 2804 1035 2822 ‚
1070 2780 1108 2810 et
1127 2771 1165 2813 h.
1182 2774 1210 2811 l.
1231 2781 1269 2811 et
1289 2787 1371 2824 cap.
1394 2776 1471 2820 52,
1493 2787 1555 2811 ac-

894 2833 1021 2884 cipio:
1054 2842 1195 2880 crate,
1220 2831 1415 2882 propellere
1430 2830 1555 2869 stude-

1205 2885 1268 2927 5*
