1879 3222
266 218 350 257 42⁰
809 215 1187 256 COMMENTATIO

268 330 345 366 lem
363 326 624 366 exhibeamus.
679 327 817 365 Talem
837 327 939 365 enim
956 329 1206 366 temeritatem
1227 341 1247 365 a
1272 325 1496 367 venerandis
1517 328 1744 381 antiquitatis

268 386 524 422 monumentis
546 397 661 436 quam
682 386 851 421 maxime
866 386 992 422 abesse
1009 385 1146 422 debere
1164 385 1387 423 iudicamus.
1445 384 1555 430 Quod
1584 398 1674 423 vero
1694 388 1744 424 A.

266 441 447 478 Matthiae
467 443 592 478 statuit
612 440 660 477 ad
681 440 860 478 Herodot.
879 443 926 489 11,
949 444 1000 481 87
1021 455 1059 491 p.
1081 444 1184 482 289:
1231 444 1537 492 „Qualiscunque
1556 443 1603 478 sit
1626 441 1744 478 diale-

267 499 317 536 cti
337 496 575 534 Herodoteae
595 498 764 546 licentia,
799 499 900 548 leges
922 499 988 533 etsi
1004 510 1080 533 non
1107 498 1374 545 invenerimus,
1396 511 1473 534 esse
1496 505 1636 545 tamen,
1657 499 1744 550 qui-

264 554 335 591 bus
356 553 491 591 harum
512 555 721 590 formarum
751 552 799 590 ad
815 567 923 590 suam
945 566 1117 604 quaeque
1146 554 1459 591 consuetudinem
1488 556 1743 604 restringatur,

264 623 380 647 nemo
406 611 516 647 facile
536 623 675 659 negare
695 611 844 661 poterit,
902 612 974 646 Res
1006 617 1060 646 est
1084 610 1260 659 longioris
1287 610 1550 662 disquisitionis
1567 640 1577 658 ,
1627 623 1745 662 quam

263 673 307 703 ut
329 668 433 704 brevi
452 668 695 703 annotatione
717 667 859 703 absolvi
888 666 1041 716 possit,“
1071 666 1135 702 vix
1155 665 1331 717 equidem
1348 666 1459 703 credo
1481 666 1745 703 huiuscemodi

262 723 366 772 leges
393 736 563 774 uuquam
592 722 673 760 fore
698 724 762 774 qui
793 723 974 772 reperiat,-
1013 734 1109 772 quae
1139 723 1308 758 maxime
1338 735 1471 759 vereor
1501 731 1543 759 ut
1571 735 1744 774 unquam

264 780 473 816 exstiterint
488 781 663 816 animove
683 779 872 828 scriptoris
893 785 972 814 tam
993 776 1145 813 definite
1171 785 1208 814 et
1229 779 1326 814 clare
1347 779 1562 815 obversatae
1590 780 1744 816 suerint.

263 835 337 881 Qui
366 836 482 885 igitur
501 837 547 872 ab
568 834 749 871 Herodoti
770 833 911 870 editore
931 832 970 870 id
991 835 1164 883 postulat,
1195 831 1241 883 ᾇ)
1273 841 1313 870 ut
1334 835 1425 870 tales
1439 836 1621 871 sermonis
1641 836 1744 886 leges

262 893 430 940 rimetur,
460 890 671 928 secundum
692 903 785 942 quas
804 890 923 927 varias
944 888 1005 926 hic
1024 891 1099 926 illic
1121 891 1248 927 obvias
1269 891 1445 927 lectiones
1467 889 1645 928 diiudicet
1658 898 1745 928 tex-

261 954 421 999 tumque
455 949 676 994 constituat,
716 948 746 983 is
775 947 864 983 talia
891 947 945 982 illi
971 947 1170 997 imponere
1196 945 1290 983 mihi
1319 946 1485 994 videtur,
1523 959 1621 998 quae
1640 959 1745 996 nun-

262 1017 379 1056 quam
399 1004 445 1040 ab
465 1004 529 1040 illo
549 1003 728 1054 praestari
746 1016 855 1053 posse
874 1016 1093 1053 persuasum
1113 1002 1249 1040 habeo.
1278 1005 1412 1055 Itaque
1433 1016 1482 1039 ne
1506 1003 1657 1040 Struvio
1670 999 1745 1052 ml*)

261 1058 419 1112 quidem
455 1060 563 1096 nobis
591 1072 740 1110 prorsus
769 1061 937 1096 assentiri
960 1060 1083 1108 licuit3
1124 1061 1189 1111 qui
1221 1061 1277 1096 vir
1303 1059 1537 1096 doctissimus
1564 1058 1746 1096 laudabili

261 1115 407 1163 studio,
448 1117 508 1152 cui
530 1129 598 1167 par
629 1117 782 1153 accessit
810 1115 1003 1166 diligentia
1035 1129 1261 1167 summaque
1285 1117 1448 1153 sollertia
1467 1117 1507 1152 in
1531 1116 1687 1166 singulis
1707 1121 1745 1152 et

260 1171 481 1222 colligendis
502 1179 538 1209 et
554 1171 786 1222 digerendis,
808 1174 981 1209 Ionicum
1001 1172 1184 1209 Herodoti
1200 1186 1416 1209 sermonem
1437 1171 1484 1208 ad
1505 1179 1622 1209 certas
1641 1173 1745 1222 leges

261 1235 300 1265 et
321 1228 369 1265 ad
388 1229 525 1265 iustam
544 1229 755 1265 formarum
776 1230 1026 1266 constantiam
1047 1229 1268 1277 revocandi,
1302 1242 1376 1280 quo
1407 1230 1534 1265 critico
1554 1230 1635 1266 viro
1660 1241 1746 1265 cer-

260 1291 339 1322 tam
359 1292 506 1335 pararet
521 1286 643 1334 viam,
674 1292 716 1322 ut
737 1298 786 1321 ne
806 1287 845 1321 in
865 1286 1021 1335 singulis
1044 1285 1174 1322 formis
1199 1285 1380 1335 eligendis
1408 1298 1545 1335 anceps
1572 1283 1744 1321 haereret

259 1341 535 1378 inconstantiae
564 1342 618 1378 illi
647 1342 858 1378 formarum
889 1343 1122 1392 singularum
1152 1343 1203 1378 ita
1232 1342 1398 1379 succurri
1418 1354 1525 1392 posse
1545 1341 1742 1377 arbitratus

259 1404 335 1445 est,
364 1404 406 1434 ut
424 1400 454 1435 si
475 1411 591 1450 quam
609 1399 773 1434 formam
801 1399 972 1449 plurimis
999 1399 1090 1435 locis
1110 1400 1255 1446 Noster,
1282 1397 1494 1435 secundum
1512 1398 1745 1446 optimorum

259 1453 444 1490 librorum
467 1456 748 1502 auctoritatem,
785 1462 1000 1491 constanter
1018 1456 1202 1502 tenuerit,
1241 1454 1402 1491 eandem
1422 1465 1575 1504 quoque
1595 1454 1634 1488 in
1653 1452 1744 1488 reli-

260 1510 344 1561 quis
363 1510 476 1558 locis,
507 1510 546 1545 in
568 1508 705 1561 quibus
723 1512 852 1560 paucis
874 1512 944 1546 alia
965 1512 1088 1546 forma
1109 1512 1232 1557 obvia,
1252 1511 1368 1560 recipi
1387 1510 1501 1546 vellet
1529 1509 1592 1546 vel
1619 1508 1744 1545 invitis

260 1564 453 1602 codicibus
467 1594 477 1613 ,
507 1579 528 1602 a
557 1566 693 1617 quibus
710 1579 778 1603 nos
798 1567 837 1602 in
853 1579 893 1602 re
913 1573 992 1603 tam
1011 1568 1154 1603 incerta
1174 1573 1328 1617 tamque
1353 1565 1467 1602 dubia
1487 1571 1584 1602 stare
1605 1565 1744 1601 malui-

258 1634 358 1670 mus,
385 1617 481 1669 ***)
521 1635 641 1672 quum
659 1623 755 1658 iusta
774 1621 947 1658 mutandi
966 1635 1077 1658 causa
1096 1623 1204 1659 nobis
1221 1623 1326 1658 nulla
1347 1621 1597 1671 adparuisset,
1618 1622 1743 1656 Hero-

258 1676 395 1714 dotum
421 1690 498 1712 una
519 1676 729 1728 eademque
761 1678 884 1713 forma
905 1679 1026 1714 ubivis
1047 1691 1158 1713 usum
1180 1691 1257 1713 esse
1277 1678 1502 1726 negantibus
1523 1683 1559 1713 et
1586 1675 1742 1727 quidem

257 1733 339 1784 ipso
359 1740 531 1770 veterum
552 1734 735 1769 librorum
756 1746 804 1769 ex
832 1734 1067 1781 testimonio,
1110 1746 1275 1784 quorum
1303 1734 1565 1769 auctoritatem
1593 1733 1633 1768 in
1653 1733 1741 1769 tali-

257 1790 328 1827 bus
348 1788 518 1826 deserere
537 1790 645 1826 nobis
664 1802 743 1826 non
772 1790 872 1826 licet.
931 1791 1172 1841 Quamquam
1193 1802 1272 1825 non
1293 1802 1377 1825 sum
1390 1790 1558 1836 nescius,
1589 1789 1627 1824 iu
1660 1790 1741 1824 He-

258 1844 393 1882 rodoto
425 1844 528 1881 haud
557 1858 678 1895 pauca
708 1845 796 1881 ferri
822 1844 983 1892 menda,
1015 1859 1112 1896 quae
1132 1845 1307 1882 codicum
1329 1851 1515 1896 quotquot
1541 1850 1742 1894 supersunt

259 1902 435 1939 omnium
454 1902 595 1938 auxilio
615 1902 695 1938 tolli
715 1909 920 1953 nequeant,
941 1900 990 1952 †)
1021 1901 1068 1938 de
1098 1903 1232 1953 quibus
1252 1903 1387 1938 merito
1416 1902 1495 1936 iam
1514 1907 1740 1951 conquestus

259 1964 337 1995 erat
356 1955 730 2010 Wesselingius,††)
752 1959 782 1995 si
801 1957 958 2011 quidem
977 1959 1046 1996 ista
1071 1964 1150 1995 tam
1168 1959 1374 1997 inveterata
1389 1963 1498 2006 sunt,
1528 1962 1570 1994 ut
1591 1954 1740 1993 codices

347 2181 381 2222 ')
406 2180 504 2214 Conf.
527 2179 768 2225 Ephemeridd.
790 2180 938 2215 lenenss.
964 2181 1052 2216 1817
1077 2191 1127 2215 nr.
1154 2182 1217 2216 161
1243 2191 1276 2225 p.
1302 2180 1382 2214 352.

345 2247 393 2292 n)
427 2248 670 2289 Quaestionum
700 2248 743 2283 de
767 2248 912 2283 dialecto
936 2248 1103 2283 Herodoti
1127 2248 1305 2293 Specimen
1330 2247 1356 2280 Ι.
1382 2245 1426 2280 11.
1446 2245 1510 2281 111.
1534 2243 1738 2288 Regimontii

256 2293 472 2383 ἐὸἒέἒὲεὲἑζ.
505 2295 563 2329 Tu
593 2294 661 2329 vid.
687 2306 775 2340 quae
798 2295 868 2329 dixi
891 2295 925 2329 in
949 2294 1096 2328 Seebod.
1120 2294 1273 2328 biblioth.
1305 2292 1411 2326 critic.
1439 2293 1537 2327 1829.
1560 2291 1593 2324 11
1617 2301 1667 2324 nr.
1692 2291 1737 2325 98

347 2405 411 2447 ’”)
440 2405 517 2440 Vid.
533 2408 617 2440 nott.
634 2407 676 2440 ad
700 2407 829 2440 Herod.
852 2407 899 2447 Π,
925 2408 1000 2440 121.
1024 2406 1069 2439 Τ.
1093 2406 1109 2437 Ι
1134 2418 1166 2449 p.
1190 2406 1256 2439 751
1283 2405 1324 2438 ad
1348 2404 1410 2445 III,
1433 2405 1467 2438 2.
1491 2404 1536 2438 48
1557 2403 1618 2447 (T.
1643 2401 1678 2435 Π
1701 2413 1734 2446 p.

255 2450 290 2527 {in
313 2449 593 2531 ίΙέΞ-ἰὺξῗῩ)οΧεΙ1,16.91.
613 2453 657 2486 Τ.
683 2452 735 2486 111
758 2464 792 2497 p.
814 2453 883 2487 322
906 2452 978 2486 coll.
1002 2450 1045 2485 ad
1068 2450 1096 2494 1,
1120 2453 1175 2486 77.
1209 2451 1254 2487 Τ.
1277 2451 1292 2484 1
1315 2462 1349 2496 p.
1375 2451 1438 2485 198
1473 2455 1510 2484 et
1539 2459 1627 2494 quae
1661 2447 1735 2484 dixi

347 2562 390 2605 †)
441 2563 539 2598 Cous.
583 2567 668 2598 nott.
706 2565 748 2598 ad
771 2565 847 2605 vn,
874 2565 948 2598 162.
970 2564 1014 2598 T.
1041 2564 1091 2597 ΠΙ
1115 2576 1146 2605 p.
1173 2564 1237 2598 691
1273 2563 1346 2596 coll.
1372 2562 1432 2604 IX,
1465 2561 1539 2595 122.
1587 2560 1636 2593 Et
1669 2558 1735 2593 huc

257 2607 368 2639 resero
392 2610 581 2643 mendosum
596 2610 678 2643 illud
703 2609 958 2653 διεπρήστευσε
983 2610 1042 2651 lv,
1059 2605 1194 2651 79‚''ubi
1211 2610 1254 2643 cf.
1279 2612 1361 2642 nott.
1385 2608 1429 2642 T.
1453 2607 1485 2639 11
1508 2617 1541 2649 p.
1565 2605 1642 2645 429,
1675 2616 1735 2638 eo-

259 2651 413 2695 demque,
437 2659 475 2686 ut
498 2655 644 2697 videtur,
669 2657 841 2700 pertinent
863 2656 939 2697 Vll,
966 2655 1029 2689 145
1055 2653 1320 2698 ἐγκεχρημένοι,
1344 2653 1402 2687 ubi
1426 2651 1496 2685 vid.
1522 2655 1606 2684 nott.
1631 2650 1734 2683 'r.111

258 2708 292 2741 r·
319 2698 396 2731 659·
423 2698 499 2738 Vll,
521 2701 564 2733 89
587 2699 826 2742 ἐσταλάδατο,
852 2701 908 2734 ubi
932 2701 998 2734 vid.
1023 2705 1106 2737 nott.
1130 2713 1164 2745 p.
1199 2701 1265 2735 572
1286 2710 1358 2744 seq.
1385 2696 1478 2738 vm,
1503 2696 1547 2730 73
1581 2693 1734 2729 ἐκδεδω-

259 2741 432 2785 ρίευνται,
453 2743 509 2777 ubi
531 2745 598 2778 vid.
621 2751 706 2780 nott.
731 2747 775 2781 T.
800 2747 848 2780 11!
871 2758 903 2792 p.
930 2748 1006 2783 100.

351 2809 417 2853 ††)
441 2809 474 2843 in
495 2810 674 2846 Dissertat.
697 2814 823 2847 Herod.
848 2813 880 2847 X
902 2813 1028 2856 p.147.
