1879 3222
247 191 330 232 416
538 224 541 226 μ
798 186 1175 227 COMMENTATIO

247 301 313 341 καὶ
335 298 479 351 αὕτᾶς;
509 313 606 353 quae
627 299 760 337 eadem
776 301 853 337 fere
873 308 1017 339 exstant
1036 302 1075 338 in
1095 303 1176 340 libr.
1207 301 1406 348 Quomodo
1424 301 1550 342 histor.
1572 317 1716 347 consor.

249 360 286 404 §.
305 358 358 399 42
379 373 416 409 p.
436 357 489 399 48
509 360 639 394 Herm.
697 356 806 394 Unde
831 356 902 395 hoc
922 365 1021 395 certo
1042 358 1135 395 mihi
1165 360 1342 409 colligere
1357 373 1462 410 posse
1482 359 1623 409 videor,
1638 362 1718 397 Lu-

247 416 344 452 ciani
367 421 488 451 aetate
504 412 601 450 hanc
627 420 663 450 et
679 412 955 451 distinctionem
977 422 1012 451 et
1033 415 1324 465 appellationem
1345 417 1420 452 iam
1437 417 1649 463 obtinuisse,
1671 417 1717 453 ab

247 470 531 519 Alexandrinis,
559 471 704 520 opinor,
725 471 857 507 criticis
877 469 1141 516 introductam,
1175 485 1281 523 qnos,
1311 479 1350 510 ut
1367 474 1444 509 aliis
1461 486 1584 509 rerum
1599 473 1719 523 scrip-

246 528 406 575 toribus,
434 528 485 563 ita
511 525 703 564 Herodoto
723 528 950 577 peculiarem
978 527 1169 578 quandam
1199 541 1329 565 curam
1351 529 1575 580 impendisse
1604 541 1719 566 nemo

246 584 377 620 nescit.
434 585 512 620 Nec
543 582 676 620 desunt
693 584 831 620 similes
852 596 1008 634 operum
1027 584 1135 619 tituli.
1200 585 1296 621 Bion
1323 584 1470 632 rhetor,
1504 592 1595 622 teste
1624 586 1720 621 Dio-

246 652 336 690 gen.
362 641 488 678 Laert.
511 640 573 687 lv,
605 640 670 687 58,
698 653 837 677 novem
858 653 950 691 quos
972 638 1138 675 ediderat
1158 639 1270 677 libros
1293 640 1480 678 ,Musarum
1505 642 1720 678 nominibus

245 696 443 747 inscripsit.
501 694 795 746 Cephalionem,
836 697 900 747 qui
924 708 1050 731 rerum
1076 697 1233 745 scriptor
1266 697 1471 734 Alexandri
1499 705 1618 734 aetate
1647 698 1721 734 llo-

246 753 361 789 ruisse
382 752 499 789 fertur
518 782 529 800 ,
549 751 722 789 historiae
737 753 849 788 libros
878 753 1006 787 lonico
1021 764 1195 788 sermone
1214 753 1387 802 scriptOS,
1430 753 1619 791 IlIusarum
1647 767 1721 790 no·-

245 810 411 846 minibus
439 810 672 858 insignivisse
701 814 827 844 narrat
853 805 1010 844 Photius
1039 809 1136 845 Bibl.
1159 807 1253 845 cod.
1273 809 1429 845 LXVIII
1450 823 1487 859 p.
1509 808 1561 849 34
1582 808 1720 858 Bekk„

245 864 424 917 idemque
438 866 566 901 fecisse
577 864 776 900 Aurelium
787 864 952 913 Opilium
966 870 1120 900 testatur
1132 865 1288 901 Suetou.
1309 866 1366 901 De
1385 866 1534 902 illustrr.
1550 866 1723 903 Graium.

246 934 306 972 cp.
329 924 368 962 6.
424 920 649 967 Aeschines,
688 919 824 955 eodem
843 926 936 957 teste
956 919 1093 957 Photio
1116 920 1208 958 cod.
1235 922 1324 957 LXI
1346 922 1428 958 init.
1449 935 1488 972 p.
1509 923 1563 961 20
1582 920 1721 970 Bekk.,

245 979 360 1015 tribus
373 978 600 1014 orationibus
615 977 834 1024 Gratiarum,
843 989 982 1014 novem
994 978 1155 1027 epistolis
1165 976 1356 1015 Musarum
1367 979 1544 1027 imposuit
1553 976 1724 1018 nomina.

244 1035 348 1071 Num
376 1045 465 1070 vero
488 1031 733 1083 Theopompi
762 1039 903 1080 aetate,
935 1035 998 1085 qui
1020 1034 1166 1071 duobus
1185 1035 1288 1070 libris
1305 1042 1527 1084 conceptam
1540 1033 1724 1071 Herodoti

246 1092 438 1140 epitomen
458 1090 643 1140 scripsisse
667 1089 806 1136 fertur,
835 1091 1016 1126 Herodoti
1028 1103 1120 1140 opus
1146 1092 1223 1127 iam
1249 1092 1313 1138 ita,
1337 1092 1389 1127 uti
1408 1104 1510 1127 nunc
1538 1089 1722 1138 videmus,

247 1146 408 1184 divisum
425 1152 461 1182 et
478 1147 701 1196 inscriptum
720 1146 844 1191 fuerit,
871 1145 910 1183 id
929 1148 968 1183 in
983 1153 1086 1184 tanta
1100 1148 1401 1199 fragmentorum
1415 1146 1524 1184 huius
1537 1148 1724 1198 epitomae

245 1203 432 1255 paucitate
461 1201 608 1240 definiri
623 1203 768 1254 nequit.
797 1199 838 1252 ᾗ)

923 1338 962 1383 §.
995 1336 1060 1378 14.

345 1447 592 1498 Herodotus,
619 1449 878 1487 Halicarnasso
897 1451 1044 1487 Dorum
1064 1450 1211 1496 civitate
1230 1448 1423 1498 oriundus,
1450 1451 1578 1488 Ionica
1596 1457 1727 1488 tamen

247 1505 405 1544 dialecto
433 1507 546 1543 libros
569 1510 655 1543 suos
675 1506 855 1554 condidit,
878 1520 952 1558 qua
977 1506 1112 1543 eadem
1136 1508 1312 1556 Ctesiam,
1333 1503 1401 1556 Η)
1443 1509 1726 1559 Hippocratem,

245 1563 527 1611 Democritum,
569 1564 660 1599 alios
686 1576 772 1600 usos
790 1577 867 1600 esse
890 1565 1117 1614 accepimus,
1151 1571 1242 1601 tunc
1262 1564 1441 1615 temporis
1470 1566 1638 1601 maxime
1656 1576 1728 1600 ex-

246 1620 348 1657 culta
369 1626 405 1656 et
426 1620 592 1655 llorente.
648 1620 705 1655 Ac
724 1621 876 1656 Ionicae
907 1619 1064 1656 dialecto
1095 1620 1332 1657 Herodotum
1363 1621 1490 1668 Sami,
1520 1620 1597 1672 qua
1610 1621 1649 1656 in
1668 1621 1728 1655 in-

244 1677 326 1713 sula
343 1676 490 1724 longius
515 1682 614 1711 certe
633 1675 742 1710 illum
754 1682 1032 1711 commoratum
1053 1689 1129 1712 esse
1148 1688 1259 1725 supra
1280 1675 1444 1712 diximus
1463 1677 1519 1723 (ᾗ.
1531 1675 1584 1724 4),
1599 1688 1727 1712 assue-

247 1733 343 1770 visse
359 1730 462 1782 quod
476 1731 601 1767 scribit
614 1729 750 1767 Suidas
761 1727 862 1779 ssssssss)
884 1732 967 1768 loco
986 1744 1096 1781 supra
1117 1732 1282 1776 laudato,
1295 1744 1363 1781 pro
1385 1744 1489 1767 mera
1510 1732 1727 1768 coniectura

245 1787 286 1825 id
301 1786 520 1824 babendum
533 1799 609 1822 esse
620 1788 837 1836 pronuntiat
848 1789 990 1837 laeger.
1004 1789 1133 1837 Dispp.
1146 1786 1313 1823 Herodd.
1324 1801 1358 1837 p.
1370 1790 1407 1833 7,
1423 1787 1489 1823 ubi
1507 1788 1559 1824 sic
1579 1789 1720 1838 pergit:

246 1846 346 1893 „Res
363 1850 399 1879 et
414 1855 481 1893 per
492 1856 531 1879 se
543 1855 678 1892 parum
689 1843 890 1892 probabilis
908 1850 944 1880 et
963 1845 1198 1880 convincitur
1209 1844 1360 1880 Samiae
1374 1842 1664 1891 dialectiforma,
1680 1845 1727 1881 ab

245 1900 503 1953 Etymologici
514 1900 643 1947 Magni
663 1900 842 1949 scriptore
860 1906 1017 1947 servata,
1039 1895 1254 1947 Δεύνυσος,
1267 1897 1315 1950 †)
1337 1900 1382 1936 ab
1404 1898 1587 1936 Herodoti
1607 1899 1729 1936 diale-

247 1964 308 1995 cto
330 1957 464 1993 aliena.
525 1956 695 1992 Dubium
713 1968 791 1991 non
824 1969 901 1993 esse
921 1955 1094 2003 videtur,
1150 1957 1242 2007 quin
1271 1956 1472 2004 dialectus,
1503 1969 1578 2008 qua
1605 1958 1729 1994 Hero-

248 2013 359 2051 dotus
387 2025 475 2050 usus
506 2018 582 2061 est,
621 2012 736 2049 fuerit
763 2012 889 2049 forma
917 2011 1067 2050 dialecti
1101 2012 1253 2050 Ionicae
1281 2013 1423 2062 Carica,
1459 2009 1536 2063 -Η-)
1580 2011 1729 2063 eadem,

343 2200 375 2243 ι*)
398 2200 606 2243 Fragmenta
625 2200 723 2234 huius
745 2201 912 2243 epitomae
932 2211 1019 2245 quae
1035 2203 1171 2234 exstant
1195 2210 1303 2244 pauca
1326 2199 1462 2244 collegit
1484 2202 1521 2234 et
1541 2199 1730 2235 illustravit

250 2248 296 2282 G.
319 2246 499 2281 Frommel.
524 2246 557 2278 in
582 2246 892 2283 CreuzeriMelett.
916 2247 967 2280 Ill
993 2258 1026 2292 p.
1054 2246 1116 2280 135
1140 2257 1235 2290 seqq.

341 2315 400 2359 *Ὀ
426 2315 477 2348 De
501 2313 616 2347 cte-sict
640 2313 742 2347 dixi·
734 2326 766 2346 m
791 2314 888 2346 Prole
872 2325 948 2358 vgg.
973 2314 1016 2347 ad
1041 2313 1136 2346 cies.
1161 2314 1315 2356 fragium.
1339 2323 1372 2357 p.
1397 2313 1451 2346 ΞΟ.
1475 2313 1543 2354 21,
1577 2312 1634 2346 ubi
1657 2312 1726 2347 vid.

251 2362 393 2395 Salmas.
416 2361 468 2394 De
490 2359 668 2394 Hellenist.
692 2371 723 2403 p.
741 2358 907 2394 41—42.
936 2360 988 2393 De
1012 2360 1201 2393 Democrito
1226 2359 1313 2393 cons.
1337 2357 1466 2392 Aelian-
1491 2357 1533 2391 V.
1555 2357 1643 2401 Hist.
1667 2357 1727 2401 IV,

250 2410 305 2442 ΞΟ.
353 2408 404 2441 De
427 2407 636 2450 Hippocrate
659 2405 742 2438 satis
759 2409 901 2439 constat.

341 2476 404 2519 m)
430 2474 543 2508 Verba
564 2476 658 2507 sunt:
707 2469 745 2506 ἐν
764 2465 832 2505 οὖν
848 2472 890 2517 τῇ
915 2469 1030 2517 Σάμῳ
1050 2470 1111 2505 καὶ
1131 2469 1199 2515 τὴν
1216 2468 1318 2505 Ἰάδα
1344 2467 1492 2515 ἠσκήθη
1527 2468 1726 2504 διάλεκτον·

340 2543 380 2585 †)
405 2543 483 2576 Vid.
533 2541 644 2582 &259
669 2541 713 2575 30
737 2545 772 2574 et.
791 2541 834 2574 cf.
857 2540 1036 2582 Hesychl
1061 2552 1093 2586 p.
1119 2539 1197 2579 496,
1221 2540 1278 2573 ubi
1296 2536 1523 2583 ἀποφλᾶσαι·
1542 2534 1725 2582 ῥογχοὶσαι·

251 2587 388 2630 Κρῆτες
407 2587 467 2621 καὶ
488 2554 636 2629 Σάμιοι.
682 2586 836 2620 Fischer.
853 2586 896 2619 ad
923 2587 962 2619 W
968 2587 1059 2620 ellel.
1083 2586 1099 2619 I
1124 2597 1156 2630 p.
1181 2586 1237 2619 54.

342 2654 411 2707 Η)
433 2654 850 2694 Her0‹10t.1,142.Qui
875 2654 966 2687 locus
991 2665 1010 2687 a
1033 2654 1172 2697 laegero
1198 2654 1319 2687 allatus
1341 2653 1389 2687 sic
1418 2663 1455 2685 se
1484 2650 1606 2684 habet:
1650 2651 1725 2684 Mi-

252 2701 365 2755 λητος
375 2710 415 2741 μ
403 2711 439 2730 v
453 2696 576 2731 αὐτῶν
593 2697 717 2751 πρώτη
737 2699 856 2733 κέεται
874 2698 977 2738 nolas
1006 2698 1099 2741 πρὸς
1123 2699 1366 2743 ιιεσαμβρίην·
1397 2694 1487 2751 μετὰ
1520 2694 1558 2729 δὲ
1590 2694 1725 2736 Mvov'g

251 2757 290 2779 τε
308 2743 369 2778 καὶ
380 2742 542 2787 Πριήνη·
570 2737 681 2777 αὗται
695 2742 760 2786 μὲν
780 2742 819 2779 ἐν
838 2745 883 2790 τῇ
912 2745 1030 2789 Καρίῃ
1049 2746 1303 2789 κατοίκηνται,
1338 2754 1432 2778 κατα
1461 2742 1581 2776 ταῦτα
1606 2742 1727 2777 διαλε-

250 2789 338 2836 γόμε
324 2790 403 2825 ναί
427 2799 503 2834 σφι.
