1996 3238
688 139 1030 177 URANIA.
1087 140 1217 177 V111.
1528 142 1582 180 13

1636 250 1735 277 silium
1781 250 1907 283 capitur.

322 247 580 305 λεχθέντων,
620 246 761 299 ἐνίκα,
800 246 881 303 τήν
910 246 1076 303 ἡμέρην
1114 248 1281 305 ἐκείνην
1318 247 1458 292 αὐτοῦ
1487 250 1578 304 μεί-
1636 284 1774 311 smmum
1788 284 1911 315 Graeci,

1636 319 1742 344 relicto
1784 318 1911 343 Artemi-

321 313 479 366 ναντάς
507 331 551 358 τε
580 316 653 358 καὶ
687 314 993 366 αὐλισθέντας,
1026 315 1245 370 μετέπειτα
1275 316 1411 360 νύκτα
1441 316 1576 372 μέσην
1635 352 1690 385 8ίοῖ
1742 351 1771 377 in
1818 351 1911 377 anum

319 383 554 436 παρέντας,
584 383 868 438 πορεύεσθαι,
909 384 982 428 καὶ
1014 384 1209 427 άπαντᾶν
1239 389 1338 442 τῇσι
1367 388 1579 438 περιπλω-
1638 384 1852 420 Pr⁰V²¹¹¹¹¹¹¹⁰¹³

295 450 482 508 3ούσῃσι
521 455 609 494 τῶν
638 456 767 509 νηῶν.
825 451 930 503 μετὰ
966 452 1011 495 δὲ
1041 455 1194 501 τοῦτο,
1237 454 1294 501 ώς
1332 451 1473 503 οὐδείς
1504 459 1639 506 σφιὲο

320 517 519 568 ἐπέπλωε,
552 521 696 577 δείλην
725 520 856 576 ὀψίην
883 519 1118 576 γινομένην
1146 522 1221 574 τῆς
1250 516 1410 574 ἡμέρης
1442 518 1582 574 φυλά-

322 588 482 639 ξαντες,
514 585 640 632 αὐτοὶ
656 588 933 632 ἐπανέπλωον
962 588 1028 631 ἐπὶ
1049 587 1152 637 τούς
1179 587 1448 642 βαρβάρους,
1479 585 1583 630 άπό-

323 671 478 710 πειραν
507 653 652 698 αὐτῶν
681 654 950 713 ποιήσασθαι
979 654 1242 711 βουλόμενοι
1269 658 1345 710 τῆς
1373 670 1417 697 τε
1449 653 1584 710 μάχης

323 724 397 767 καὶ
426 727 506 766 τοῦ
527 725 771 767 διεκπλόου.
826 721 1050 778 Ὃρὲοντες
1071 722 1117 766 δέ
1148 734 1281 776 σφεας
1313 723 1360 765 οἳ
1384 737 1429 765 τε
1459 720 1583 765 ἄλλοι
1639 741 1761 782 barbati
1794 744 1825 768 et
1856 741 1912 776 ῑρρῑ

324 796 583 846 στρατιῶται
613 793 657 835 οἵ
694 793 859 847 Ξέρξεω
890 791 963 835 καὶ
1003 794 1046 834 οῖ
1084 790 1315 846 στρατηγοὶ
1344 789 1582 834 έπιπλιόον-
1640 776 1762 810 ‘When'
1783 775 1913 803 ‘'mmm‘'

323 877 400 910 τας
429 861 556 915 νηυσὶ
587 857 776 916 ὀλίγῃσι,
815 859 958 915 πάγχυ
988 871 1066 914 σφι
1094 860 1254 914 μανίην
1285 858 1640 909 ἐπενείκαντες,25

322 927 485 984 οἷνῆγον
514 927 586 970 καὶ
617 927 743 971 αὐτοὶ
772 927 848 978 τὰς
875 927 995 978 νέας,
1026 926 1272 977 ἐλπίσαντές
1301 938 1436 983 σφεας
1466 925 1583 969 εὐπε-

320 995 425 1046 τέως
455 994 669 1050 αἱρήσειν·
728 996 877 1040 οἰκότα
915 994 1052 1049 κάρτα
1092 995 1362 1048 ἐλπίσαντες,
1401 993 1476 1045 τὰς
1504 993 1583 1049 μέν

320 1080 368 1119 γε
396 1068 485 1107 τῶν
508 1062 728 1121 Ἑλλήνων
758 1063 956 1120 ὁρέοντες
977 1062 1125 1119 ὀλίγας
1152 1062 1264 1116 νέας,
1295 1062 1371 1115 τὰς
1401 1062 1446 1106 δὲ
1476 1060 1581 1105 ἑωυ-

201 719 267 764 10

265 1263 409 1300 Graeci.
459 1262 568 1300 Conf.
590 1263 655 1311 III,
677 1265 744 1311 76,
764 1275 815 1300 ne
834 1263 923 1314 plu—

266 1332 320 1358 ra.
368 1320 483 1369 σφίσι
512 1333 601 1356 oum
629 1327 786 1356 recentt.
813 1319 923 1356 dedi-

265 1389 351 1413 mus
382 1389 401 1411 e
422 1378 640 1414 Florentino
669 1377 824 1428 aliisque
854 1389 922 1427 pro

265 1434 371 1483 vulg.
386 1445 471 1482 σφι.
489 1455 537 1461 --
562 1433 624 1469 Ad
638 1435 797 1470 verbum
811 1433 923 1472 ἐνίκα

265 1490 389 1540 suppl.
429 1488 458 1539 ἦ
489 1486 642 1540 γνώμη.
692 1489 802 1526 Conf.
835 1490 921 1533 Vll,

267 1547 344 1587 175
362 1545 453 1597 ibiq.
476 1546 600 1584 allata.

321 1597 446 1641 αὐτοῦ
468 1597 679 1653 μείναντάς
699 1616 738 1640 τε
763 1599 829 1640 καὶ
849 1597 921 1640 αυ’-

264 1658 494 1708 λισθέντας]
527 1662 590 1707 „in
609 1662 758 1696 statione
777 1672 922 1695 manen-

264 1720 313 1754 tes
334 1729 408 1754 cum
436 1717 620 1753 navz·bus“
655 1718 921 1766 iuterpretatur

264 1772 482 1824 Schweigh.
513 1774 543 1810 si
575 1773 732 1825 quidem
758 1774 920 1810 verbum

980 1257 1169 1310 λάξαντες
1190 1260 1327 1300 suidas
1346 1263 1401 1299 ΠΙ
1419 1276 1458 1312 p.
1480 1259 1559 1302 642
1580 1275 1638 1297 re..

981 1327 1040 1356 cte
1071 1321 1336 1369 interpretatur
1378 1314 1638 1370 ἐπιτηρήσαν-

979 1391 1054 1422 τες.
1086 1377 1150 1411 Tu
1171 1376 1246 1412 vid.
1268 1377 1379 1411 allata
1401 1375 1448 1411 ad
1464 1376 1508 1423 V,
1529 1379 1579 1416 12
1601 1382 1637 1411 et

980 1432 1066 1470 add.
1088 1433 1186 1478 VIII,
1211 1431 1276 1471 14.
1310 1430 1505 1468 Plutarch.
1527 1430 1638 1468 The-

979 1489 1140 1524 mistocl.
1172 1486 1236 1527 14.

1036 1540 1260 1595 ἀπόπειραν
1297 1539 1434 1583 αὐτῶν
1463 1540 1635 1595 ποιήσα-

979 1605 1078 1641 σθαι
1106 1596 1363 1652 βουλόμενοι]
1410 1596 1634 1653 άπόπειραν

977 1662 1180 1699 ποιεῖσθαι
1210 1657 1305 1694 nihil
1327 1657 1430 1694 aliud
1456 1658 1534 1694 fere
1556 1672 1634 1695 esse

978 1723 1092 1768 atque
1129 1710 1448 1766 ἆποπειρᾶσθαιε
1499 1719 1635 1752 tentare

977 1772 1135 1823 aliquid,
1171 1773 1366 1822 periculum
1398 1772 1552 1810 alicuius
1584 1774 1636 1809 rei

264 1827 507 1878 αὐλίζεσθαι,
547 1829 649 1881 quod
686 1830 922 1867 commorandi
967 1830 1103 1880 facere,
1117 1828 1324 1876 Herodoto,
1338 1830 1537 1879 Procopio,
1555 1830 1635 1866 aliis

262 1888 536 1938 significatione
557 1888 749 1925 invenitur
766 1900 919 1939 quoque

262 1946 331 1992 lx,
354 1948 419 1984 37.
443 1947 495 1985 93
520 1945 605 1981 0011.
630 1946 695 1988 ΙΙΙ,
721 1947 810 1991 110,
832 1942 870 1980 h.
891 1945 918 1981 1.

264 2008 412 2038 tantum
450 2000 600 2038 videtur
641 2001 831 2038 adiectum
873 2014 918 2037 eo

263 2059 431 2104 consilio,
454 2064 496 2092 ut
508 2058 585 2093 vim
597 2059 782 2094 maiorem
795 2070 919 2108 quau-

263 2112 353 2150 dam
374 2111 501 2149 addat.
532 2133 588 2140 —-
629 2114 733 2158 Quae
753 2126 920 2163 sequun-

262 2178 345 2208 tur:
402 2163 526 2208 νύκτα
555 2167 679 2219 μέσην
722 2168 919 2220 παρέντας

263 2227 392 2275 (media
400 2229 494 2262 nocte
500 2226 773 2276 praeterlapsa),
785 2225 919 2262 eadem

261 2285 340 2321 fere
359 2284 538 2332 leguntur
557 2284 637 2331 VII,
663 2286 755 2324 183.
878 2283 880 2285 ’

321 2341 454 2389 δείλην
485 2334 610 2390 ὀψίην
633 2361 690 2368 -·
714 2335 919 2387 φυλάξαν-

262 2398 342 2446 τες]
382 2397 515 2446 δείλην
550 2391 676 2446 ὀψίην
707 2394 917 2433 Larcherus

263 2454 439 2504 intelligit
457 2466 517 2489 sur
532 2453 580 2489 les
591 2455 676 2490 trois
688 2452 807 2490 keures
816 2466 917 2503 apres

263 2511 365 2549 midi.
411 2508 601 2561 Hesychio
635 2517 788 2546 auctore
822 2511 840 2545 I
879 2523 919 2561 p.

265 2569 345 2608 903
366 2565 556 2603 indicatur
575 2564 604 2618 ἦ
623 2565 714 2617 περὶ
737 2562 851 2605 δυ’σιν
871 2565 921 2616 ἦ·

264 2624 352 2663 λίου
364 2653 374 2671 ,
407 2622 511 2675 quod
530 2622 633 2659 idem
653 2621 767 2660 habet
782 2621 919 2660 Suidas

262 2681 282 2717 I
303 2694 342 2730 p.
365 2679 458 2720 530.
495 2680 611 2717 Plura
642 2679 746 2717 dabit
772 2680 919 2717 Alberti

266 2736 314 2773 ad
334 2734 499 2788 Hesych.
519 2737 546 2778 l.
565 2737 593 2774 l.
639 2737 808 2774 Verbum
838 2751 919 2786 φυ-

975 1888 1260 1938 srequentatum
1326 1887 1425 1922 bene
1482 1888 1632 1923 monuit

975 1943 1206 1992 Wesseling.
1251 1943 1467 1994 similesque
1511 1944 1633 1979 attulit

974 2001 1184 2038 locutiones
1215 1994 1438 2051 άνάπειραν
1476 2007 1512 2036 et
1542 1995 1633 2038 διά-

975 2072 1114 2107 πειραν
1130 2060 1348 2103 ποιεῖσθαι,
1370 2057 1506 2106 quibus
1517 2063 1632 2092 utun-

974 2121 1050 2159 tur,
1080 2113 1225 2163 quoties
1252 2113 1465 2161 periculum
1492 2112 1534 2148 fit
1562 2126 1633 2163 pe—

975 2171 1082 2206 ritiae
1092 2174 1294 2204 nautarum
1304 2169 1546 2220 militumque}
1561 2182 1632 2205 an-

976 2233 1014 2263 te
1051 2237 1240 2277 pugnam,
1284 2224 1385 2275 apud
1425 2226 1632 2276 Polybium

977 2283 1062 2331 [ubi
1091 2283 1231 2328 XXVI,
1265 2284 1290 2322 7
1313 2283 1349 2326 §.
1373 2284 1397 2321 9
1426 2283 1512 2319 coll.
1545 2284 1583 2327 ξ.
1606 2284 1632 2322 8

975 2341 1135 2377 verbum
1147 2333 1534 2389 άποπειρᾶσθαιῖἰὶοο
1544 2352 1633 2375 sen—

974 2398 1035 2446 su]
1050 2403 1085 2433 et
1095 2394 1306 2432 Diodorum
1318 2396 1461 2442 XIII‚8‚
1471 2396 1536 2432 ubi
1547 2396 1634 2446 plu-

974 2467 1016 2490 ra
1028 2453 1130 2490 dedit
1142 2452 1369 2501 Wesseling.
1390 2473 1446 2479 —
1466 2454 1523 2488 De
1538 2466 1632 2489 voce

977 2505 1186 2550 διεκπλόου
1213 2507 1289 2545 vid.
1305 2514 1400 2545 nott.
1420 2507 1468 2545 ad
1485 2510 1548 2558 VI,
1565 2512 1630 2549 12.

1213 2565 1307 2615 Cap.
1336 2566 1388 2603 X.

1030 2619 1232 2674 Ὃρέοντες
1253 2619 1313 2670 δὲ]
1325 2620 1563 2658 Florentinus
1578 2621 1627 2656 li-

974 2679 1043 2716 ber
1071 2686 1108 2716 et
1136 2677 1175 2715 h.
1207 2679 1232 2716 l.
1265 2686 1302 2715 et
1330 2679 1444 2730 paulo
1471 2678 1628 2714 inferius

974 2734 1088 2773 habet
1118 2732 1325 2788 ὁρέωντες,
1354 2734 1458 2788 quod
1487 2735 1628 2785 recepit
