1879 3222
121 271 398 312 conflusissefflrto-
441 271 498 314 “E

121 314 184 333 rem
203 313 280 332 vlam
311 314 397 341 repe·

121 340 176 373 tit,
203 339 292 373 inque
303 339 398 366 Boeo-

120 374 191 401 tiam
229 380 379 407 reversus,

120 406 395 467 artasatis?

120 482 187 509 pum
207 473 296 507 locat,

447 163 529 204 224

455 338 529 381 διὰ
575 337 795 394 Δεκελέης.

392 609 429 639 et
450 599 584 639 Matth.
614 603 847 641 retinuerunt
867 598 962 655 ἧκε,
1002 609 1043 639 ut

390 659 497 706 VIII,
535 657 623 699 140.

449 710 515 752 διὰ
541 712 744 764 Δεκελέης]
778 715 967 750 Nimirum
997 725 1045 748 ex

391 771 517 808 Attica
572 772 611 807 in
649 772 846 807 Boeotiam
893 769 1047 819 profici-

392 833 537 864 scentes
557 841 622 877 per
635 828 791 863 Oeno'en
808 833 843 862 et
863 824 1047 861 Eleuthe-

393 895 452 920 ras
466 882 668 920 tendebant
679 883 884 929 Plataeam,
902 882 960 919 via
973 882 1048 917 mi-

393 952 464 976 nus
481 941 609 990 utique
631 947 719 989 apta
739 939 924 989 equitibus
936 950 1049 988 mag-

393 1008 542 1046 naeque
553 994 754 1031 hominum
766 996 911 1042 turbae,
928 1006 1049 1046 quum

393 1052 520 1089 fauces
552 1053 821 1103 montiumque
852 1051 1049 1087 cacumina

393 1114 515 1144 essent
526 1107 767 1157 permeanda,
788 1109 838 1144 ita
858 1114 898 1144 ut
917 1109 1049 1144 Persas

391 1162 509 1200 alterii
527 1163 587 1201 vizi
602 1176 787 1214 regressos
806 1177 883 1200 esse
898 1165 943 1200 sit
958 1176 1049 1214 pro—

391 1220 516 1257 babile
529 1249 539 1268 ,
572 1233 669 1272 quae
688 1221 766 1258 scil.
797 1221 843 1256 ab
863 1219 1048 1257 Acharnis

393 1275 557 1313 ducebat
594 1290 661 1327 per
693 1278 896 1313 Deceleam
935 1283 1049 1327 atque

391 1331 624 1369 Parnethem
662 1331 711 1369 ad
739 1334 959 1383 Tanagram
988 1334 1050 1368 in-

393 1387 518 1440 deque
557 1388 605 1426 ad
633 1390 830 1426 Boeotiam
864 1391 1048 1437 vicinam3

394 1458 568 1497 quaeque
588 1446 714 1482 minus
735 1446 877 1496 negotii
898 1459 941 1482 ac
962 1458 1050 1481 mo-

390 1502 519 1539 lestiae
541 1501 757 1539 exhibebat.
794 1504 877 1552 Ipsa
902 1502 1049 1539 Dececea

392 1565 547 1594 centum
556 1559 690 1608 viginti
703 1558 782 1595 fere
796 1558 915 1595 stadia
927 1557 1051 1595 Athe-

393 1615 451 1650 nis
473 1621 618 1650 remota
639 1615 750 1650 fuisse
770 1622 962 1661 narratur,
982 1615 1051 1650 sita

391 1669 477 1706 loco
498 1683 683 1721 perquam
704 1677 915 1720 opportuno
940 1683 1052 1705 mon-

390 1726 436 1762 tis
462 1725 683 1773 Parnetbis‚
723 1727 787 1777 qui
815 1727 899 1762 satis
928 1725 1048 1762 editus

392 1782 554 1832 longum
576 1781 687 1818 dabat
702 1789 964 1832 prospectum3
984 1781 1049 1818 ubi

394 1851 514 1888 quum
527 1837 779 1875 consedissent
788 1840 955 1875 Lacones
972 1838 1051 1874 bel-

393 1895 430 1931 lo
490 1895 833 1945 Peloponnesiaco,
886 1895 1051 1931 multum

391 1948 481 1986 inde
527 1950 712 1987 damnum
757 1949 1050 1987 Atheniensibus

390 2007 539 2042 illatum
560 2007 671 2043 fuisse
688 2014 844 2054 constat,
864 2009 923 2044 via
939 2020 1048 2057 prae-

392 2062 495 2100 clusit
523 2064 704 2114 omnique
740 2070 956 2100 commeatu
985 2064 1048 2099 in-

392 2126 573 2169 tercepto.
635 2118 723 2156 vid.
761 2119 878 2157 modo
918 2117 1046 2157 Scliol.

392 2174 440 2211 ad
460 2174 651 2226 Aristoph.
681 2178 776 2215 Rau.
805 2175 923 2217 1469.
954 2177 1049 2213 Cor-

391 2232 468 2268 nel.
498 2234 593 2282 Nep.
629 2231 815 2268 Alcibiad.
846 2231 870 2271 4
899 2233 978 2280 lin„
1000 2231 1048 2268 ad

393 2301 508 2339 quem
537 2289 664 2325 locum
704 2289 847 2339 reliqua
878 2296 1049 2325 veterum

392 2345 608 2381 testimonia
649 2344 889 2395 suppeditant
931 2346 1048 2381 inter·

393 2408 529 2451 pretes.
605 2399 796 2451 Oppidum
834 2401 884 2436 ibi
922 2402 1046 2447 fuisse,

393 2457 457 2492 ubi
479 2470 580 2494 nunc
600 2458 702 2494 vicus
727 2457 852 2505 Tatoi,
876 2464 961 2493 sunt
983 2459 1048 2509 qui

396 2511 545 2560 dicant3
583 2512 657 2550 vid.
691 2514 825 2564 Poppo
857 2512 903 2550 ad
935 2513 1049 2550 Thu-

395 2568 519 2618 cydid.
541 2571 576 2615 1,
607 2572 631 2608 2
652 2582 739 2620 pag.
760 2572 840 2610 202
857 2570 941 2606 coll.
964 2571 1050 2607 Sie-

395 2623 470 2660 bel.
502 2624 547 2660 ad
569 2627 730 2662 Pausan.
751 2627 824 2672 Ill,
860 2628 884 2666 8
906 2627 942 2671 ξ.
965 2629 989 2667 3
1011 2641 1048 2677 p.

394 2682 461 2720 21.
497 2680 735 2718 Koriolclee‘des
767 2689 922 2719 vocatur
946 2683 1049 2720 locus

393 2734 495 2786 apud
512 2737 621 2773 Krus.
635 2738 677 2774 C.
700 2740 742 2775 Ο.
755 2739 932 2776 Miillerus
953 2741 1050 2777 inter

845 162 1305 200 HERODOTI

498 274 646 326 λληνες
674 270 721 313 ἐν
759 273 819 327 τῷ
845 268 1021 328 Ἰσθμῷ·
1064 269 1177 314 οὕτω
1218 272 1270 328 δή
1307 269 1442 315 ὀπίσω
1473 269 1698 324 ἐπορεύετο

864 339 907 380 οἱ
947 336 1029 393 γὰρ
1076 338 1333 394 βοιωτάρχαι
1378 340 1698 393 μετεπέμψαντο

452 404 558 457 τούς
596 405 880 461 προσχώρους
918 409 1006 449 τῶν
1042 403 1290 450 Ἀσωπίων·
1340 401 1463 450 οὗτοι
1499 408 1544 450 δὲ
1582 405 1699 463 αὐτῷ

1100 600 1292 640 Acharnes
1308 610 1420 655 atque
1431 600 1661 639 Parnetbem
1674 601 1753 638 col-

1101 660 1210 696 locat.
1242 659 1355 708 Apud
1372 660 1461 696 alios
1480 659 1607 695 inveni
1628 659 1756 695 vicum

1101 715 1218 763 Vv'gla.
1231 714 1418 766 Equidem
1430 714 1531 751 haud
1541 714 1755 751 decernam.

1157 768 1255 817 τούς
1275 768 1529 822 προσχώρους
1546 773 1623 809 τῶν
1643 766 1755 808 'Aom-

1101 826 1224 875 πίων]
1258 828 1282 865 ἰ.
1315 840 1348 866 e.
1386 828 1590 876 Asopiorum
1619 827 1756 862 accolas

1104 896 1146 919 ac
1155 884 1342 934 finitimos.
1396 883 1554 932 Asopios
1575 883 1675 918 euim
1698 882 1756 918 di-

1104 952 1175 986 co,
1220 946 1285 991 qui
1304 940 1420 990 Asopi
1450 939 1555 975 fluvii
1584 937 1632 975 ad
1659 939 1766 988 ripas

1104 994 1287 1032 habitant.
1355 996 1427 1040 Qui
1464 995 1599 1031 fluvius
1638 1007 1756 1045 prope

1104 1053 1275 1088 Plataeas
1307 1065 1410 1088 orsus
1438 1051 1604 1102 indeque
1625 1058 1755 1088 auctus

1105 1109 1249 1160 aliquot
1277 1109 1404 1145 rivulis
1442 1114 1478 1144 et
1507 1108 1755 1157 Tanagraeo—

1104 1178 1190 1201 rum
1211 1163 1258 1201 ad
1285 1177 1437 1215 campos
1464 1163 1608 1201 delatus
1637 1176 1756 1214 prope

1106 1223 1274 1271 Oropum
1311 1234 1354 1258 ac
1383 1219 1629 1271 Delphinium
1659 1220 1758 1257 mari

1104 1279 1302 1324 1niscetur3
1340 1290 1442 1314 nunc
1481 1278 1619 1327 exiguo
1650 1277 1757 1313 alveo

1105 1334 1221 1370 ssuere
1240 1334 1357 1370 fertur
1379 1341 1416 1370 et
1435 1334 1640 1370 exsiccatus
1656 1334 1755 1370 fere:

1107 1403 1341 1442 quamquam
1395 1390 1506 1426 istam
1562 1390 1759 1439 regionem

1106 1459 1282 1494 omnem,
1324 1458 1422 1498 quae
1455 1447 1554 1483 inter
1587 1446 1759 1482 Plataeas

1106 1516 1150 1540 ac
1172 1504 1394 1553 Tanagram
1419 1503 1487 1539 sita
1514 1503 1642 1552 Asopo
1673 1503 1758 1538 irri-

1105 1566 1231 1610 gatur,
1260 1561 1386 1596 minus
1417 1558 1541 1595 adbuc
1565 1559 1757 1609 cognitam

1107 1629 1150 1652 ac
1198 1616 1461 1665 perlustratam
1504 1627 1582 1650 esse
1621 1615 1755 1651 merito

1108 1670 1290 1707 dolemus.
1349 1671 1459 1707 Conf.
1489 1672 1608 1706 Kruse
1629 1670 1756 1707 Hellas

1103 1728 1163 1775 II,
1204 1729 1222 1766 1
1264 1739 1351 1777 pag.
1386 1725 1464 1766 489
1498 1739 1577 1777 seq.
1641 1727 1755 1763 Vetus

1104 1796 1246 1819 nomen
1268 1783 1382 1820 fluvio
1408 1783 1628 1819 remansisse
1647 1782 1757 1820 vide-

1105 1846 1187 1887 tur,
1228 1840 1259 1876 si
1294 1838 1450 1889 quidem
1484 1850 1613 1874 revera
1653 1851 1756 1876 nuuc

1107 1908 1196 1931 eum
1218 1896 1407 1946 appellant
1434 1894 1559 1944 Asopo.
1591 1894 1759 1945 Spanda—

1106 1952 1211 1988 tensis
1229 1965 1367 2002 pagus,
1398 1952 1462 2002 qui
1481 1950 1529 1986 ad
1546 1949 1758 2001 Hippotho-

1105 2007 1275 2045 ontidem
1320 2008 1461 2044 tribum
1499 2008 1696 2057 pertinuit,
1735 2020 1757 2044 a

1104 2065 1209 2101 nullo
1231 2065 1303 2100 alio
1325 2070 1643 2100 commemoratur
1665 2065 1758 2100 scri-

1104 2128 1234 2171 ptore:
1274 2119 1313 2156 id
1348 2132 1468 2156 unum
1494 2126 1616 2169 patet,
1659 2121 1756 2156 intra

1103 2178 1306 2213 Deceleam
1327 2189 1370 2212 ac
1390 2177 1608 2225 Tanagram
1627 2176 1665 2211 in
1685 2177 1758 2212 At-

1104 2234 1168 2269 tici
1203 2239 1315 2284 atqne
1336 2233 1549 2281 Tanagraei
1569 2233 1648 2282 agri
1668 2245 1756 2268 con-

1103 2289 1202 2325 finiis
1261 2301 1403 2339 pagum
1459 2288 1570 2325 fuisse
1616 2289 1753 2325 situm:

1105 2358 1180 2397 quo
1196 2358 1283 2381 sane
1301 2346 1384 2381 loco
1405 2345 1559 2382 Krusius
1580 2345 1688 2381 illum
1715 2346 1754 2381 iu

1102 2414 1240 2452 mappa
1279 2399 1531 2452 geographica
1563 2400 1753 2438 indicavit.

1109 2458 1283 2505 Tanagra
1332 2458 1440 2502 urbs,
1488 2458 1610 2508 prisco
1658 2470 1750 2493 aevo

1105 2514 1256 2550 condita
1277 2514 1343 2562 (cf.
1362 2513 1501 2550 llerod.
1519 2514 1572 2561 V,
1603 2512 1673 2561 57)
1692 2513 1752 2549 vel

1104 2572 1231 2607 seriori
1253 2578 1371 2607 aetate
1388 2572 1484 2606 inter
1499 2569 1675 2605 Boeotiae
1686 2582 1752 2605 ur-

1105 2627 1169 2663 bes
1199 2629 1369 2663 eminuit.
1391 2626 1507 2662 Iacuit
1539 2626 1577 2661 in
1596 2626 1751 2673 regione

1104 2684 1302 2720 laetissima
1326 2684 1479 2734 vinique
1512 2680 1750 2729 feracissima,

1105 2753 1203 2793 quae
1232 2740 1400 2777 Euboico
1432 2738 1528 2774 mari
1580 2740 1750 2789 opposita
