1879 3222
470 149 554 188 214

875 145 1333 183 HERODOTI

472 252 602 306 „weg
631 251 853 308 ”Ελληνας.
908 250 1046 309 ’Τμεῖς
1074 253 1143 305 δὲ,
1175 253 1216 303 ές
1245 254 1390 294 πᾶσαν
1405 248 1632 306 ἄρ’ρωδίην
1660 250 1726 295 τό·

473 335 545 372 ,,τε
584 317 840 376 ἀπικόμενοι
869 320 926 377 μὴ
969 319 1304 376 ὁμολογήσωμεν
1334 323 1393 375 τῷ
1428 318 1599 374 Πέρσῃ,
1637 318 1726 361 έπεί

476 402 546 439 ,,τε
586 386 808 441 ἐξεμάθετε
847 387 894 432 τὸ
930 386 1137 444 ἡμέτερον
1172 387 1379 443 φρόνημα
1419 386 1618 440 σαφέως,
1661 385 1729 429 ὅτι

478 453 686 508 ,,ου’δαμὰ
716 455 1001 511 προδώσομεν
1031 455 1109 509 τὴν
1133 453 1338 505 Ἑλλάδα,
1369 454 1439 496 καὶ
1464 452 1575 496 διότι
1591 457 1728 507 τεῖχος

473 520 606 577 ,,ὐμῖν
624 522 696 565 διὰ
713 527 792 566 τοῦ
811 521 988 578 Ἰσθμοῦ
1009 521 1299 576 ἐλαυνόμενον
1327 521 1373 564 έν
1403 521 1515 564 τέλεΐ
1534 521 1633 572 ἐστι,
1657 519 1729 563 καὶ

475 589 556 645 ,,δη“
589 588 723 645 λόγον
753 589 912 634 οὐδένα
942 594 1029 632 τῶν
1053 587 1298 643 Ἀθηναίων
1327 590 1546 632 ποιέεσθε·
1578 587 1756 631 συνθέ-1

477 659 628 712 ,,μενοί
646 673 688 700 τε
709 655 812 712 ἡμῖν
835 657 912 701 τόν
933 658 1106 711 Πέρσην
1126 654 1414 699 ἀντιώσεσθαι
1435 657 1475 706 ἐς
1493 655 1572 711 τήν
1594 659 1730 699 Βοιω-

474 726 618 781 ,,τίην,
669 726 996 779 προδεδώκατε,
1040 722 1269 777 περιείδετέ
1309 739 1352 766 τε
1403 723 1641 777 ἐσβαλόντα
1689 722 1731 773 ἐς

446 793 590 848 6,,τήν
614 791 809 848 Ἀττικὴν
838 791 914 837 τὸν
934 793 1174 848 βάρβαρον.
1203 789 1266 841 Ἐς
1283 791 1362 846 μέν
1391 807 1473 833 νυν
1488 789 1536 833 τό
1568 788 1732 845 παρεὸν

475 858 728 914 ,,’Λθηναῖοι
757 860 862 914 ὑμῖν
891 862 1117 917 μηνίουσι·
1151 857 1303 914 οὐγὰρ
1326 857 1552 914 ἐποιήσατε
1585 856 1760 913 έπιτη-5

475 926 629 978 ,,δέως·
660 931 746 970 νῦν
776 929 822 971 δὲ
854 927 920 971 ὅτι
948 927 1077 983 τάχος
1096 926 1301 982 στρατιήν
1329 926 1418 980 ἅμα
1436 924 1540 981 ἡμῖν
1570 925 1732 968 ἐκέλευ-

472 1005 584 1048 ,,σαν
613 993 750 1050 ὑμέας
779 994 1031 1051 ἐκπέμπειν,
1061 993 1122 1045 ὠς
1152 994 1208 1037 ἂν
1237 995 1313 1038 τόν
1342 995 1568 1050 βάρβαρον
1598 991 1733 1036 δεκώ-

451 1068 617 1117 7,,μεθα
654 1061 702 1105 ἐν
743 1066 796 1119 τῇ
832 1062 1012 1118 Ἀττικῇ.
1070 1061 1216 1117 ἐπειδὴ
1253 1061 1336 1117 γὰρ
1375 1060 1623 1117 ἡμάρτομεν
1658 1065 1735 1118 τῆς

475 1131 733 1186 ,,Βοιωτίης,
764 1133 840 1186 τῆς
868 1147 916 1187 γε
945 1129 1152 1188 ἡμετέρης
1183 1129 1521 1186 ἐπιτηδειότατόν
1549 1130 1638 1173 ἐστι
1666 1129 1736 1187 ἐμ-

419 1316 575 1368 quaevis
617 1327 712 1352 mox
748 1316 969 1353 transfertur
985 1346 996 1365 ‚
1035 1323 1078 1354 ut

393 1421 395 1424 γ
419 1373 630 1423 κίβδηλος,
662 1371 709 1408 de
731 1385 806 1423 quo
836 1372 911 1410 vid.
938 1375 977 1422 1,
1010 1375 1074 1413 66.

417 1429 588 1466 Verbum
612 1426 768 1479 νέμεται
792 1430 927 1466 Portus
948 1428 1079 1466 reddi-

421 1484 550 1522 derat:
580 1486 619 1521 in
641 1486 793 1523 Graecis
825 1486 1029 1536 inpenditur
1048 1500 1075 1524 S.

417 1542 653 1578 distribuitur.
694 1539 1077 1593 Schweighaeuserus

417 1599 458 1634 in
470 1599 566 1634 Lex.
580 1599 670 1634 Her.
687 1597 795 1635 reddi
808 1600 963 1636 maluit:
988 1598 1078 1648 quod

419 1666 443 1691 a
463 1654 561 1690 nobis
579 1656 618 1690 in
634 1654 787 1691 Graecos
809 1656 990 1705 proficisci
1020 1655 1078 1691 ‹le-

420 1710 487 1757 bet,
496 1710 535 1747 id
549 1711 681 1747 sincero
693 1711 809 1747 animo
819 1712 867 1748 eis
880 1712 1078 1748 tribuimus.

476 1794 521 1838 τὸ
538 1796 728 1849 ἡμέτερον
755 1796 961 1852 φρόνημα]
993 1798 1080 1837 Vid.

421 1861 518 1892 nott.
539 1854 587 1891 ad
607 1856 705 1903 VIII,
726 1854 817 1895 144.
834 1877 888 1885 —
908 1858 952 1892 In
972 1869 1079 1907 seqq.

423 1909 473 1948 ad
500 1924 613 1948 usum
643 1912 747 1948 verbi
780 1908 963 1952 ἐλαύνειν
1003 1912 1082 1950 vid.

422 1973 519 2005 nott.
552 1967 600 2005 ad
628 1969 720 2015 VII,
765 1970 853 2008 139.
911 1971 969 2006 De
1000 1969 1082 2020 ipso

424 2036 534 2061 muro
582 2025 681 2061 conf.
712 2024 820 2071 Vm,
857 2028 925 2066 71.
990 2027 1084 2062 Mox

426 2081 560 2131 optimi
586 2082 728 2133 quique
749 2080 862 2120 codd.
896 2081 939 2122 έν
970 2081 1083 2129 τέλεϊ,

426 2136 531 2188 quod
561 2139 676 2174 etiam
704 2136 819 2175 habet
847 2137 984 2177 Matth.
1017 2139 1085 2176 Gr.

425 2195 493 2232 Gr.
533 2194 569 2239 ξ.
601 2193 682 2234 577
720 2208 808 2245 pag.
849 2196 982 2243 1139,
1020 2195 1086 2246 qui

425 2248 529 2287 idem
549 2251 587 2295 §.
609 2249 704 2290 295.
741 2254 759 2290 1
798 2264 833 2301 p.
855 2252 936 2292 590
964 2250 1085 2298 affert,

427 2305 531 2358 quod
551 2307 620 2353 lx,
643 2308 668 2346 8
696 2307 834 2357 legitur
854 2304 955 2357 πρός
973 2306 1085 2355 τέλεϊ,

428 2369 471 2399 ut
510 2361 612 2413 apud
650 2363 762 2400 Dion.
801 2361 993 2414 chrysost.
1021 2365 1085 2400 Or.

427 2420 517 2456 LXI
538 2431 625 2469 pag.
647 2419 726 2460 583
751 2420 797 2456 D.
826 2426 862 2456 et
884 2420 981 2457 plat.
1001 2421 1086 2456 Me-

428 2488 518 2515 nex.
540 2476 623 2512 init.
636 2505 645 2523 ,
675 2475 742 2512 ubi
762 2474 826 2515 ἐπὶ
844 2474 959 2517 τέλεϊ.

484 2551 584 2604 ’ἡμῖν
614 2550 683 2594 τόν
705 2552 866 2605 Πέρσην
895 2549 1087 2593 ἅντιοόσε·

433 2610 548 2657 σθαι]
581 2609 806 2648 Schaeserus
827 2612 928 2648 libris
962 2611 1086 2648 invitis

433 2662 587 2702 dederat
614 2669 669 2719 τῷ
691 2666 839 2722 Πέρσῃ,
862 2666 963 2719 quod
984 2666 1088 2704 idem

432 2721 474 2759 in
491 2728 661 2759 mentem
681 2731 835 2762 venerat
856 2723 1089 2762 Valckenae-

1134 1315 1202 1363 ri0‚
1222 1312 1402 1365 equidem
1419 1326 1507 1350 cum
1528 1313 1681 1366 reliquis
1701 1312 1791 1351 edd.

1133 1371 1308 1409 revocavi
1353 1371 1629 1420 accusativum,
1675 1383 1794 1422 quem

1134 1429 1250 1467 verbo
1302 1422 1500 1473 οἷντιάζειν
1543 1425 1631 1464 addi
1669 1440 1791 1477 posse,

1133 1486 1259 1537 plures
1292 1483 1366 1520 loci
1396 1489 1716 1523 commonstrant:
1744 1484 1792 1533 11,

1137 1540 1229 1581 141.
1249 1539 1326 1588 IV,
1348 1541 1415 1580 80.
1440 1542 1531 1580 118.
1566 1544 1640 1582 121
1664 1540 1794 1592 ibique

1135 1598 1213 1633 citt.
1229 1598 1343 1633 Hom.
1364 1597 1409 1632 11.
1428 1598 1458 1644 Ι,
1489 1599 1556 1636 31.
1613 1598 1669 1633 Ac
1686 1609 1794 1647 prae-

1134 1659 1237 1689 terea
1260 1651 1336 1688 duo
1365 1658 1449 1687 tum
1479 1659 1703 1690 concurrent
1725 1652 1796 1690 da-

1135 1709 1225 1756 tivi,
1250 1720 1486 1760 quamquam
1512 1707 1610 1760 ήμῖν
1634 1709 1681 1746 ad
1703 1721 1795 1748 συν-

1136 1763 1300 1815 θέμενοι
1319 1771 1487 1814 spectare
1516 1767 1602 1802 satis
1630 1772 1796 1816 apparet.

1139 1820 1251 1867 Quod
1269 1833 1359 1857 vero
1381 1821 1477 1857 Gaii.
1497 1823 1552 1857 Le
1563 1819 1796 1872 philomvp.

1138 1876 1219 1918 245
1240 1876 1317 1916 h.l.
1339 1878 1390 1913 ita
1401 1877 1685 1928 interpretatur:
1709 1877 1798 1915 Per·

1138 1946 1213 1970 sam
1245 1936 1447 1981 coacturos,
1479 1937 1519 1971 ut
1556 1935 1654 1972 nobis
1674 1947 1797 1972 occur-

1137 1994 1218 2034 rat;
1262 1991 1395 2026 malim
1430 1989 1609 2042 equidem
1639 1990 1797 2028 reddere

1141 2045 1271 2084 Persae
1287 2046 1484 2084 obviamire
1498 2047 1546 2084 acl
1551 2059 1725 2097 pugnam.
1743 2069 1796 2075 —

1141 2103 1315 2154 Sequens
1353 2102 1392 2149 ές
1425 2100 1470 2141 td
1509 2100 1658 2153 παρεὸν
1691 2104 1797 2154 attigi

1143 2158 1191 2196 ad
1217 2159 1306 2205 V11,
1342 2160 1394 2198 29
1415 2159 1500 2205 fin„
1531 2160 1691 2196 verbum
1720 2175 1797 2210 μη-

1141 2216 1242 2255 νίειν
1264 2213 1311 2250 ad
1330 2215 1416 2262 Vll,
1446 2216 1538 2257 169,
1562 2239 1610 2244 -
1633 2215 1694 2253 Ad
1718 2216 1798 2253 fora

1141 2272 1286 2307 mulam
1308 2266 1367 2309 ὅτι
1393 2267 1511 2321 τοῖχος
1531 2272 1632 2310 conf.
1661 2272 1798 2313 Matth.

1143 2329 1207 2366 Gr.
1227 2328 1294 2368 Gr.
1315 2328 1349 2372 ξ.
1369 2326 1449 2368 624
1465 2341 1502 2378 p·
1528 2331 1649 2370 1271.

1199 2381 1510 2433 ἐπιτηδειότατόν
1538 2383 1617 2424 ἐστι
1633 2382 1798 2437 έμμαχὲ·

1144 2444 1293 2479 σασθαι
1328 2437 1371 2479 τὸ
1408 2437 1601 2492 Θριάσιον
1637 2441 1797 2490 πεδίον]

1141 2498 1227 2534 1)υο
1248 2496 1360 2534 codd.
1383 2496 1692 2547 έπιτηδέστατον,
1713 2510 1799 2534 me·-

1142 2554 1213 2590 rito
1251 2552 1344 2589 illud
1379 2553 1535 2605 quidem
1563 2554 1745 2590 reiectum
1777 2566 1799 2591 a

1142 2608 1439 2655 Valckeuflerim
1471 2611 1534 2661 qui
1557 2609 1685 2647 laudat
1708 2611 1799 2648 Sui-

1145 2665 1234 2704 dam
1260 2680 1290 2707 s.
1317 2679 1350 2703 v.
1384 2661 1576 2715 εὐήλατον
1603 2668 1619 2702 Ι
1648 2681 1686 2718 p.
1717 2668 1798 2708 888

1145 2730 1183 2761 et
1203 2723 1376 2775 geminos
1393 2723 1494 2760 locos
1519 2722 1703 2761 Herodoti
1727 2723 1797 2772 IX,
