1996 3238
554 238 638 278 200

953 239 1415 278 HERODOTI

525 344 745 400 9,,λόγους
771 345 1021 391 ἐνδέκεσθαι
1049 348 1167 401 παρὰ
1195 352 1277 391 τοῦ
1299 347 1540 404 βαρβάρου.
1597 348 1695 393 οὔτε
1722 348 1806 405 γαρ

552 413 751 464 ,,δίκαιον
782 411 1006 469 οὐδαμῶς,
1039 414 1139 458 οὔτε
1169 415 1336 470 κόσμον
1366 417 1506 470 φέρον
1534 414 1632 458 οὔτε
1661 432 1707 470 γε
1738 417 1809 459 ἅλ-

555 485 697 531 ,,λοισι
731 477 948 536 Ἑλλήνων
990 481 1242 536 οὐδαμοῖσι,
1291 481 1396 537 ὑμῖν
1437 483 1482 526 δὲ
1524 482 1576 537 δὴ
1613 484 1689 526 καὶ
1735 482 1806 526 διοὶ

525 547 763 598 3,,πάντων
780 549 946 604 ἥκιστα,
978 553 1154 593 πολλῶν
1178 551 1330 592 εἵνεκα.
1361 550 1548 605 ἐγείρατε
1568 550 1650 605 γὰρ
1683 550 1843 595 τόνδε5

556 615 663 668 ,,τὸν
692 616 885 671 πόλεμον
905 616 1049 671 ὑμεῖς,
1081 616 1211 658 οὐδὲν
1230 615 1375 671 ἡμέων
1395 617 1699 673 βουλομένων,
1733 619 1808 661 καὶ

555 683 679 737 „moi
707 689 784 737 τῆς
813 683 1016 739 ὑμετέρης
1047 684 1181 737 ἀρχῆς
1211 681 1234 726 ὁ
1273 681 1395 737 ἀγών
1426 683 1590 738 ἐγένετο
1608 700 1617 710 ·
1647 689 1730 727 νῦν
1759 683 1807 727 δὲ

525 749 705 805 4,.φὲρει
735 753 807 794 καὶ
836 752 879 802 ἐς
917 756 1063 794 πᾶσαν
1090 751 1169 806 τήν
1208 749 1401 796 Ἑλλάδα.

1461 750 1601 802 ἄλλως
1629 768 1673 795 τε
1703 751 1808 794 τού-

549 834 665 869 ,,των
704 817 908 862 ἁπάντων
945 820 1114 871 αἰτίους
1151 818 1354 875 γενέσθαι
1392 818 1664 876 δουλοσύνης
1691 823 1804 863 τοῖσι

494 1018 534 1057 in
556 1035 717 1073 quorum
730 1023 877 1065 duobus
906 1041 1058 1079 prorsus
1079 1027 1149 1067 de-

493 1085 547 1115 est
568 1082 701 1117 vocula
721 1083 776 1133 γέ.

550 1135 616 1174 καὶ
646 1138 734 1188 περὶ
767 1140 839 1191 τῆς
856 1138 1048 1191 ’ὑμετέρης
1077 1137 1149 1193 ἄρ-

492 1193 582 1241 χῆς]
632 1195 797 1245 Reposui
837 1210 925 1233 cum
961 1199 1076 1237 Gaisf.
1111 1205 1148 1235 et

491 1249 636 1298 Negris,
661 1254 741 1302 (qui
762 1255 939 1304 exponit:
972 1251 1037 1293 δια
1072 1252 1147 1306 τήν

492 1301 626 1355 ἰδικήν
648 1319 718 1353 σας
742 1306 1009 1360 ἐπικράτειαν)
1026 1306 1148 1361 αρχῆς

488 1360 591 1397 libris
610 1365 753 1413 scriptis
774 1367 1000 1413 iubentibus,
1013 1369 1149 1418 quibus

489 1416 614 1454 invitis
637 1419 801 1469 Sellae-f„
837 1423 1147 1474 quemSchwgli.

471 1480 527 1510 ,et
547 1473 716 1514 Bekker.
746 1487 968 1530 sequuntur,
991 1479 1146 1518 dederat

490 1524 640 1580 ἄρχήνε
680 1537 823 1572 omnino.
870 1537 1146 1587 VVesselingius

489 1589 700 1626 coniecerat
736 1587 927 1642 ἀρχῆθεν,
957 1594 1146 1644 interpre-

488 1649 591 1680 tans:
625 1646 667 1682 cle
688 1652 803 1684 vestra
826 1652 965 1697 regione
994 1652 1145 1699 primum

489 1698 701 1738 decertatum
710 1702 790 1751 suit
821 1711 857 1740 et
878 1708 1043 1742 excitans
1064 1709 1145 1742 He-

488 1754 570 1794 rod.
594 1758 690 1804 Vlll,
712 1762 764 1798 22
786 1760 872 1796 coll.
893 1763 932 1800 2.

544 1815 621 1850 νῦν
645 1811 686 1852 δὲ
704 1814 814 1865 φέρει
835 1831 872 1853 κ.
890 1831 922 1854 τ.
937 1817 990 1864 λ.]
1006 1818 1141 1868 Suppl.

490 1864 513 1906 ὁ
534 1863 663 1920 oc'ym'v:
694 1884 786 1907 nunc
802 1884 879 1908 vero
895 1885 1141 1925 pugna‚quae

486 1926 638 1975 proprie
659 1925 706 1963 de
727 1934 850 1964 vestro
881 1929 1040 1979 imperio
1061 1938 1142 1967 orta

487 1987 556 2026 est,
607 1982 654 2019 ad
701 1996 829 2021 omnem
866 1989 1018 2035 pertinet
1055 1987 1143 2024 adeo

487 2036 688 2078 Graeciam.

540 2090 692 2134 τούτων
708 2092 898 2136 ἁπάντων
917 2095 1067 2145 αἰτίους
1079 2113 1143 2150 γε·-

483 2146 655 2200 vestm]
713 2152 810 2188 Cum
862 2155 978 2193 Gaisf.
1036 2155 1144 2192 Bek-

484 2203 579 2243 kero
612 2215 648 2244 et
677 2221 832 2246 censore
856 2211 1003 2247 Ienensi
1037 2214 1142 2252 1828

485 2262 651 2312 Ergiinz.
675 2265 734 2301 Bl.
755 2264 807 2304 45
829 2280 865 2316 p.
888 2267 968 2308 348
1000 2269 1142 2304 restitui

485 2316 637 2358 τούτων
662 2317 863 2368 ἁπάντων,
895 2323 998 2373 qnod
1027 2325 1141 2375 pleri-

486 2387 561 2426 que
592 2383 746 2413 tuentur
775 2378 857 2414 libri
886 2381 1024 2430 scripti,
1055 2381 1144 2427 (nisi

488 2431 592 2483 quod
633 2431 709 2470 dno
750 2432 913 2471 afferunt
951 2433 1143 2485 πάντων)

486 2487 589 2539 quod
611 2502 730 2540 quum
745 2489 956 2540 displiceret
971 2493 1057 2528 viris
1074 2491 1145 2529 do-

486 2545 553 2581 ctis
573 2558 643 2582 nec
664 2547 750 2582 satis
769 2545 971 2584 cohaerere
992 2548 1142 2585 videre-

484 2606 546 2636 tur
566 2615 654 2638 cum
675 2604 937 2655 sequentibus,
958 2606 997 2641 in
1019 2606 1139 2642 varias

483 2653 698 2695 inciderunt
712 2661 962 2700 coniecturas.
986 2663 1140 2698 Dorvil-

484 2711 556 2751 lius
593 2716 705 2752 scribi
736 2717 945 2755 maluerat:
988 2713 1138 2764 ἐκτός

484 2782 525 2807 τε
544 2769 714 2809 τουτέων
731 2769 921 2812 «ἱστάντων
937 2778 1077 2824 praeter
1095 2786 1138 2811 ea.

487 2827 601 2864 omnia
619 2826 868 2867 Athenienses
897 2837 994 2881 εῖτ-,ς
1033 2829 1137 2883 quod

1205 1041 1322 1081 quam
1342 1026 1523 1078 frigidum
1550 1027 1609 1074 sit,
1638 1026 1704 1064 vix
1724 1038 1863 1078 quem-

1205 1099 1320 1137 quam
1339 1086 1447 1135 sugit.
1484 1086 1562 1121 Nec
1578 1085 1703 1120 minus
1724 1084 1860 1133 frigere

1203 1150 1336 1193 putem
1380 1140 1521 1178 Reiskii
1553 1138 1860 1176 emendationem

1205 1195 1327 1237 ἄνευ
1357 1196 1524 1236 τουτέων
1543 1192 1754 1242 ἁπάντωνς
1794 1195 1860 1247 qui

1204 1254 1307 1307 quod
1327 1255 1441 1290 etiam
1462 1251 1529 1291 καὶ
1560 1259 1643 1303 post
1672 1249 1861 1303 γενέσθαι

1204 1311 1293 1348 addi
1321 1311 1458 1357 voluit,
1495 1308 1598 1346 idem
1632 1310 1707 1344 iam
1728 1309 1859 1345 Pawio

1202 1369 1242 1403 in
1263 1374 1432 1403 mentem
1452 1372 1627 1413 venerat,
1661 1365 1725 1416 qui
1754 1363 1860 1401 hunc

1204 1425 1243 1460 in
1264 1423 1425 1460 modum
1445 1435 1597 1474 qnoque
1619 1421 1729 1458 scribi
1750 1433 1859 1471 posse

1204 1481 1438 1517 coniecerat:
1488 1476 1662 1525 αἰτίους,
1707 1476 1860 1525 αἰτίους

1203 1535 1390 1588 γενέσθαι
1411 1531 1679 1584 δουλοσύνης,
1708 1533 1764 1570 bis
1784 1545 1858 1584 po-

1202 1594 1270 1630 sita
1291 1606 1384 1631 voce
1407 1592 1572 1638 αἰτίους.
1611 1592 1659 1627 H.
1692 1589 1860 1640 Stepha-

1201 1663 1273 1686 nus
1321 1654 1566 1701 proposuerat
1607 1646 1636 1697 ἦ
1648 1662 1669 1698 γ
1680 1661 1696 1685 ε
1708 1650 1795 1685 ῖσθ
1807 1661 1831 1684 α
1843 1660 1857 1685 ι

1201 1709 1288 1755 (pro
1338 1704 1555 1756 γενέσθαι)
1612 1698 1858 1752 δουλοσύνης

1195 1763 1328 1811 primos
1347 1774 1364 1797 e
1391 1761 1538 1796 Graecis
1562 1761 1684 1807 iugum
1702 1760 1856 1795 servitu-

1199 1819 1245 1853 tis
1290 1817 1426 1862 subire3
1475 1814 1579 1866 quod
1627 1822 1669 1851 ut
1705 1815 1856 1865 probari

1199 1880 1333 1923 queat,
1372 1872 1507 1908 merito
1529 1869 1676 1907 dudum
1696 1871 1857 1907 vereba-

1199 1930 1501 1977 turVVesseling‚
1533 1928 1702 1963 Koenias
1723 1928 1857 1963 conie-

1199 1992 1321 2022 cerat:
1352 1980 1505 2024 τούτων
1536 1979 1724 2022 ἆπάντων
1748 1979 1857 2031 ἐκτὸς

1200 2041 1350 2088 αἰτίους
1369 2039 1568 2094 γενέσθαι.
1605 2040 1746 2076 Lenior
1764 2052 1856 2077 sane

1199 2097 1463 2135 Valckenaerii
1490 2095 1680 2133 medicina
1709 2110 1749 2135 τε
1770 2103 1855 2147 post

1200 2154 1350 2201 αἰτίους
1363 2155 1576 2200 inserenti53
1599 2165 1715 2203 quam
1737 2153 1855 2202 parti-

1199 2212 1324 2248 culam
1363 2212 1415 2246 ita
1448 2210 1568 2246 solam
1596 2209 1687 2259 poni
1717 2207 1855 2246 docent

1199 2266 1247 2303 ad
1277 2268 1356 2312 VII,
1384 2268 1459 2306 188
1491 2266 1614 2301 allata.
1673 2265 1729 2301 Ac
1761 2277 1853 2315 pro-

1199 2324 1309 2359 batur
1325 2321 1417 2358 haec
1439 2320 1654 2358 emendatio
1676 2322 1851 2370 Hoegero

1199 2380 1238 2415 in
1267 2381 1367 2415 Actt.
1400 2376 1506 2428 phill.
1536 2379 1708 2417 Monacc.
1737 2379 1804 2425 ΙΙΙ,
1825 2376 1851 2418 4

1200 2449 1238 2486 p.
1260 2436 1354 2481 525,
1381 2437 1431 2471 ita
1452 2441 1593 2482 tamen,
1609 2441 1651 2471 ut
1671 2434 1852 2485 particula

1201 2506 1240 2530 τε
1262 2499 1343 2542 post
1366 2489 1612 2540 δουλοσύνης
1632 2492 1850 2538 collocetur,

1201 2549 1376 2599 absorpta
1407 2547 1486 2584 scil.
1516 2548 1688 2598 sequenti
1734 2549 1850 2585 τοῖσι.

1196 2604 1307 2650 Quod
1328 2617 1416 2642 vero
1439 2602 1664 2642 Schaeserus
1693 2601 1850 2640 dederat

1194 2657 1346 2700 τούτων
1388 2656 1681 2705 ἀπαντώντων,
1712 2660 1848 2696 merito

1194 2716 1298 2754 idem
1319 2719 1514 2767 Hoegerus
1533 2716 1691 2765 respuit,
1713 2728 1848 2767 quam-

1194 2787 1311 2826 quam
1331 2770 1693 2822 Schweiglmensero
1709 2772 1848 2823 proba-

1193 2836 1290 2879 tum,
1311 2831 1376 2882 qui
1406 2828 1454 2867 de
1473 2828 1694 2866 confusione
1709 2829 1848 2866 utrius·
