1879 3222
236 214 320 254 422
781 213 1158 253 COMMENTATIO

238 331 351 376 atque
370 325 526 361 nimiam
545 332 795 362 venustatem.
852 326 918 363 His
937 332 1064 363 autem
1093 325 1314 373 virtutibus,
1353 337 1451 377 qnae
1479 333 1564 376 apta
1592 333 1629 364 et
1654 339 1716 364 ar-

239 382 410 430 gumenti
433 388 469 418 et
484 383 661 419 orationis
682 383 884 429 electione,
905 383 1107 419 verborum
1126 389 1231 432 gruta
1246 384 1517 432 compositione
1538 389 1574 419 et
1592 384 1716 420 varie-

239 443 336 484 tate,
366 436 467 474 unde
486 440 697 475 maximam
725 439 901 476 orationis
920 440 1033 489 ipsius
1053 445 1288 475 venustatem
1309 446 1345 476 et
1374 440 1598 476 suavitatem
1629 440 1718 476 oriri

239 499 406 542 constat,
443 495 710 540 continentur,
747 494 982 533 Herodotum
1021 493 1241 546 Thucydidi
1277 503 1462 545 praestare
1504 494 1719 533 iudicarunt

238 555 405 598 veteres,
427 549 459 598 *)
498 552 559 588 cui
592 553 707 588 etiam
739 553 779 588 in
807 564 852 588 eo
882 552 1122 602 praestiterit,
1153 550 1256 602 quod
1279 551 1380 587 unde
1400 553 1550 588 initium
1572 551 1720 588 ducen-

240 603 333 641 dum
354 613 390 642 et
410 619 486 658 quo
506 620 625 659 usque
645 607 948 659 per-veniundum
967 636 976 654 ,
1007 608 1148 657 optime
1180 608 1313 644 scierit.
1334 608 1390 656 **)
1447 607 1719 659 Thucydidem

239 659 284 700 ἐν
301 665 384 708 τοῖς
399 667 638 714 παθητικοῖς
655 665 699 713 (ἰ.
720 678 751 701 e.
771 666 810 700 in
833 663 1088 714 exprimendis
1109 660 1450 701 vehementioribus
1471 666 1587 700 animi
1606 665 1718 701 moti·

240 717 328 767 bus)
340 719 535 768 excellere,
547 720 783 758 Herodotum
796 720 838 759 ἐν
849 724 929 765 τοῖς
940 715 1102 769 ἠθικοῖς
1119 720 1206 767 (Le.
1219 719 1257 755 iu
1272 720 1385 754 animi
1396 719 1589 757 affectibus
1608 720 1721 758 seda-

238 774 395 812 tioribus
409 774 729 813 indicandis—im
744 774 945 812 Ausdruck
956 773 1022 810 der
1038 773 1242 824 rnhigeren
1253 774 1720 827 Gemiithsbewegungen)

238 828 380 867 iudicat
399 833 621 884 Dionysius,·
643 833 717 881 ***)
731 833 790 868 cui
811 833 928 881 iungo
950 831 1192 877 Quinctiliani
1212 829 1394 866 iudicium
1405 832 1494 868 lust.
1515 833 1616 871 Orat.
1632 834 1682 880 X,
1700 835 1717 872 1

239 886 339 931 §.73
356 899 367 924 ε
398 889 570 935 „Densus
591 895 626 924 et
646 889 767 925 brevis
789 895 824 924 et
833 901 981 938 semper
1000 889 1139 924 instans
1158 887 1227 924 sibi
1238 885 1418 939 Thucyd.
1433 888 1564 934 3dulcis
1589 892 1621 925 et
1635 902 1722 925 can-

239 940 346 979 didus
370 947 402 980 et
423 943 532 993 fusus
554 944 754 982 Herodotus
763 958 776 988 ,-
806 945 869 980 ille
889 946 1094 993 concitatis,
1116 943 1176 980 hic
1197 945 1356 979 remissis
1368 943 1561 981 affectibus
1573 945 1722 992 melion,

237 997 302 1034 ille
322 1001 577 1048 concionibus,
590 999 651 1037 hic
670 1001 918 1048 sermonibus,
947 1001 1010 1036 ille
1029 1002 1079 1048 vi,
1109 999 1170 1037 hic
1189 1001 1421 1050 voluptate.“
1460 1002 1559 1037 Hinc
1572 1013 1724 1053 quoque

239 1053 370 1091 Cicero
390 1055 429 1091 in
452 1056 554 1097 Orat.
586 1059 658 1097 12:
689 1058 808 1104 „alter
829 1056 1078 1108 (He.·odotus)
1101 1057 1276 1097 sinetullis
1289 1056 1440 1093 salebris
1455 1056 1724 1108 ‚quasisedatus

236 1111 361 1148 amnis
389 1112 493 1161 fluit,
523 1113 616 1150 alter
646 1112 930 1166 (Thucydides)
964 1114 1152 1151 incitatior
1178 1113 1297 1150 fertur
1326 1120 1363 1150 et
1383 1112 1430 1150 de
1450 1114 1593 1152 bellicis
1613 1114 1725 1150 rebus

327 1306 368 1349 *)
411 1308 489 1343 Vid.
525 1309 663 1355 Dionys.
697 1311 807 1347 Halic.
839 1312 951 1356 Epist.
975 1313 1019 1346 ad
1051 1312 1200 1358 Pompei.
1225 1315 1256 1354 ἓ.
1282 1313 1304 1347 5
1331 1324 1368 1357 p.
1391 1313 1467 1347 128.
1495 1313 1570 1346 129.
1594 1311 1657 1354 (Τ.
1676 1309 1726 1344 VI

238 1362 272 1395 p.
302 1352 369 1388 767
402 1354 515 1399 seqq.)
551 1356 603 1389 De
633 1361 719 1390 vett.
742 1357 874 1402 scriptt..
899 1369 987 1391 cens.
1015 1359 1042 1390 V
1076 1371 1108 1401 p.
1133 1359 1201 1392 424
1224 1371 1294 1403 seq.
1322 1357 1426 1391 ludic.
1461 1357 1505 1391 de
1536 1355 1726 1400 Thucydid.

237 1397 283 1430 T.
317 1397 364 1431 VI
394 1411 429 1444 p.
460 1401 640 1437 775-777
665 1403 785 1437 Reisk.
831 1404 996 1447 Equidem
1020 1404 1206 1447 insigniora
1231 1405 1392 1448 quaedam
1426 1404 1490 1440 huc
1513 1407 1640 1435 tantum
1665 1412 1728 1441 ap-

238 1452 381 1486 ponam:
406 1464 450 1470 —
474 1443 617 1490 ήδονὴν
640 1446 679 1482 δὲ
699 1448 760 1482 καὶ
779 1447 900 1482 πειθώ
923 1448 984 1482 καὶ
1002 1447 1132 1493 τέρψιν
1154 1448 1216 1483 καὶ
1236 1447 1304 1488 τὰς
1335 1446 1558 1491 ὁμοιογενεῖς
1591 1444 1729 1488 ἀρετὰς

239 1486 449 1543 ὃῑξῖφέρεται
467 1493 593 1538 μακρῷ
623 1493 854 1527 Θουκυδίδου
884 1496 1092 1537 κρείττονας
1119 1493 1346 1536 “Ηρο’δοτος·
1386 1493 1454 1537 τῆς
1487 1489 1526 1526 δὲ
1559 1490 1729 1536 φράσεως

238 1545 314 1566 των
332 1534 524 1578 ονομάτων
534 1537 576 1571 τὸ
595 1536 658 1580 μὲν
681 1536 777 1573 κατοὶ
796 1537 909 1582 φύσιν
926 1537 1132 1584 (Ηρόδοτος
1155 1538 1327 1583 ἐζήλωκε,
1362 1537 1405 1573 τὸ
1426 1536 1466 1572 δὲ
1485 1537 1609 1572 δεινὸν
1631 1537 1728 1572 Θου-

240 1579 411 1624 κυδίδης,
449 1579 620 1626 ὁμοειδης
643 1585 718 1624 πᾶς
745 1581 798 1618 ὢν
822 1583 861 1618 ἐν
885 1583 1014 1628 λόγοις.
1064 1584 1206 1628 ἀρετῶν
1226 1582 1249 1629 ἡ
1272 1583 1478 1627 κυριωτάτη
1497 1582 1540 1618 τὸ
1563 1583 1728 1628 πρέπον·

241 1622 382 1667 ταύτην
405 1623 423 1660 ὁ
442 1623 641 1667 “Ηρόδοτος
659 1627 809 1674 ἀκριβοῖ
823 1631 962 1672 μᾶλλον
980 1627 1003 1673 ἢ
1037 1631 1288 1673 Θουκυδίδης·
1321 1627 1492 1673 ὁμοειδής
1520 1627 1590 1672 γὰρ
1617 1621 1728 1666 οὖτος

242 1665 282 1702 ἐν
309 1671 419 1711 πᾶσι,
450 1670 519 1705 κᾶν
549 1676 632 1712 ταῖς
661 1675 898 1718 δημηγορίαις
909 1676 1046 1717 μᾶλλον
1070 1672 1094 1718 ἢ
1120 1678 1201 1714 ταῖς
1230 1673 1454 1719 διηγήσεσιν·
1501 1672 1581 1716 ἐμοὶ
1602 1672 1729 1716 μέντοι

241 1713 307 1747 καὶ
333 1716 383 1761 τῷ
413 1716 574 1763 φιλτάτῳ
599 1720 772 1765 Καικιλίῳ
803 1721 905 1753 δοκεῖ
931 1719 976 1753 τὰ
1005 1717 1249 1763 ἐνθυμήματα
1271 1718 1389 1754 αὐτοῦ
1413 1717 1570 1762 μάλιστά
1599 1731 1636 1762 γε
1665 1718 1728 1752 καὶ

243 1759 402 1802 ζηλῶσαι
415 1761 678 1807 Δημοσθένης·
711 1765 772 1798 ἵνα
795 1763 833 1799 δὲ
854 1764 1012 1799 συνελών
1040 1766 1152 1808 εἴπω,
1182 1765 1290 1799 καλαὶ
1306 1764 1371 1808 μὲν
1397 1764 1437 1798 αἱ
1470 1763 1636 1808 ποιήσεις
1658 1762 1730 1806 α’μ-

245 1803 422 1849 φότεραι·
466 1807 511 1842 ου’
536 1807 606 1852 γὰρ
631 1806 678 1844 ὃὶν
706 1810 944 1853 αἰσχυνθείην
962 1809 1128 1854 ποιήσεις
1152 1808 1271 1849 αὐτὰς
1289 1810 1417 1855 λέγων·
1450 1808 1670 1852 διαφέρουσι
1688 1807 1728 1843 δὲ

245 1849 338 1884 κατα
361 1853 471 1886 τοῦτο
489 1853 646 1896 μάλιστα
673 1853 859 1899 ἀλλήλων,
893 1855 951 1891 ὅτι
967 1854 1010 1891 τὸ
1033 1854 1100 1901 μὲν
1118 1854 1327 1901 Ἡροδότου
1345 1854 1478 1895 κάλλος
1498 1853 1627 1900 ἱλαρόν
1645 1852 1730 1898 ἐστι,

246 1895 410 1941 φοβερὸν
431 1897 470 1932 δὲ
490 1897 533 1934 τὸ
559 1900 802 1937 Θουκυδίδου.

339 1965 386 2008 ⁸*)
427 1965 566 2011 Dionys.
598 1969 709 2011 Epist.
742 1969 785 2002 ad
816 1969 964 2014 Pompei.
990 1971 1021 2011 ἓ.
1045 1971 1067 2005 3
1091 1982 1123 2013 p.
1151 1971 1226 2012 129,
1253 1971 1305 2009 15,
1332 1971 1373 2004 16
1397 1969 1470 2011 (Τ.
1494 1968 1540 2003 VI
1563 1979 1597 2012 p.
1623 1968 1727 2010 769J=

249 2006 422 2053 δεύτερόν
445 2009 519 2046 ἐστι
542 2014 606 2057 τῆς
621 2013 803 2058 ἱστορικῆς
821 2016 1071 2058 πραγματείας
1089 2014 1213 2059 ἔργον,
1248 2016 1386 2059 γνῶναι
1405 2012 1591 2051 πόθενὶτε
1616 2009 1730 2055 ἄρξα-

250 2055 342 2110 σθαι
360 2056 423 2110 εκαὶ
440 2055 542 2102 μέχρι
570 2060 635 2093 τοῦ
666 2062 862 2103 προελθεῖν
890 2062 956 2095 δεῖ.
1005 2062 1178 2104 φαίνεται
1205 2058 1243 2095 δὲ
1265 2061 1327 2095 καὶ
1349 2058 1467 2106 τούτῳ
1497 2058 1730 2092 Θουκυδίδου

247 2102 342 2134 πολυ
372 2101 564 2145 Ηρόδοτος
583 2105 874 2149 φρονιμώτερος·
900 2103 1049 2150 ἄρχεταί
1063 2119 1101 2141 τε
1120 2104 1186 2150 ἀφ’
1200 2101 1247 2150 ἧς
1270 2107 1389 2144 αἰτίας
1402 2103 1561 2149 ἤρξαντο
1582 2104 1730 2147 πρῶτον

249 2147 370 2186 κακῶς
395 2151 514 2182 ποιεῖν
531 2148 806 2195 τούςἝλὲῃνας
825 2151 860 2186 οἱ
879 2151 1083 2198 βάρβαροι·
1130 2151 1192 2186 καὶ
1210 2151 1404 2197 προελθών
1431 2151 1481 2190 εἰς
1500 2148 1567 2194 τὴν
1589 2147 1730 2194 βαρβά-

250 2190 489 2247 ρωνςκόλασιν
505 2195 566 2229 καὶ
584 2198 761 2240 τιμωρίαν
777 2196 880 2241 λέγει.
904 2202 938 2232 et
963 2199 1060 2242 paulo
1085 2202 1184 2232 antea
1208 2199 1259 2243 (p.
1283 2199 1368 2241 767)
1386 2209 1419 2242 p.
1447 2197 1524 2237 128,
1547 2196 1611 2229 42:
1644 2193 1731 2237 περὶ

248 2247 314 2290 ιξεν
341 2237 536 2280 Ηροδότου
555 2241 617 2275 καὶ
644 2242 877 2277 Θουκυδίδου
897 2245 1017 2278 ταῦτα
1045 2245 1192 2287 φρονῶ·
1235 2244 1392 2287 Πρῶτον
1422 2238 1479 2276 ὅτι
1514 2240 1575 2275 καὶ
1600 2238 1730 2281 σχεδόν

249 2283 544 2336 αναγκαιότατον
572 2285 678 2330 ἔργον
709 2286 886 2322 ἁπάντων
909 2287 983 2324 ἐστι
1002 2293 1080 2329 τοῖς
1095 2287 1300 2333 γράφουσιν
1328 2288 1511 2331 ἱστορίας,
1542 2283 1730 2319 ’ὑπόθεσιν

250 2323 466 2370 ἐκλεξασθαι
481 2330 594 2374 καλὴν
614 2333 677 2366 καὶ
698 2332 956 2378 κεχαρισμένην
976 2338 1054 2373 τοῖς
1072 2333 1388 2378 ἀναγνωσομένοις
1402 2345 1409 2353 ·
1437 2333 1548 2366 τοῦτο
1568 2328 1729 2375 <Ηρόδο-

251 2372 316 2412 δος
344 2374 508 2416 κρεῖττόν
530 2389 593 2419 μοι
618 2379 721 2412 δοκεῖ
745 2379 984 2423 πεποιηκέναι
1010 2381 1261 2414 Θουκυδίδου·
1301 2378 1438 2417 ἐκεῖνος
1463 2375 1528 2421 μὲν
1554 2375 1624 2421 γὰρ
1652 2387 1729 2409 κοι-

250 2416 319 2460 νὴν
340 2416 554 2464 Ἑλληνικῶν
574 2434 612 2456 τε
633 2424 694 2457 καὶ
715 2424 913 2469 βαρβάρων
931 2424 1096 2468 πράξεων
1117 2423 1324 2469 ἐξενήνοχεν
1348 2425 1534 2466 ἱστορίαν,
1574 2419 1623 2461 οἱς
1637 2419 1727 2475 μήτε

250 2463 297 2519 τρὶ
323 2464 498 2510 γενόμενα
514 2467 550 2510 ἐξ
568 2467 780 2513 ἀνθρώπων
800 2469 942 2514 ἐξίτηλα
957 2469 1117 2515 γένηται,
1146 2470 1236 2515 μήτε
1253 2470 1299 2504 τὰ
1322 2469 1408 2513 ἔργα
1422 2469 1482 2502 καὶ
1503 2466 1595 2510 ἅπερ
1613 2466 1728 2505 αυτὸς

251 2510 390 2563 ἓιζρηκὲ·
429 2512 470 2547 τὸ
490 2513 567 2559 (γὰρ
600 2513 693 2550 αὐτὸ
724 2515 920 2561 προοίμιόν
946 2528 984 2550 τε
1013 2517 1074 2551 καὶ,
1102 2515 1191 2561 ἀρχὴ
1226 2515 1287 2551 καὶ
1312 2514 1414 2555 τέλος
1439 2513 1514 2550 ἐστὶ
1548 2513 1614 2557 τῆς
1630 2512 1728 2546 ἱστο-

251 2565 333 2598 ριας
355 2568 387 2591 κ.
410 2571 441 2592 τ.
469 2561 500 2594 λ.

334 2624 406 2677 ,''')
429 2625 480 2658 De
504 2627 597 2661 vett.
622 2629 762 2674 Scriptt.
788 2629 889 2665 cens.
914 2630 943 2663 V
962 2642 1000 2686 p.
1024 2629 1115 2665 425:
1141 2627 1179 2664 ἐν
1198 2628 1325 2673 μέντοι
1340 2631 1418 2667 τοῖς
1434 2625 1581 2671 ἠθικοῖς
1603 2628 1731 2669 κρατεῖ

249 2665 475 2722 ε-ζῖρθὸθῖθς,
498 2669 536 2704 ἐν
553 2671 591 2705 δὲ
617 2678 695 2714 τοῖς
711 2676 933 2718 παθητικοῖς
952 2688 970 2710 ο
996 2676 1229 2719 Θουκυδίδης
1257 2676 1333 2709 coll.
1366 2675 1475 2718 Epist.
1509 2672 1550 2726 agl
1577 2672 1724 2724 Pompei.

251 2713 301 2767 ΥῙ
324 2725 356 2767 P:
379 2716 463 2768 7²79:
514 2717 742 2763 Θουκυδίδης
761 2718 826 2762 μὲν
843 2720 912 2765 γὰρ
932 2719 979 2755 τοὶ
997 2720 1106 2765 πάθη
1126 2722 1288 2765 δηλῶσαι
1303 2718 1495 2762 κρείττων·
1534 2718 1727 2760 Ιίροδοτος

251 2759 291 2792 δε
308 2762 497 2839 ταῶίὲηθη
513 2766 743 2808 παραστῆσαι
759 2765 976 2812 δεινότερος.
1023 2767 1100 2802 Vid.
1125 2768 1287 2803 Creuzer.
1314 2765 1379 2799 Die
1398 2763 1596 2797 hienkuust
1617 2763 1726 2797 d·G¹'·

254 2815 328 2848 pag.
423 2829 430 2838 .
