1996 3238
527 186 871 224 URANIA.
929 187 1057 224 vlu.

1340 187 1423 228 19⁴1

138 296 438 352 53,‹poov§evs¹‚)
480 292 589 350 ἄλλη
629 291 840 348 παρέσται
886 295 1197 350 πολλαπλησίη.
1265 295 1323 351 μή
1359 291 1423 338 ὦν

129 405 132 407 .
166 364 406 420 ,βούλεσθε
435 359 747 416 παρισεύμενοι
775 362 964 417 βασιλέϊ,
998 362 1228 415 στέρεσθαι
1243 364 1324 417 μὲν
1347 366 1423 419 τῆς

165 431 357 488 ,,χω’ρης,
385 427 508 472 θέειν
539 428 585 471 δὲ
619 429 704 472 αιέὶ
733 431 831 483 περὶ
846 429 993 483 ὑμέων
1015 429 1181 472 αὐτῶν·
1215 430 1323 474 ἄλλα
1352 447 1425 473 κα-

137 497 452 554 6,,ταλύσασθε.
509 497 683 553 παρέχει
723 497 770 541 δὲ
806 495 912 553 ὑμῖν
948 497 1153 540 κάλλιστα
1185 498 1427 543 καταλύσα-

164 573 329 622 ,,σθαι,
360 565 559 622 βασιλέος
576 563 714 623 ταύτῃ
745 563 1019 621 ὦρμημένου.
1082 565 1174 608 ἔστε
1188 564 1422 618 ἐλεύθεροι,
1437 572 1481 608 65

163 634 297 691 »ἡμῖν
313 633 545 691 ὁμαιχμίην
576 635 837 689 συνθέμενοι
859 634 965 678 ἄνευ
994 651 1038 678 τε
1069 633 1204 677 δόλου
1218 633 1291 676 καὶ
1322 632 1427 676 ἁπά-

135 711 277 760 7,,της.
338 702 597 755 Μαρδόνιος
625 703 704 757 μὲν
737 705 899 755 ταῦτα,
929 700 965 746 ὦ
988 701 1244 758 Ἀθηναῖοι,
1277 700 1428 743 ἐνετεί-

162 768 301 823 ,,λατό
329 786 405 826 μοι
435 769 570 811 εἰπεῖν
598 769 709 823 πρὸς
744 771 897 828 ὑμέας.
928 769 1010 826 ἐγώ
1039 769 1084 813 δὲ
1118 768 1217 822 περὶ
1249 768 1328 824 μὲν
1358 765 1431 811 εὐ-

161 841 312 895 ,,νοιής
340 842 417 895 τῆς
443 835 554 892 πρὸς
583 836 717 894 ὑμέας
745 839 900 896 ἐούσης
932 839 974 892 ἐξ
1007 838 1110 894 ἐμεῦ
1141 834 1272 880 οὐδὲν
1300 835 1429 887 λέξω·

133 906 252 960 8,,οὐ
281 906 362 963 γὰρ
393 906 451 951 ἂν
480 911 565 950 νῦν
593 911 768 961 πρῶτον
786 907 1034 966 ἐκμάθοιτε.
1093 906 1363 960 προσχρηίζω
1384 903 1430 946 δὲ

161 975 368 1032 ,,ὖμέων,
414 977 647 1018 πείθεσθαι
687 977 946 1035 Μαρδονίῳ.
1005 973 1164 1028 ἐνορέω
1203 971 1288 1028 γάρ
1316 970 1484 1027 ὑμῖν70

163 1043 275 1097 „ofin
306 1044 440 1086 οἵοισί
468 1059 512 1086 τε
542 1043 787 1098 ἐσομένοισι
826 1043 906 1087 τόν
934 1041 1075 1087 πάντα
1103 1039 1268 1097 χρόνον
1297 1044 1427 1084 πολε-

163 1110 306 1167 ,,μεέιν
335 1112 489 1169 Ξέρξῃ.
550 1115 588 1154 εἰ
615 1111 698 1167 γάρ
731 1111 912 1166 ἐνώρων
940 1114 1072 1155 τοῦτο
1105 1109 1154 1152 ἐν
1185 1106 1311 1164 ὑμῖν,
1343 1105 1428 1151 οὐκ

131 1179 248 1233 9,,ὂῖν
277 1195 375 1223 ποτε
405 1180 448 1231 ές
476 1177 612 1236 ὑμέας
640 1175 782 1236 ἦλθον
813 1180 922 1236 ἔχων
950 1178 1110 1234 λόγους
1138 1174 1308 1220 τούσδε.
1352 1174 1429 1218 καὶ

162 1247 275 1304 ,,γάρ
307 1245 494 1304 δύναμις
523 1247 635 1303 ὑπὲρ
665 1248 908 1302 ἄνθρωπον
937 1246 964 1303 ἡ
993 1245 1192 1303 βασιλέος
1215 1243 1322 1296 ἐστὶ,
1353 1241 1428 1285 καὶ

105 1317 279 1373 10,,χεὶρ
322 1313 586 1374 ὑπερμήκης.
644 1316 702 1372 ἣν
743 1311 806 1361 ὦν
843 1315 903 1374 μὴ
934 1313 1092 1360 αὐτίκα
1121 1310 1484 1370 ὁμολογήσητε,75

161 1502 216 1559 μὴ
242 1500 300 1546 ὦν
320 1500 534 1559 βούλεσθε]
565 1505 622 1542 Ita
639 1518 658 1541 e
673 1504 766 1541 Flo-

104 1566 240 1604 rentiu.
263 1571 300 1601 et
323 1563 515 1601 Sancrofti
543 1561 627 1600 cod.
660 1574 764 1598 nunc

103 1619 251 1658 editum
277 1621 463 1673 probante
487 1631 642 1671 quoque
670 1631 763 1655 cen-

101 1691 186 1715 sore
204 1678 390 1728 Lipsiensi
414 1678 518 1716 1833
539 1689 626 1727 pag.
653 1673 705 1715 44
726 1680 764 1711 et

100 1735 252 1772 lenensi
284 1736 389 1775 1828
418 1745 478 1769 nr.
516 1734 593 1772 186
627 1745 664 1783 p.
695 1730 763 1771 46.

100 1791 310 1842 Vulgatum
381 1785 586 1840 βούλησθε
661 1786 764 1837 apud

105 1847 300 1885 Schaeser.
323 1845 448 1884 adhuc
469 1847 621 1896 legitur.
678 1843 764 1882 Vid.

103 1903 238 1942 Matth.
270 1905 336 1941 Gr.
366 1905 430 1940 Gr.
457 1904 495 1948 §.
519 1903 614 1950 511,
639 1904 678 1942 3.
708 1920 764 1930 —-

103 1961 181 1998 Pro
192 1954 362 2010 παρισετῖ
364 1974 476 2010 μενοι
486 1961 526 1994 in
540 1959 763 1995 Florentino

105 2017 263 2068 aliisque
274 2023 327 2053 est
341 2013 643 2065 παρισούμενοιτ
665 2027 764 2066 quae

105 2073 242 2110 eadem
275 2073 445 2109 lectionis
490 2072 650 2107 varietas
700 2070 764 2118 lv,

107 2133 200 2171 166.
225 2149 271 2157 —-
304 2129 559 2165 Locutionem
580 2125 692 2165 θέειν
715 2146 763 2153 -

103 2186 195 2237 περὶ
215 2183 350 2236 ὖμέων
373 2185 636 2230 illustrabunt,
668 2195 766 2234 quae

103 2242 153 2281 ad
170 2244 252 2292 Vll,
274 2241 326 2282 57
358 2242 470 2278 allata
494 2247 595 2278 suut.
656 2239 768 2276 Affe-

104 2307 194 2338 runt
232 2305 360 2335 autem
395 2296 435 2337 h.
465 2298 491 2334 l.
527 2296 577 2334 ad
606 2297 767 2332 Homeri

103 2356 210 2395 lliad.
224 2356 329 2403 XIII,
351 2353 433 2396 245
464 2354 632 2406 aliosque
648 2354 766 2401 locos,

104 2414 172 2451 ubi
219 2413 382 2450 verbum
420 2409 533 2450 θέειν
569 2423 648 2447 non
686 2417 768 2460 tam

105 2483 241 2509 currere
270 2467 478 2519 siguificat,
517 2480 634 2519 quam
655 2466 768 2518 festi-

104 2540 201 2576 nare,
223 2529 399 2575 satagere,
424 2521 626 2563 σπεύδειν.

164 2612 265 2656 ἆλλοῖ
285 2610 582 2662 καταλύσασθε]
601 2610 769 2650 Valcke-

107 2675 237 2712 naerio
262 2674 408 2724 placet:
456 2667 555 2711 ἄλλα
577 2665 769 2709 καταλύε-

108 2734 204 2777 σθε,
246 2736 290 2768 ut
305 2729 406 2766 infra
426 2730 463 2774 ξ.
491 2731 516 2769 2
552 2721 649 2766 οἷλλᾶ
681 2725 770 2765 πει-

109 2789 252 2836 θεσθε,
309 2785 502 2824 adii-aienti
541 2783 768 2836 particulam

823 1497 924 1543 ἆλλοῖ
960 1500 1101 1539 habere
1140 1499 1221 1537 vim
1265 1494 1484 1543 οόεεοναηάι,

822 1574 886 1612 qu
877 1575 899 1597 ι
922 1559 1071 1609 saepius
1090 1558 1130 1593 in
1142 1556 1279 1593 talibus
1300 1552 1485 1590 adhibea-

820 1625 884 1654 tur
898 1613 947 1667 δὴ
971 1622 1086 1667 atque
1102 1614 1262 1652 verbum
1282 1606 1392 1658 αξιῶ.
1426 1610 1484 1645 De

819 1673 1097 1725 significatione
1143 1669 1252 1708 verbi
1297 1660 1485 1706 καταλυε·

821 1735 920 1770 σθαι
939 1730 1042 1769 conf.
1062 1734 1158 1766 nott.
1181 1725 1230 1763 ad
1249 1725 1332 1771 VII,
1354 1725 1393 1763 6.
1421 1720 1485 1759 Ad

820 1788 983 1825 verbum
1019 1783 1180 1838 παρέχει
1211 1780 1289 1821 vid.
1321 1781 1400 1819 citt.
1436 1777 1485 1816 ad

819 1845 920 1893 VIII,
942 1846 982 1884 8.

879 1919 1060 1975 βασιλέος
1077 1916 1200 1973 ταύτῃ
1227 1913 1482 1968 ὁρμημένου]

820 1981 846 2018 i.
869 1994 902 2017 e.
924 1991 1000 2015 cum
1030 1990 1091 2015 rea:
1119 1990 1156 2014 eo
1178 1975 1326 2026 seratur
1352 1976 1482 2021 animo,

822 2050 899 2074 cum
927 2035 1011 2072 haec
1040 2035 1136 2082 ‘regis
1169 2034 1216 2068 sit
1231 2032 1410 2068 voluntas.
1427 2047 1483 2058 -

822 2092 884 2129 Ad
899 2091 1135 2128 locutionem
1152 2087 1369 2137 ὁμαιχμίην
1391 2097 1484 2124 συν-

821 2149 1015 2188 τίθεσθαι
1034 2145 1136 2183 conf.
1156 2145 1257 2193 vlu,
1279 2140 1374 2183 144.
1394 2142 1484 2181 128.

827 2207 906 2247 120
922 2209 1003 2243 not.

1102 2293 1139 2338 §-
1170 2292 1211 2331 2.

882 2371 993 2424 ε’νορε
983 2370 1028 2411 ’ω
1071 2386 1147 2424 γαρ
1173 2368 1272 2421 ’ὑμῖν
1300 2382 1338 2406 κ.
1368 2379 1399 2404 ἰ·
1426 2364 1481 2417 λ.]

822 2429 910 2469 Vid.
939 2426 1077 2466 Matth.
1100 2429 1167 2465 Gr.
1189 2428 1254 2463 Gr.
1278 2426 1314 2471 ξ.
1339 2422 1420 2464 536
1446 2436 1484 2474 p-

829 2487 933 2529 1053
951 2494 988 2523 et
1009 2484 1057 2523 de
1075 2485 1192 2521 verbo
1214 2479 1358 2530 ἐνορέω
1374 2480 1485 2516 allata

824 2543 872 2581 ad
893 2544 959 2590 111,
983 2542 1049 2582 53.
1064 2541 1110 2588 V,
1131 2542 1196 2581 36.
1214 2560 1269 2566 --
1287 2539 1333 2574 In
1351 2536 1486 2588 proxi-

823 2614 887 2637 me
923 2597 1121 2636 antecedd.
1144 2595 1234 2633 dedi
1260 2594 1384 2634 εἰπεῖν
1413 2605 1484 2644 pro

826 2654 946 2703 εἶπαι,
977 2656 1079 2691 libris
1094 2655 1146 2690 ita
1165 2652 1394 2690 iubentibus.
1422 2648 1485 2687 Ad

825 2713 864 2762 ἐξ
894 2712 988 2764 ἐμεῦ
1004 2711 1108 2766 conf}
1123 2711 1222 2758 vlu,
1238 2710 1304 2750 80.

882 2778 964 2833 χεὶρ
999 2773 1260 2833 ὑπερμήκης]
1309 2773 1486 2813 Afferunt
