1879 3222
227 152 309 193 536

270 269 369 300 rum,
402 257 478 298 VII,
507 256 565 291 89.
594 268 687 300 seqq.
722 257 934 292 Graecorum

272 307 314 339 ad
330 303 547 337 Artemisium
564 308 596 336 et
607 304 829 345 Salaminem,
842 304 933 345 I'III,

271 352 292 384 1
317 354 386 382 not.
413 348 466 382 14.
491 349 549 382 44.
571 349 628 390 48,
663 349 722 382 ubi
760 348 830 383 vid.
864 356 934 384 not.

271 414 315 420 -
331 406 434 428 naves
456 394 567 437 quiuiS
584 394 757 428 drachmis
780 407 933 429 commo-

271 441 390 481 datae,
415 441 474 483 VI,
494 440 551 473 89.
575 462 620 467 —
643 440 793 485 Navigia
814 442 935 475 Arme-

272 486 409 520 niorum
433 498 472 519 ex
495 486 590 518 corio
614 487 770 520 confecta
801 487 836 520 in
862 489 934 520 Eu-

272 533 346 575 plu.
341 537 394 564 ite
417 532 464 573 fl„
488 531 517 573 I,
543 531 610 565 194
634 537 702 566 not.
725 543 830 566 naves
855 545 934 566 one-

271 578 386 611 rariae
407 589 448 610 ex
471 577 570 619 spina
592 579 716 611 arbore
739 589 793 622 ap.
819 579 937 623 Aegy-

274 623 517 667 ptios‚11‚96
542 628 610 657 not
633 624 775 668 navigia
800 636 839 657 (x
863 636 931 657 uno

272 681 396 712 genu«
387 669 593 702 arundinis
586 681 638 712 wp
655 670 767 710 Indos,
793 671 856 709 Ill,
880 669 936 703 98.

227 715 469 759 Naufragium
494 716 675 748 Persarum
706 717 797 759 apud
823 716 936 748 Athon

273 768 446 801 montem,
481 761 536 802 VI,
568 761 624 793 44.
667 761 709 793 ad
745 762 936 800 Euboeam,

270 806 449 847 x‘111‚12
472 818 542 849 seq.
565 806 727 847 nauh-‘igi
750 806 939 839 immolau-

272 856 328 886 tur
353 863 373 886 a
395 852 535 891 Tauris,
557 851 615 885 lv.
642 851 720 885 103.

227 898 420 942 Ravigatz'o
449 897 571 930 diurna
611 896 806 940 septuagies
842 896 940 929 mille

270 955 335 987 erg
337 953 475 987 yarum,
499 943 545 975 lv
548 941 626 980 ,86
647 946 716 976 not.
734 942 940 985 Navigatio-

269 1000 328 1022 nes
352 989 496 1032 longae,
520 987 579 1029 ΙΙΙ,
604 986 680 1021 115.
707 998 728 1021 a
755 988 937 1021 l'limniei-

269 1036 334 1068 bus
358 1033 552 1071 institutae,
584 1033 612 1075 I,
648 1034 679 1066 1.
701 1032 760 1076 qui
783 1034 936 1067 Africam

272 1079 571 1124 circumnavigant
593 1079 686 1112 iussu
703 1079 849 1113 Neconis
871 1081 939 1113 Ae-

272 1125 375 1170 gypti
397 1125 504 1170 regis,
536 1124 593 1160 lv,
627 1125 672 1157 ⁴2
705 1130 775 1159 not.
807 1129 841 1158 et
865 1126 935 1159 Ex-

273 1183 363 1205 eurs.
397 1171 441 1204 Τ.
468 1172 500 1204 ΙΙ
525 1182 556 1212 p.
574 1169 641 1203 667
666 1182 757 1213 seqq.
791 1171 849 1214 qui
872 1172 939 1204 tri-

271 1228 377 1250 remes
402 1221 434 1250 et
456 1217 493 1249 in
517 1217 649 1249 boreali
673 1222 705 1250 et
730 1217 766 1249 in
789 1217 938 1251 Arabico

272 1264 350 1296 sinu
375 1263 554 1306 aedificari
579 1263 689 1302 iubet,
719 1263 765 1304 II,
789 1263 867 1295 159.
894 1282 939 1288 -

272 1310 398 1352 longae
422 1307 658 1351 navigationes
675 1308 941 1351 Carthaginien-

273 1355 381 1394 sium,
406 1354 466 1396 lv,
490 1353 546 1387 43.
565 1355 610 1386 οἳ.
627 1366 656 1387 e.
674 1353 752 1388 196.
783 1355 937 1388 Phocae-

274 1399 427 1438 ensium,
461 1399 498 1442 Ι,
531 1399 610 1433 163.
642 1399 683 1433 de
717 1399 760 1432 iis
793 1402 839 1442 cs.
869 1405 940 1434 not.

275 1446 322 1478 ad.
347 1445 374 1486 I,
400 1444 479 1478 166.
504 1464 547 1470 —
574 1445 703 1489 Scylax
721 1446 941 1490 Caryanden-

274 1491 321 1524 sis
346 1490 478 1524 Indiam
503 1491 787 1534 circumnavigat,
812 1492 868 1533 lv,
883 1491 940 1525 44.

275 1541 309 1570 et
331 1537 474 1570 Excurs.
499 1538 541 1570 T.
566 1537 599 1570 ΙΙ
624 1549 655 1579 p.
677 1537 745 1570 671
769 1549 837 1579 seq.
876 1538 941 1571 Sa-

276 1587 408 1624 tnspem
433 1584 574 1616 Persam
607 1583 761 1616 Africam
793 1585 944 1616 circum-

277 1628 446 1671 navigare
468 1628 563 1661 iuhet
588 1629 725 1665 Xerxes,
750 1629 806 1669 lv,
830 1628 944 1663 43.—

279 1673 467 1715 Navigatin
499 1673 533 1705 in
557 1673 636 1706 Nilo
660 1674 805 1706 adverso
828 1674 946 1706 flumi-

280 1729 334 1759 ne,
359 1718 405 1756 ΙΙ,
429 1718 485 1750 96.
503 1718 546 1750 ef.
572 1730 600 1750 c.
626 1718 671 1750 29
696 1730 765 1762 seq.
799 1719 857 1751 ubi
882 1719 946 1751 iter

281 1764 482 1796 describitur
523 1764 567 1796 ab
598 1764 826 1806 Elephantine
864 1765 946 1797 urbe

280 1809 422 1842 MeroEn
453 1819 558 1851 usque
580 1809 787 1851 Aethiopum
817 1815 947 1842 metro-

280 1854 374 1898 polin
407 1857 441 1887 et
474 1855 653 1887 Asmaseli.
689 1873 734 1878 —
768 1854 949 1898 navigatio

282 1900 428 1933 adverso
460 1900 604 1932 flumine
634 1900 811 1942 Euphrate
841 1901 949 1940 nulla,

281 1947 310 1986 1,
328 1944 402 1978 194.
423 1963 466 1970 —
492 1946 531 1977 ln
546 1946 776 1987 navigatione
796 1947 949 1979 bolidem

283 1995 461 2034 usurpant,
484 1991 529 2032 II,
554 1991 585 2024 5.
609 1991 665 2024 28.

239 2037 477 2070 Naumachiae
507 2037 740 2078 spectaculum
784 2047 806 2071 a
836 2037 950 2071 xerxe

283 2083 488 2124 institutum,
512 2083 587 2122 vu,
611 2081 666 2115 44.

239 2129 412 2172 Nauplius
434 2139 531 2172 ager,
556 2128 616 2170 VI,
639 2127 684 2160 76
706 2129 776 2160 not.

239 2174 489 2218 Namtrophus,
506 2178 602 2216 pater
623 2172 794 2216 Eupalini,
813 2173 876 2214 III,
889 2173 945 2207 60.

240 2219 360 2253 Naxus
392 2221 473 2259 ins.,
502 2219 692 2263 Cycladum
724 2218 896 2259 maxima,
927 2231 948 2252 a

285 2265 467 2299 Pisistrato
505 2266 665 2304 subacta,
700 2264 730 2305 Ι,
758 2265 814 2299 61.
846 2265 948 2298 Darii

287 2315 402 2344 aetate
440 2321 558 2344 omnes
596 2311 725 2343 insulas
771 2311 949 2352 opulentia

285 2359 435 2397 superat,
460 2357 501 2397 V,
521 2356 577 2389 28.
599 2356 700 2389 Nuxii
715 2355 874 2389 Siciliam
899 2357 952 2388 in-

285 2402 432 2435 colentes
454 2403 498 2436 ab
515 2402 727 2445 Hippocrate
748 2401 843 2442 victi,
872 2402 950 2444 VII,

285 2446 353 2480 154
377 2451 447 2481 not.
471 2448 570 2481 Iones
594 2448 693 2481 Naxii
716 2447 857 2480 Athonis
880 2448 950 2480 ori-

286 2493 383 2534 undi,
408 2493 501 2535 VIII,
524 2493 570 2527 46
592 2497 661 2527 not.
687 2493 812 2526 Naxios
834 2493 951 2526 exules

287 2538 509 2584 Aristagoras
537 2540 574 2574 in
601 2538 750 2585 patriam
774 2538 952 2574 restimere

695 150 725 188 1.
755 149 917 185 INDEX
944 150 1136 186 RERUM.

1033 262 1194 299 conatur,
1240 257 1317 291 inde
1358 258 1476 292 Ioniae
1516 260 1697 293 turbarum

1033 305 1188 348 initium,
1235 304 1277 346 V,
1312 304 1358 337 30
1391 316 1484 348 seqq.
1525 305 1639 339 insula
1676 316 1698 340 a

1033 351 1149 384 Persis
1172 355 1289 392 capta,
1317 350 1370 389 u,
1392 351 1448 385 96.
1483 351 1614 386 Naxiae
1637 362 1698 384 na-

1035 408 1094 429 xes
1133 407 1153 430 a
1186 397 1296 429 Medis
1325 396 1368 429 ad
1402 397 1554 430 Graecos
1586 400 1696 430 trans-

1040 445 1134 481 eunt,
1157 441 1248 483 VIII,
1271 441 1328 475 46.

988 486 1154 530 Neapolis
1167 487 1380 566 (gl'ellenae),
1395 487 1472 529 VII,
1488 485 1557 520 123
1573 488 1642 520 not.
1655 485 1700 522 T.

1040 533 1086 565 III
1113 545 1144 574 p.
1196 533 1251 566 2.).

991 576 1154 622 Neapolis
1178 578 1337 622 Aegypti,
1361 578 1404 620 II,
1427 577 1472 611 91
1497 580 1565 611 not,

991 623 1273 664 Nebncadnezar,
1293 627 1362 656 not.
1388 624 1431 657 ad
1456 626 1481 664 Ι,
1506 622 1587 657 185.

992 668 1215 702 Necessitatis
1238 680 1374 708 numen,
1399 669 1493 708 VIII,
1518 670 1597 702 111.

991 713 1116 755 Nesos,
1142 719 1239 755 pater
1262 714 1520 755 PsammitIcIui‚
1545 726 1566 748 a
1591 713 1703 748 Saba-

1039 771 1124 792 cone
1147 759 1354 798 interfectus,
1380 760 1424 801 II,
1449 760 1517 793 152
1542 765 1611 794 not.

993 804 1111 846 Νεεοε,
1137 817 1196 838 rex
1213 806 1371 849 Aegypti,
1389 806 1625 838 Psammitichi
1641 805 1704 847 fil„

1039 852 1169 884 fossam
1181 851 1276 884 (lucit
1299 852 1332 884 in
1349 851 1582 894 Erythraeum
1599 861 1704 890 mare,

1038 901 1074 930 et
1098 897 1287 930 Phoenices
1320 897 1445 929 emittit
1483 896 1526 929 ad
1552 896 1705 929 Africam

1037 942 1417 986 circumnavigaudam,
1441 942 1502 982 IV,
1513 941 1558 974 42
1582 946 1649 975 not.
1661 941 1705 982 ΙΙ,

1037 988 1105 1022 158
1129 993 1198 1022 not.
1221 989 1376 1022 triremes
1399 967 1575 1021 aedificari
1598 987 1707 1027 iubet,

1038 1034 1184 1078 deytin
1227 1034 1352 1078 Syriae
1396 1033 1512 1077 capit,
1561 1044 1592 1068 e.
1638 1012 1707 1066 159

1040 1085 1111 1113 not.
1130 1080 1166 1123 *)

993 1125 1275 1169 Necyommtium
1305 1123 1556 1168 Thesprotiae,
1585 1124 1628 1167 V,
1661 1122 1708 1158 92

1041 1175 1112 1205 not.

994 1217 1255 1261 Negotiationis
1287 1216 1412 1249 veteris
1442 1215 1592 1261 vestigia
1623 1226 1710 1249 non-

1040 1264 1157 1296 nulla:
1181 1264 1308 1296 Merces
1332 1262 1526 1306 Aegyptiae
1549 1274 1572 1295 a
1594 1262 1709 1295 Phoe-

1040 1309 1174 1342 nicibus
1203 1309 1244 1341 ab
1278 1308 1523 1352 antiquissimis
1547 1308 1710 1351 tempori·

1044 1356 1102 1388 bus
1137 1354 1173 1386 in
1198 1354 1432 1398 Babylonium
1467 1359 1501 1387 et
1524 1353 1711 1386 Graeciam

1042 1402 1224 1440 advectae,
1257 1400 1285 1440 I,
1319 1400 1339 1433 1
1365 1405 1435 1433 not.
1461 1400 1505 1432 cf.
1529 1399 1570 1441 V,
1592 1398 1649 1432 58.
1676 1402 1709 1432 et

1042 1446 1088 1487 II,
1113 1446 1169 1479 49.
1199 1446 1302 1479 iidem
1329 1446 1366 1478 in
1394 1444 1577 1479 Graeciam
1602 1455 1641 1477 ea·
1664 1444 1712 1477 A-

1042 1492 1142 1525 rabia
1167 1492 1266 1532 thus,
1300 1492 1503 1535 myrrham,
1535 1490 1712 1523 cinnamo-

1044 1549 1141 1571 mum
1157 1542 1188 1570 et
1207 1538 1369 1570 ladanum
1395 1538 1455 1581 (ef.
1472 1549 1500 1570 c.
1518 1536 1617 1580 112.)
1642 1536 1710 1568 im-

1044 1588 1196 1627 portant,
1222 1584 1283 1624 Ill,
1310 1582 1386 1616 107.
1411 1587 1443 1616 et
1468 1583 1544 1614 111.
1570 1581 1708 1625 negotia

1048 1630 1260 1661 Graecorum
1285 1640 1363 1660 eum
1386 1628 1483 1661 Ponti
1505 1627 1629 1660 Euxini
1651 1637 1711 1659 ac-

1046 1674 1132 1706 colis
1156 1679 1189 1706 et
1205 1673 1424 1705 interioribus
1447 1673 1624 1713 tractibus,
1648 1672 1710 1712 IV,

1047 1718 1091 1751 24
1108 1723 1176 1751 not.
1193 1737 1236 1742 —
1253 1719 1308 1750 Es
1324 1719 1430 1751 Ponto
1444 1719 1479 1750 in
1494 1718 1660 1761 Aeginam
1677 1722 1712 1751 et

1045 1765 1317 1806 Peloponnesum
1352 1765 1536 1796 advehitur
1556 1764 1712 1796 frumen-

1048 1813 1134 1849 tum,
1150 1809 1221 1846 Vll,
1239 1809 1315 1841 147.
1336 1810 1380 1841 ef.
1398 1809 1457 1850 lv,
1482 1808 1538 1841 17.
1555 1809 1613 1841 ubi
1625 1809 1712 1852 Scy-

1048 1855 1130 1888 thae
1163 1859 1317 1887 aratores
1353 1854 1564 1886 frumentum
1594 1858 1713 1888 serunt

1049 1899 1215 1932 vendendi
1249 1911 1365 1932 causa.
1424 1901 1464 1932 1η
1489 1899 1715 1943 Borysthenis

1050 1945 1205 1987 emporio
1243 1957 1305 1989 per
1346 1950 1473 1988 septem
1514 1945 1716 1989 interpretes

1049 1992 1191 2036 negotitz
1212 2002 1276 2025 sua
1287 1996 1463 2035 peragunt
1480 1991 1642 2034 Scythae,
1658 1991 1715 2030 IV,

1022 2038 1095 2070 “2⁴
1134 2041 1202 2069 not.
1234 2056 1278 2061 -—
1309 2037 1360 2069 Ab
1391 2042 1544 2070 extrema
1578 2038 1716 2079 Europa

1051 2083 1194 2116 Graecis
1226 2086 1384 2115 stannum
1420 2083 1514 2115 venit
1553 2087 1586 2115 et
1620 2083 1716 2115 elec-

1046 2132 1149 2168 trum,
1177 2128 1237 2169 ΙΙΙ,
1264 2126 1330 2161 115
1355 2132 1424 2161 not.
1459 2129 1513 2160 Ex
1537 2128 1715 2169 Tartesso,

1047 2186 1149 2218 quam
1175 2175 1405 2207 Phocaeenses
1432 2174 1571 2207 Graecis
1602 2178 1715 2206 osten-

1050 2221 1195 2261 derunt,
1231 2218 1368 2259 1‚163
1400 2219 1541 2252 Colaeus
1575 2218 1716 2252 Samius

1049 2270 1125 2309 post
1148 2245 1343 2298 δοείνιῖίιιηι
1368 2265 1571 2308 Aeginetam
1600 2267 1714 2298 maxi-

1051 2322 1125 2344 mas
1141 2311 1284 2344 divitias
1306 2311 1443 2351 retulit,
1470 2310 1528 2350 IV,
1554 2307 1622 2343 152
1644 2313 1714 2343 not.

1055 2356 1213 2388 ('orobi11s
1253 2357 1421 2389 Cretensis
1466 2357 1637 2389 Theracos
1677 2356 1715 2390 in

1051 2402 1140 2445 Liby
1144 2413 1199 2434 im
1236 2403 1331 2435 ducit
1365 2407 1397 2435 et
1441 2402 1600 2435 Plateam
1635 2401 1713 2441 ins„

1049 2414 1273 2488 1179151.-
1297 2447 1597 2492 Carthaginienses
1615 2446 1651 2479 in
1667 2448 1716 2479 A-

1042 2493 1161 2537 fricas
1185 2494 1326 2537 regione
1354 2498 1451 2526 extra
1473 2491 1634 2526 Herculis
1655 2503 1715 2524 co-

1050 2540 1188 2574 lumnas
1218 2541 1289 2574 sita
1328 2539 1428 2575 taciti
1468 2548 1592 2574 merces
1632 2548 1714 2573 suas

338 2742 366 2786 ⁶)
385 2741 482 2775 Conf.
506 2742 672 2775 Rosellini
693 2743 906 2777 Monumenti
926 2742 1120 2788 del’Egitto
1141 2743 1184 2777 11.
1198 2753 1276 2788 pag.
1298 2741 1363 2777 132
1378 2751 1449 2785 seq.
1469 2740 1534 2775 192
1553 2750 1628 2785 seq.
