1879 3222
311 328 377 373 30
433 332 570 376 πέντε.

303 948 366 992 31

99 1007 227 1037 Barbari
240 1009 373 1038 Graecos

96 1043 236 1076 insecuti,
253 1051 311 1077 quo
327 1053 373 1071 or-

97 1075 167 1102 dine
186 1077 373 1105 casti-aloca-

95 1109 205 1141 verint,
229 1109 342 1138 Persae

95 1141 337 1170 Lacedaemoniis

96 1175 327 1204 Atheniensibus

95 1209 207 1236 Graeci
236 1209 314 1243 apud

93 1241 285 1270 Mardonium
296 1243 372 1271 mili-

92 1277 192 1305 tantes
209 1278 349 1313 oppositi.

438 158 521 198 252

837 157 1289 194 HERODOTI

437 265 480 316 ἕξ
509 281 551 307 τε
581 264 808 320 μυριάδες,
837 265 909 308 καὶ
937 264 1061 308 ἐννέα
1089 265 1282 321 χιλιάδες,
1314 266 1384 309 καὶ
1405 265 1683 320 ἑκατοντάδες

634 336 724 375 Τοῦ
761 332 807 375 δὲ
845 332 1091 387 σύμπαντος
1123 334 1374 389 Ἑλληνικοῦ
1416 338 1495 375 τοῦ
1535 341 1682 379 συνελ-

436 399 596 450 θόντος
633 400 677 450 ἐς
717 400 935 457 Πλαταιάς
973 401 1055 444 σύν
1083 417 1126 444 τε
1171 402 1371 457 ὁπλίτῃσι
1413 402 1485 444 καὶ
1521 406 1683 452 ψιλοῖσι

435 472 548 510 τοῖσι
575 468 796 523 μαχίμοισι
816 469 965 512 ἕνδεκα
983 468 1191 523 μυριάδες
1215 465 1337 524 ἦσαν,
1368 473 1468 524 μιῆς
1495 469 1684 524 χιλιάδος

407 535 552 588 Ξπρός
586 536 631 579 δὲ
660 534 925 580 ὀκτακοσίων
960 536 1137 588 ἀνδρῶν
1166 538 1465 579 καταδέουσαι.

1526 535 1609 578 σὺν
1638 536 1682 579 δὲ
1695 540 1736 576 45

437 603 658 646 Θεσπιέων
697 610 809 647 τοῖσι
846 607 1059 657 παρεοῦσι
1096 602 1406 657 ἐξεπληροῦντο
1448 605 1493 645 αἱ
1530 602 1682 645 ἕνδεκα

403 677 426 711 8
435 671 654 725 μυριάδες.

714 677 911 728 παρῆσαν
939 669 1023 726 γάρ
1053 671 1125 713 καὶ
1157 670 1374 712 Θεσπιέων
1397 671 1441 712 έν
1469 674 1529 726 τῷ
1559 683 1681 724 στρα-

431 738 595 798 τοπέδῳ
630 742 674 783 οἱ
701 737 948 794 περιεόντες,
979 738 1169 791 ἀριθμὸν
1209 736 1250 787 ἐς
1292 735 1573 788 ὀκτακοσίους
1609 739 1681 780 καὶ

428 808 614 862 χιλίους·
645 807 758 852 ὅπλα
787 808 833 850 δὲ
863 805 954 849 οὐδ’
995 801 1116 848 οὗτοι
1146 803 1271 859 εἶχον.
1331 798 1465 847 Οὗτοί
1493 805 1571 860 μέν
1598 821 1680 848 νυν

427 874 655 930 ταχθέντες
683 874 749 916 ἐπὶ
778 877 838 931 τῷ
863 872 1050 929 Ἀσωπῷ
1079 871 1504 926 ἐστρατοπεδεύοντο.
1692 878 1736 912 50

545 943 598 984 Οἱ
637 940 683 984 δὲ
724 940 836 995 α’μφὶ
866 939 1125 994 Μαρδόνιον
1156 938 1396 995 βάρβαροι,
1436 938 1492 990 ὡς
1522 937 1678 994 ἀπεκή-

341 1165 350 1180 ‚
400 1144 518 1188 Ξπὸν
555 1145 632 1187 τὸν
672 1144 806 1199 ταύτῃ
847 1141 1015 1197 ῥέοντα.

574 1421 667 1474 cap.
695 1422 826 1460 XXX.

421 1503 524 1540 τοῖσι
552 1500 774 1553 μαχίμοισι]
814 1500 872 1537 De
902 1498 940 1537 vi
960 1512 1022 1536 ar-

365 1556 470 1593 ticuli
486 1557 561 1594 vid.
583 1560 660 1595 citt.
686 1557 735 1594 ad
754 1558 853 1605 VIII,
874 1558 940 1596 82.

425 1609 527 1651 ὅπλα
554 1611 597 1652 δὲ
633 1609 728 1652 οὐδ’
762 1608 873 1651 οὗτοι
899 1609 1020 1661 εἶχον]

365 1667 393 1709 ἰ.
414 1681 445 1706 e.
467 1667 626 1707 ὁπλῖται
646 1668 743 1706 haud
759 1668 893 1719 quidem
907 1667 1020 1717 suere,

365 1724 428 1761 sed
448 1725 497 1761 ad
529 1725 674 1762 velitum
709 1738 738 1761 s.
770 1725 850 1762 τῶν
887 1725 1021 1772 ψιλῶν

363 1792 541 1817 numerum
545 1781 782 1830 pertinebant,
797 1782 835 1817 in
847 1780 914 1816 levi
922 1783 1021 1816 erant

365 1840 573 1885 armatura,
611 1837 768 1889 γυμνοί.
826 1838 924 1872 Nam
950 1848 1022 1873 vo—

364 1905 452 1929 cem
478 1889 580 1932 ὅπλα
607 1892 655 1930 de
684 1893 793 1929 scutis
824 1905 852 1932 s,
892 1892 1022 1943 clypeis

363 1950 603 1999 potissimum
623 1948 716 1996 dici,
745 1955 786 1985 ut
817 1947 916 1998 apud
944 1950 1022 1984 La-

363 2007 461 2041 tinos
493 2018 615 2052 arma,
646 2004 773 2041 docuit
789 2005 1018 2054 Wesseling.

363 2059 411 2097 ad
433 2061 589 2098 Diodor.
607 2061 838 2108 Sicul.XlV,
852 2064 904 2100 23
923 2068 958 2097 et
971 2059 1019 2097 ad

362 2115 401 2153 h.
423 2117 605 2154 Herodoti
627 2118 766 2165 locum,
790 2119 853 2154 ubi
877 2116 924 2153 de
945 2116 1018 2154 hoc

362 2187 433 2210 usu
454 2175 592 2211 excitat
620 2173 813 2211 Heliodor.
839 2172 1016 2224 Aethiop.

361 2231 418 2266 IX
449 2244 487 2281 p.
512 2229 591 2270 428
617 2228 709 2280 [Cp.
746 2231 821 2278 12]
853 2231 1016 2267 Pausan.

362 2286 425 2334 iv,
446 2288 499 2326 29
521 2287 556 2331 ς.
573 2289 606 2325 1.
636 2288 772 2338 Polyb.
793 2288 821 2333 Ι,
843 2289 906 2326 76.
929 2287 1016 2324 Sal-

360 2356 453 2381 mas.
482 2341 531 2378 ad
555 2343 704 2393 Vopisc.
734 2343 865 2378 Aurel.
899 2346 936 2382 7.
966 2345 1016 2379 Et

362 2400 462 2435 conf.
481 2400 604 2449 ipsum
615 2398 850 2435 Herodotum
868 2400 936 2435 lX.
948 2402 1012 2439 62.

362 2458 428 2494 63.
487 2456 537 2491 At
556 2454 802 2492 Broendsted.
825 2457 840 2489 I
862 2469 899 2505 p.
924 2454 1013 2502 104,

361 2511 1013 2562 praeeunteBellanger.,Tbespien—

360 2577 417 2602 ses
447 2580 575 2604 revera
605 2571 676 2605 sine
704 2570 811 2606 (ινηιιέ
847 2570 1013 2604 Graeco-

361 2634 447 2657 rum
487 2626 665 2661 exercitui
705 2625 914 2662 interfuisse
943 2637 1013 2661 nec

361 2677 433 2714 unzi
451 2691 538 2714 cum
560 2681 690 2717 ceteris
711 2694 896 2731 pugnasse
918 2693 1012 2716 con-

360 2734 490 2783 tendit,
521 2735 624 2788 quod
652 2738 814 2775 militum
836 2749 1012 2788 pugnan-

431 1011 592 1052 δευσαν
630 1010 897 1058 Μασίστιον,
928 1010 1152 1062 παρῆσαν,
1183 1006 1428 1061 πυθόμενοι
1456 1007 1557 1057 τοὺς
1574 1006 1680 1050 ’Έλ-

431 1081 564 1132 ληνας
594 1074 705 1120 εἶναι
735 1076 782 1119 ἐν
814 1078 1071 1130 Πλαταιῇσι,
1101 1074 1171 1117 καὶ
1204 1074 1330 1117 αὐτοὶ
1359 1074 1424 1116 ἐπὶ
1444 1073 1520 1117 τὸν
1546 1074 1678 1118 Ἀσω-

1083 1139 1336 1197 οΞπικόμενοι
1366 1142 1412 1185 δὲ
1423 1175 1435 1196 ,
1480 1140 1679 1186 ἀντετάσ-

428 1224 556 1256 σοντο
585 1206 667 1255 ὧδε
696 1210 782 1255 ὑπὸ
813 1210 1086 1265 Μαρδονίου.
1143 1209 1268 1254 Κατὰ
1297 1210 1376 1266 μὲν
1411 1213 1734 1268 Λακεδαιμο-55

1078 1385 1176 1423 tium
1207 1386 1248 1423 in
1267 1398 1472 1422 numerum
1500 1383 1603 1422 haud
1632 1385 1733 1421 refe-

1077 1450 1209 1480 rantur
1228 1444 1273 1479 ab
1291 1441 1495 1489 Herodoto,
1520 1455 1590 1478 uec
1609 1440 1733 1492 hopli-

1077 1501 1123 1537 tis
1138 1513 1210 1536 nec
1222 1500 1396 1537 velitibus
1411 1498 1539 1545 additi,
1552 1497 1732 1550 quodque

1077 1557 1115 1593 iu
1152 1557 1393 1606 inscriptione
1418 1556 1481 1591 illa
1510 1555 1731 1606 Olympiaca

1078 1611 1125 1648 ad
1155 1614 1224 1659 IX,
1254 1615 1305 1651 28
1332 1618 1541 1647 memorata
1563 1610 1730 1660 Thespi-

1079 1669 1227 1703 ensium
1256 1668 1360 1702 nulia
1381 1667 1615 1702 fiatmentio.
1655 1667 1733 1702 Ita-

1078 1736 1152 1775 que
1172 1735 1240 1773 pro
1263 1716 1371 1761 0236'
1403 1717 1512 1761 οὗτοι
1543 1723 1617 1772 legi
1647 1734 1732 1757 nia-

1078 1780 1157 1816 vult
1184 1774 1275 1817 ου’κ
1304 1792 1333 1818 5.
1365 1776 1498 1818 οὔκω
1517 1772 1640 1817 οὗτοι.
1667 1779 1733 1814 Li-

1078 1836 1135 1872 bri
1149 1837 1276 1886 scripti
1294 1847 1373 1871 non
1390 1834 1576 1871 addicunt.

1273 1924 1364 1974 Cap.
1385 1924 1533 1963 XXXI.

1135 2001 1189 2048 (ὅς
1221 1998 1519 2055 ἀπεκήδευσαν]
1551 2003 1576 2039 i.
1598 2014 1632 2039 e.
1654 2015 1730 2040 cum

1075 2058 1240 2096 IIIasv'stz'i
1257 2063 1396 2097 mortem
1411 2059 1530 2107 lugere
1556 2059 1729 2095 desierant

1074 2129 1103 2152 s.
1125 2116 1321 2161 eluxerunt,
1356 2122 1397 2151 ut
1419 2114 1542 2150 reddit
1564 2113 1727 2151 Vaiclxe—

1073 2174 1234 2219 naerius,
1252 2173 1348 2208 bone
1370 2172 1569 2220 respiciens
1586 2169 1632 2207 ad
1648 2172 1727 2207 vim

1072 2229 1354 2278 praepositionis
1399 2223 1490 2275 α’πό,
1528 2240 1624 2278 quae
1674 2228 1726 2263 rei

1073 2284 1259 2334 perfectae
1275 2291 1311 2320 et
1328 2284 1516 2320 absolutae
1532 2285 1725 2320 notionem

1072 2342 1251 2378 continet.
1310 2343 1414 2384 Quae
1443 2341 1549 2390 plura
1569 2338 1667 2376 hanc
1687 2342 1725 2375 in

1071 2410 1152 2432 rem
1179 2396 1286 2433 affert
1314 2396 1417 2433 idem
1437 2395 1728 2433 Valckeuaerius

1071 2459 1153 2489 tum
1171 2452 1218 2490 ad
1240 2452 1317 2498 h.l.,
1339 2460 1420 2489 tum
1430 2454 1467 2488 in
1483 2454 1662 2489 Annotat.
1678 2449 1725 2487 ad

1070 2509 1252 2547 Adoniaz.
1275 2508 1469 2546 Theocrit.
1496 2523 1532 2558 p.
1553 2510 1654 2553 202,
1683 2508 1726 2543 iis

1071 2565 1158 2602 add.
1193 2565 1358 2606 Fischer,
1389 2564 1436 2601 ad
1468 2564 1627 2602 Wellcr.
1658 2564 1722 2610 111,

1069 2636 1106 2673 p.
1131 2625 1218 2664 113.
1263 2625 1320 2658 De
1340 2624 1418 2672 ipso
1440 2623 1640 2657 Persai-nm
1662 2620 1721 2656 Ιιι-

1070 2686 1130 2716 ctu
1147 2680 1247 2717 conf.
1263 2681 1330 2725 lx,
1348 2677 1412 2717 24.

1126 2734 1239 2776 Κατα
1280 2733 1352 2786 μὲν
1380 2731 1722 2783 Λακεδαιμονίους
