1879 3222
501 165 960 202 CALLIOPE.

1025 168 1039 202 1
1054 168 1105 204 X,
1358 168 1438 207 2:51

184 278 461 331 ,,τελευτῆσαι
489 271 568 316 τόν
598 273 760 324 αι’ὤνα,
800 272 909 327 ἥπερ
947 276 1214 330 παρέχοντας
1245 276 1440 330 διαφθα-
1454 282 1498 317 85

157 347 348 399 6,,ρῆναι
376 341 578 396 αἰσχίστῳ
607 338 744 398 μόρῳ.
777 338 888 384 ἀλλά
911 345 1085 395 μαθέτω
1116 361 1179 394 τις
1210 342 1352 386 αὐτῶν
1377 342 1443 388 ὅτι

184 409 355 463 ,,έόντες
383 407 601 464 βάρβαροι
631 407 693 450 ἐπ’
711 407 888 465 ’Ἕλλησι
919 407 1103 462 ἀνδράσι
1135 410 1279 465 φόνον
1309 413 1438 466 {Moc-

62 471 126 515 18
185 481 340 530 ,,ψαν.“
393 475 442 518 Ὁ
471 478 550 532 μὲν
581 470 644 518 ὦν
672 479 809 520 ταῦτα
845 478 1062 530 παραίνεε.
1122 480 1166 520 οἱ
1206 479 1250 521 δὲ
1280 480 1438 534 ἱππέες,

1498 511 1530 537 ti.

182 546 274 589 ἐπεί
290 544 334 587 τέ
352 554 488 599 σφεας
511 543 828 596 ἐκυκλώσαντο,
860 542 1111 600 ἐπήλαυνον
1131 543 1189 595 ὠς
1220 544 1434 592 ἀπολεῦν-

180 628 263 663 τες,
313 613 386 656 καὶ
434 613 486 670 δή
529 614 788 657 διετείνοντο
825 610 878 655 τὰ
913 611 1041 668 βέλεα
1082 611 1140 663 ὡς
1181 610 1437 669 ἀπήσοντες·

178 681 253 723 καί
280 696 364 724 κου
392 698 456 732 τις
483 681 557 725 καὶ
583 679 736 737 ἀπῆκε.
766 680 838 725 καὶ
868 681 912 723 οἱ
941 678 1085 723 ἀντίοι
1109 679 1315 733 ἔστασαν,
1337 681 1441 725 πάν-
1454 690 1498 724 90

177 763 229 803 τη
257 750 574 803 συστρέψαντες
605 747 796 800 ἑωυτοὺς
825 748 899 792 καὶ
926 748 1236 799 πυκνώσαντες
1271 748 1329 799 ὠς
1367 748 1444 803 μά-

150 819 317 860 Ξλιστα.

179 888 349 928 λαυνον
381 884 533 929 ὀπίσω.

378 818 571 861 ἐνθαῦτα
602 819 646 860 οἵ
676 816 855 860 ἱππόται
898 815 1195 873 ὑπέστρεφον,
1233 816 1307 858 καὶ
1337 814 1444 872 ἀπή-

592 884 684 929 ofin
714 886 793 940 ἔχω
823 884 867 928 δ’
910 883 1120 940 ἀτρεκέως
1150 886 1306 937 εἰπεῖν,
1343 884 1443 928 οὔτε

178 952 214 994 εἰ
244 946 385 1007 ἦλθον
415 955 495 1010 μὲν
533 952 792 1004 ἀπολέοντες
821 952 921 1004 τούς
957 954 1155 1005 Φωκέας,
1198 952 1443 1009 δεηθέντων

183 1022 440 1064 Θεσσαλῶν·
480 1022 570 1065 ἐπεὶ
602 1020 647 1064 δὲ
686 1021 815 1075 ὥρων
852 1020 963 1076 πρὸς
992 1020 1192 1077 ἀλέξησιν
1220 1020 1438 1075 τραπομέ-
1451 1028 1496 1063 95

175 1103 306 1141 νους,
360 1090 578 1140 δείσαντες
618 1089 675 1145 μὴ
717 1090 791 1132 καὶ
829 1091 953 1145 σφίσι
1001 1090 1177 1146 γένηται
1212 1088 1439 1143 τρώματα,

177 1155 292 1199 οὕτω
325 1156 377 1212 δὴ
407 1155 665 1213 ἀπήλαυνον
696 1155 949 1213 ὀπίσωὴ-(ὦς
976 1157 1061 1213 γάρ
1092 1168 1172 1213 σφι
1203 1156 1438 1199 ἐνετείλατο

176 1223 473 1279 Μαρδόνιος·)
510 1223 608 1269 οὔτ’
652 1226 688 1268 εἰ
719 1223 866 1267 αὐτῶν
895 1230 1162 1282 πειρηθῆναι
1190 1223 1373 1281 η’θέλησε
1402 1225 1443 1268 εἴ
1497 1233 1578 1272 700

147 1297 221 1334 3τι
254 1290 386 1350 ἀλκῆς
416 1293 653 1350 μετέχουσι.
710 1291 786 1342 Ὡς
817 1292 862 1335 δὲ
893 1289 1030 1335 ὀπίσω
1052 1291 1280 1349 ἀπήλασαν
1303 1294 1346 1336 οἱ
1376 1294 1440 1335 ἴπ-

174 1358 327 1413 πόται,
378 1362 549 1417 πέμψας
596 1359 856 1414 ΛῙαρδόνιος
904 1359 1096 1415 κήρυκα,
1147 1359 1263 1417 ἔλεγε
1308 1359 1439 1404 τάδε·

117 1569 276 1606 beamus
295 1568 394 1619 ipsos
413 1566 629 1618 turpissima
658 1572 782 1603 morte

116 1638 146 1664 s.
167 1625 243 1662 fato
264 1623 549 1662 interimendos.
606 1622 668 1660 Ad
689 1636 780 1674 pro-

116 1694 260 1718 nomen
282 1697 340 1727 τις
375 1680 644 1730 (unusquisque)
675 1680 778 1717 conf.

116 1745 214 1779 nott,
236 1737 283 1775 ad
303 1739 412 1785 VIII,
444 1739 546 1784 1093
582 1743 619 1772 et
642 1735 690 1773 ad
718 1737 778 1773 lo-

118 1796 313 1832 cntionem
333 1789 568 1843 ἐπ’”Ἐλλησι
596 1793 707 1829 allata
729 1792 778 1830 ad

115 1852 188 1900 IV,
226 1850 304 1891 154
326 1847 455 1901 φόνον
486 1846 651 1899 ῥάπτειν
678 1851 780 1887 acci-

117 1909 181 1958 pio
216 1908 352 1945 caedem
380 1907 601 1954 machinari,
632 1910 778 1954 struere,

117 1970 161 2000 ut
182 1964 271 1999 alibi
290 1960 408 2004 δόλον
425 1963 607 2010 ῥ’άπδειν.
665 1964 777 2001 Conf-

118 2018 305 2070 Stephan.
344 2017 464 2055 Thes.
501 2021 546 2059 L.
588 2020 655 2055 Gr.
688 2032 777 2069 pag.

118 2078 229 2118 8129
249 2077 316 2124 B.‚
349 2076 414 2112 ubi
434 2075 574 2111 locutio
595 2077 777 2124 repetitur

119 2145 167 2168 ex
189 2145 254 2180 eo,
296 2131 398 2183 quod
432 2132 501 2177 VI,
553 2133 572 2170 1
614 2132 773 2180 legitur:

115 2191 234 2228 τοῦτο
252 2185 295 2229 τὸ
318 2184 511 2238 ’ὑπόδημα
531 2185 714 2239 ἕῤῥαψας
739 2202 777 2227 κ.

116 2259 149 2286 τ.
172 2249 205 2285 λ.

318 2300 412 2350 cap.
440 2300 579 2338 XVIII.

176 2356 410 2398 διετείνοντο
443 2352 491 2395 τὰ
526 2353 661 2406 βέλεα]
694 2355 720 2392 i.
742 2368 777 2393 e.

120 2427 200 2451 suos
239 2415 364 2465 quique
408 2412 630 2450 intendebant
657 2425 774 2461 arcus,

120 2471 192 2508 tela
211 2485 240 2507 s.
258 2469 380 2507 iacula
401 2471 570 2506 emissuri.
615 2469 688 2505 Ubi
709 2467 777 2519 βέ-

120 2528 189 2573 λος
233 2526 282 2564 de
329 2526 453 2563 iaculo
495 2524 774 2575 accipiendum.

122 2583 223 2623 Plut.
248 2583 345 2635 Syll.
367 2584 421 2623 29
452 2582 774 2622 διετείνοντο

123 2635 192 2686 τοὶς
221 2637 368 2691 λόγχας.
397 2658 452 2668 ·-
482 2637 593 2684 Quod
621 2645 776 2675 antece-

125 2693 180 2732 ‹lit
201 2690 462 2743 ἀπολεῦντες,
501 2696 603 2732 utin
633 2690 776 2734 ἀπολέ-

127 2764 234 2800 οντες
267 2759 441 2802 mutem,
474 2750 587 2793 valde
620 2751 776 2790 inclinat

837 1566 1002 1602 animus.
1059 1566 1144 1601 Hoc
1200 1566 1303 1602 eninm
1341 1565 1498 1615 praebet

834 1622 1075 1659 Florentiuus
1094 1621 1201 1668 liber,
1222 1629 1259 1659 et
1272 1622 1380 1669 VIII,
1419 1622 1498 1661 138

836 1691 969 1715 omnes
992 1679 1077 1714 libri
1092 1679 1233 1728 scripti.
1290 1679 1367 1715 Pro
1389 1676 1496 1716 ἕστα-

835 1747 910 1774 σαν
958 1736 1079 1784 (cuius
1128 1736 1214 1771 loco
1254 1735 1496 1772 Florentinus

835 1790 1018 1839 ἕστασαν)
1053 1798 1216 1843 quatuor
1246 1790 1359 1829 codd.
1381 1789 1495 1840 ἕστη-

836 1860 934 1897 σαν,
965 1847 1068 1900 quod
1101 1847 1378 1884 Valckenaerio
1398 1848 1495 1883 arri-

835 1903 912 1942 det.
969 1907 1022 1941 At
1041 1904 1119 1942 vid.
1139 1906 1246 1952 VIII,
1284 1906 1363 1945 137
1386 1910 1423 1941 et
1443 1903 1494 1941 cf.

832 1962 965 2011 Eurip.
982 1963 1101 1998 otest.
1127 1959 1246 2001 1460.

889 2015 1021 2068 ποῖντη
1068 2015 1357 2064 συστρέψαντες
1398 2013 1493 2054 §cov-

832 2070 947 2123 τούς]
989 2073 1277 2121 „conglobarunt
1312 2085 1352 2108 se
1386 2070 1495 2107 Pho-

831 2142 959 2166 censes
979 2130 1166 2179 impetum
1180 2128 1405 2164 irruentium
1423 2140 1494 2162 ex-

833 2186 1019 2236 cepturi.“
1061 2183 1338 2232 wesseling.
1374 2184 1493 2221 citans

832 2241 992 2282 Diodor.
1012 2242 1089 2289 ΠῙ,
1127 2243 1192 2281 36.
1215 2242 1282 2281 61.
1331 2240 1396 2277 Tu
1414 2238 1491 2277 vid.

833 2305 929 2336 nott.
946 2297 993 2335 ad
1018 2296 1161 2336 Herod.
1189 2297 1261 2344 VI,
1291 2299 1331 2337 6.
1390 2296 1493 2332 Hinc

831 2356 962 2393 Livius
982 2355 1093 2403 VIII,
1128 2356 1195 2394 11.
1227 2365 1359 2403 „quum
1389 2365 1425 2390 se
1453 2354 1492 2390 in

830 2424 938 2450 unum
956 2410 1256 2460 conglobassentf‘
1311 2410 1404 2445 Mox
1423 2421 1493 2459 pro

833 2465 941 2509 εἶπαι
960 2482 980 2505 e
1001 2467 1114 2507 codd.
1143 2467 1319 2504 revocavi
1341 2465 1490 2514 εἰπεῖν;

832 2524 880 2563 de
902 2538 977 2577 quo
1013 2524 1093 2561 dixi
1122 2523 1171 2560 ad
1193 2524 1301 2566 VIII,
1340 2520 1406 2562 65,
1434 2540 1490 2550 -·

830 2581 894 2618 Ad
927 2582 1087 2619 verbum
1115 2579 1361 2630 πειρηθῆναι
1389 2576 1489 2615 conf.

831 2639 910 2676 citt.
932 2637 980 2675 ad
1001 2639 1107 2684 VIII,
1139 2638 1229 2677 100.
1287 2632 1397 2680 Quod
1426 2647 1490 2671 se-

831 2695 959 2747 quitur
992 2691 1213 2745 μετέχουσι,
1254 2691 1389 2743 reliqui
1424 2690 1487 2726 in-

829 2758 995 2801 tactum,
1025 2762 1259 2804 quamquam
1278 2747 1353 2786 duo
1373 2745 1488 2786 codd.

1495 475 1639 510 quomodo
1660 478 1768 504 tracta-
