1879 3222
412 200 479 237 DE
510 197 632 236 VITA
660 197 734 234 ET
765 196 1000 235 SCRIPTIS
1028 196 1309 234 HERODOTI.
1524 196 1609 236 399

116 314 191 366 pej.
220 328 256 365 p.
281 316 358 355 128
379 310 540 362 scripsit.
569 304 932 373 Ἡρόδοτος-των
969 307 1045 359 πρὸ
1084 304 1211 349 αὐτοῦ
1246 307 1510 379 συγγραφέων
1546 323 1605 361 γε-

117 371 298 422 νομένων
325 368 560 408 Ελλανίκου
589 380 629 404 τε
658 363 725 403 καὶ
747 360 942 435 Χάρωνος
971 363 1044 416 τήν
1074 362 1223 434 αὐτην
1229 363 1365 406 υπόθε
1370 379 1432 406 σιν
1461 381 1606 415 προεκ-

116 423 349 467 δεδωκότων
387 419 461 464 οὖκ
501 418 744 473 οἷπετοάπετο
779 416 859 460 ἀλλ’
903 421 1131 462 ἐπίστευσεν
1171 439 1306 463 αυτων
1346 439 1413 477 noe
1417 420 1529 463 ῖσσόν
1567 437 1607 462 τι

115 483 305 532 ἐξοίσειν,
335 478 430 532 ὅπερ
447 479 516 519 καὶ
543 477 750 529 πεποίηκε.

225 542 282 577 De
295 538 473 576 Hecataeo
499 535 643 573 ‚Mi'lesw
666 538 717 572 ita
737 535 864 572 scribit
884 533 1021 572 Suidas
1048 537 1066 573 I
1085 550 1123 588 p.
1145 539 1250 578 687:
1303 535 1521 587 Ἠρόδοτος
1560 532 1604 574 δὲ

112 590 437 646 Ἁλικαρνασσεῦς
469 588 670 643 ω’φέληται
695 589 876 631 τούτου
903 587 1091 641 νεώτερος
1123 590 1193 640 ὤν,
1224 594 1393 645 itemque
1415 591 1603 643 Por.phyr

113 653 214 704 apud
233 654 320 688 Eus.
342 653 476 700 Praep.
498 651 570 687 Ev.
592 651 629 686 X
649 664 688 700 Ρ.
716 647 797 690 466
818 651 886 690 B‚:
914 644 1129 698 4Ἡρόδοτος
1158 649 1200 688 ἐν
1229 666 1275 703 τη
1302 646 1604 715 δευτέρςιπολλοῖ

110 708 399 748 Ἑκαταίουτοῦ
408 706 614 757 Μιλησίου
646 702 744 745 nato?
774 705 876 753 λέξιν
907 702 1144 757 μετήνεγκεν
1171 705 1215 744 ἐκ
1243 721 1316 756 της
1329 718 1605 757 πεοιηγησεως

109 763 256 817 βραχέα
294 760 596 815 παραποιήσας,
638 759 678 812 ³)
727 765 900 799 nominat
921 769 1048 799 autem
1069 760 1330 813 Porphyrius
1321 776 1360 798 m
1381 762 1438 798 his
1460 762 1602 798 descri-

106 823 279 873 ptionem
299 820 561 872 hippopotami
583 821 648 869 (11,
671 822 738 860 71.
769 821 818 856 Τ.
839 821 856 855 Ι
876 833 912 870 Ρ.
945 818 1044 867 647)
1067 827 1103 856 et
1123 821 1380 856 narrationem
1403 818 1450 855 de
1484 832 1601 855 vena-

106 879 210 915 tione
229 878 509 915 crocodilorum
531 877 596 926 (11,
623 880 676 917 70
698 890 735 926 Ρ.
766 875 878 927 646).
938 877 1080 921 Quibus
1110 877 1319 913 Creuzerus
1352 877 1393 912 in
1420 876 1601 925 fragmin-

104 933 292 974 his'toricc.
315 950 353 986 p.
378 937 441 975 19.
463 937 516 974 20
538 934 664 970 adiicit
686 934 797 969 etiam
819 934 1078 970 narrationem
1099 932 1145 970 de
1166 932 1360 971 Phoenice
1382 946 1451 970 ave
1471 934 1518 980 11,
1532 935 1599 972 73.

105 992 157 1029 T.
186 994 204 1028 I
225 1006 263 1043 p.
285 992 376 1038 649,
408 989 612 1028 accedente
633 990 810 1026 Klausen.
832 989 879 1026 ad
901 991 1080 1027 Hecataei
1099 991 1279 1041 fragium.
1299 1003 1387 1041 pag.
1413 992 1503 1036 126,
1535 990 1601 1040 qui

104 1061 356 1100 quaecunque
377 1047 424 1084 de
445 1046 640 1084 crocodilis
663 1053 698 1083 et
718 1045 993 1097 hippopotamo
1009 1049 1056 1095 II,
1071 1049 1137 1087 68,
1159 1050 1224 1087 (59,
1240 1050 1366 1088 70,71
1385 1053 1600 1093 narrantur,

105 1119 154 1142 ex
175 1108 364 1143 Hecataeo
386 1103 499 1141 ducta
525 1104 605 1140 vult
625 1104 650 1139 l.
673 1103 699 1139 l.
727 1117 765 1153 Ρ.
789 1106 880 1150 128,
902 1105 1071 1156 itemque
1102 1104 1158 1154 (p.
1183 1103 1277 1154 132)
1298 1105 1530 1140 narrationes
1551 1102 1600 1139 de

103 1163 338 1213 serpentibus
359 1162 463 1198 alatis
484 1167 520 1197 et
533 1160 640 1197 Ibide
661 1172 730 1197 ave
746 1159 948 1208 H,75.76,
973 1162 1003 1197 si
1024 1159 1180 1212 quidem
1200 1159 1341 1197 horum
1362 1160 1599 1208 animalium,

102 1232 202 1270 quae
221 1221 317 1255 mira
337 1219 402 1255 alit
421 1219 639 1269 Aegyptus,
665 1223 841 1253 naturam
863 1216 1078 1268 diligentius
1095 1218 1141 1254 ab
1159 1219 1351 1254 Hecataeo
1371 1217 1600 1268 explic-itam

101 1276 217 1312 fuisse
237 1275 416 1313 credibile
436 1275 514 1311 fiat.
571 1276 705 1325 Neque
724 1280 855 1310 tamen
877 1288 924 1310 ex
946 1287 991 1311 eo
1011 1276 1104 1320 solo,
1135 1276 1283 1325 opinor,
1323 1275 1422 1311 eflici
1447 1274 1598 1325 poterit,

99 1330 213 1369 hasce
237 1333 461 1369 animalium
491 1331 779 1382 descriptiones,
819 1344 910 1382 quas
933 1330 1044 1367 offert
1076 1330 1303 1376 Herodotus,
1332 1345 1381 1367 ex
1406 1333 1598 1367 Hecataeo

100 1387 345 1440 depromptas
374 1402 472 1436 esse,
503 1402 574 1424 nec
595 1388 682 1424 satis
704 1385 884 1439 equidem
903 1388 1115 1437 intelligere
1136 1401 1302 1438 possum,
1326 1400 1394 1424 cur
1424 1387 1472 1424 ad
1494 1387 1597 1424 hunc

98 1448 342 1497 scriptorem,
395 1458 512 1497 quem
544 1445 624 1481 aliis
650 1445 742 1481 locis
763 1445 976 1490 cavillatur,
1005 1458 1158 1482 necesse
1185 1443 1359 1482 habuerit
1390 1445 1598 1495 confugere

98 1503 236 1540 Noster
252 1504 292 1539 in
317 1504 380 1550 iis,
411 1515 509 1555 quae
529 1503 608 1552 ipse
637 1502 710 1538 suis
732 1501 849 1538 oculis
871 1502 1007 1538 melius
1041 1502 1234 1552 percipere
1264 1503 1387 1553 potuit
1421 1515 1597 1554 quaeque

97 1559 149 1595 ita
172 1561 287 1596 etiam
314 1561 428 1596 refert
444 1588 454 1607 ,
485 1565 528 1595 ut
550 1559 624 1595 suis
645 1560 769 1609 ipsum
791 1559 907 1595 oculis
927 1560 1013 1595 talia
1036 1559 1243 1609 inspexisse
1271 1559 1381 1596 facile
1407 1565 1596 1610 appareat.

97 1617 288 1654 Hecataeo
322 1617 481 1653 narratis
508 1616 645 1652 similia
670 1614 860 1666 quaedam
887 1628 976 1652 cum
1005 1615 1140 1667 prodat
1170 1616 1216 1663 II,
1238 1618 1305 1663 77,
1338 1617 1597 1652 coniecturam

96 1672 189 1710 inde
211 1673 368 1720 ducunt,
399 1687 448 1709 ex
468 1674 659 1708 Hecataeo
679 1671 774 1708 haec
796 1685 950 1723 quoque
971 1670 1197 1723 deprompta
1211 1683 1313 1708 esse:
1349 1672 1397 1709 cf.
1426 1679 1522 1709 nott.
1544 1673 1596 1710 T.

96 1730 114 1765 1
134 1743 172 1780 p.
196 1731 278 1770 657
300 1737 336 1767 et
357 1728 443 1767 add.
460 1728 670 1766 Klausenl.
682 1729 709 1765 l.
729 1741 768 1779 p.
794 1728 884 1768 125.
916 1729 1015 1765 Cum
1040 1731 1232 1765 Hecataeo
1254 1741 1410 1780 quoque
1431 1742 1596 1766 consen-

95 1786 140 1822 tit
155 1788 265 1837 Aegy
269 1794 376 1837 ptum
398 1787 476 1823 Nili
496 1785 642 1823 donum
663 1798 742 1822 esse
761 1798 928 1822 asserens
944 1787 992 1834 11,
1015 1786 1062 1827 5.
1103 1786 1152 1822 de
1180 1798 1257 1837 quo
1293 1787 1378 1822 loco
1399 1785 1476 1823 vid.
1497 1793 1596 1823 nott.

96 1842 146 1881 T.
164 1845 181 1879 Ι
201 1857 239 1893 p.
261 1845 339 1883 901
365 1850 401 1880 et
420 1844 600 1881 Klausen.
619 1843 646 1879 l.
666 1843 692 1882 l.
713 1855 752 1892 Ρ.
778 1844 870 1883 122.
931 1816 1043 1888 Qu⁷od
1075 1855 1168 1880 vero
1197 1841 1302 1879 idem
1322 1843 1500 1879 Klausen.
1520 1844 1546 1881 l.
1567 1843 1594 1880 l.

97 1912 137 1949 p.
159 1899 211 1939 95
240 1901 488 1950 satrapiarum
517 1898 812 1950 descriptionem
837 1899 903 1946 ΙΙΙ,
925 1901 976 1940 89
998 1912 1103 1951 seqq.
1135 1912 1185 1936 ex
1205 1901 1397 1936 Hecataeo
1417 1898 1594 1936 haustam

96 1956 200 2003 vult,
232 1956 340 1992 aliter
358 1955 453 1992 mihi
472 1954 592 1993 videri
611 1956 689 1992 iam
710 1954 789 1992 dixi
809 1956 860 1992 T.
879 1957 915 1991 Π
934 1970 972 2006 p.
995 1957 1090 1997 675.

209 2011 350 2049 Contra
379 2014 524 2064 aliquot
550 2025 640 2048 sane
673 2013 713 2048 in
743 2011 927 2048 Herodoti
946 2013 1049 2049 libris
1068 2012 1326 2063 superstitibus
1346 2011 1593 2049 inveniuntur

94 2067 181 2115 loci,
211 2068 251 2104 in
273 2070 408 2120 quibus
430 2071 665 2106 Hecataeum
685 2068 745 2104 vel
767 2081 941 2118 expresse
960 2070 1022 2106 vel
1042 2070 1153 2105 tacite
1174 2070 1304 2118 tangi,
1336 2067 1496 2105 dubium
1510 2082 1592 2106 non

95 2136 174 2161 esse
189 2132 323 2174 potest.
383 2125 559 2164 Cavillari
580 2126 815 2161 Hecataeum
837 2131 874 2161 et
895 2126 1110 2176 aequalium
1133 2125 1223 2162 risui
1244 2138 1437 2176 exponere
1457 2127 1592 2163 Noster

93 2179 244 2220 videtur
263 2182 311 2230 ΙΙ,
331 2179 432 2230 143,
467 2183 533 2219 ubi
554 2181 630 2220 vid.
652 2188 749 2219 nott.
771 2182 821 2218 T.
842 2183 859 2216 Ι
873 2195 911 2232 p.
935 2183 1016 2221 812
1037 2188 1073 2218 et
1101 2181 1189 2219 add.
1211 2183 1391 2219 Klausen.
1412 2183 1436 2219 l.
1458 2183 1483 2219 l.
1504 2196 1542 2233 p.
1565 2185 1591 2224 6

92 2250 187 2289 seq.,
216 2251 288 2274 nec
318 2240 453 2275 melius
476 2237 643 2276 eundem
671 2244 804 2275 tractat
823 2239 885 2285 VI,
915 2240 993 2278 137
1014 2239 1100 2277 coll.
1122 2239 1167 2287 V,
1190 2242 1257 2287 36,
1283 2239 1350 2275 ubi
1378 2240 1590 2276 Hecataeus

93 2295 238 2332 bellum
267 2308 355 2331 cum
383 2297 506 2334 Persis
533 2293 746 2332 ineundum
783 2293 1003 2332 dissuadens
1030 2294 1208 2332 laudatur
1239 2295 1368 2332 addito
1390 2296 1498 2332 titulo
1518 2298 1590 2335 τοῦ

92 2353 322 2404 λογοποιοῦ,
353 2359 395 2389 ut
414 2355 463 2401 II,
483 2352 574 2394 143.
633 2353 733 2398 Quin
755 2352 925 2388 acerbius
945 2352 1181 2389 Hecataeum
1201 2354 1322 2403 tangit
1342 2353 1371 2400 I,
1406 2352 1497 2400 146,
1523 2353 1589 2389 ubi

92 2408 142 2445 cf·
170 2415 266 2445 nott·
297 2422 337 2459 p-
363 2411 455 2449 339.
485 2411 536 2447 T.
562 2411 579 2446 I
608 2416 646 2446 et
673 2409 850 2446 Klausen.
882 2409 907 2447 l.
935 2408 963 2445 l.
984 2422 1022 2460 p.
1047 2412 1139 2457 108,
1169 2411 1216 2454 Π,
1238 2412 1305 2450 21.
1326 2412 1393 2455 23,
1424 2409 1489 2445 ubi
1509 2408 1587 2448 vid.

90 2471 187 2502 nott.
209 2465 259 2502 T.
280 2466 298 2501 I
318 2479 355 2516 p.
379 2465 474 2513 523,
495 2466 575 2506 527
596 2466 682 2505 coll.
703 2466 766 2513 IV,
789 2468 813 2505 8
834 2479 870 2516 Ρ.
893 2467 989 2506 287.
1014 2466 1066 2503 Τ.
1086 2468 1120 2502 11
1137 2473 1173 2503 et
1194 2467 1256 2513 1V,
1279 2468 1347 2506 36.
1368 2466 1419 2507 T.
1443 2466 1479 2501 11
1497 2479 1587 2516 pag,

93 2521 188 2561 351.
244 2522 372 2574 Atque
405 2523 519 2559 etiam
550 2521 598 2560 de
628 2523 763 2573 Caspio
783 2523 879 2558 mari
900 2534 998 2573 quae
1022 2524 1158 2560 Noster
1187 2523 1313 2559 scribit
1332 2535 1422 2560 vera
1440 2524 1470 2570 Ι,
1490 2525 1585 2571 202,

93 2589 139 2614 ea
165 2585 296 2616 contra
325 2581 584 2630 Hecataeum,
625 2581 692 2633 qui
708 2579 886 2631 Caspium
906 2591 1012 2616 mare
1028 2592 1099 2631 pro
1122 2580 1264 2617 Oceani
1290 2579 1377 2617 sinu
1397 2577 1584 2629 habuerit,

92 2809 125 2847 V
146 2820 182 2856 p·
183 2764 292 2849 5581?
314 2768 376 2814 hoc
399 2768 504 2805 verbo
529 2768 668 2816 eiusque
691 2766 942 2813 significafione
952 2767 1042 2803 conf.
1067 2767 1201 2805 Iacobs.
1227 2767 1418 2804 vermischt.
1437 2768 1581 2805 Schrift.
