1879 3222
253 198 338 240 426
796 195 1175 236 οοΜΜΕΝΤΑΤΙο
1377 183 1399 208 ·

252 306 446 347 Monachii
475 305 595 357 λέξεις
627 303 848 360 Ἡροδότου
871 307 1080 361 ἱστορικαὶ,
1111 324 1202 363 quas
1222 324 1244 348 a
1263 310 1396 348 nostris
1422 308 1584 349 diversas
1604 311 1727 350 dicere

253 379 332 403 non
349 363 481 402 audeo.
537 366 686 402 Primus
715 362 754 414 ᾔ)
786 364 859 402 hoc
877 367 1044 404 Lexicon
1073 381 1120 404 ex
1140 368 1268 405 codice
1292 366 1460 404 Goldasti
1489 369 1655 418 vulgavit
1675 370 1723 406 G.

252 424 576 472 lungermannus,
607 421 793 472 digestum
812 419 909 461 κατοέ
933 427 1121 472 στοιχεῖον
1143 426 1219 462 sive
1240 426 1433 461 literarum
1454 423 1638 473 ordinem,
1658 438 1727 461 cu·—

252 477 417 515 iusmodi
444 479 619 529 exempla
655 492 704 514 ex
743 479 1031 529 locupletissima
1052 481 1281 517 Francorum
1308 482 1403 531 regis
1434 479 1661 517 bibliotheca
1692 488 1729 518 et

251 535 471 572 monasterii
491 535 533 572 S.
566 535 727 584 Remigii
746 536 843 572 inter
863 549 997 572 manus
1017 542 1115 576 sunt.
1154 538 1204 574 At
1225 536 1327 573 aliud
1344 539 1398 574 vir
1426 539 1598 588 egregius
1617 538 1730 574 Mou-

252 591 473 628 tefalconius
494 593 692 629 ostentavit
710 591 888 633 Biblioth,
912 592 1064 628 Coislin.
1090 605 1126 641 p.
1147 591 1241 641 484,
1267 592 1496 643 descriptum
1511 594 1615 629 nulla
1639 594 1727 630 lite-

251 660 379 684 rarum
408 649 615 698 primarum
647 649 761 696 serie,
797 648 862 685 sed
892 646 1102 685 secundum
1134 649 1356 697 Librorum,
1395 651 1433 685 in
1455 663 1617 701 quorum
1637 650 1730 687 olim

250 705 485 754 marginibus
504 705 595 742 istae
615 705 772 755 glossae,
794 717 1010 742 numerum.
1066 705 1128 741 Ex
1147 705 1219 740 oris
1241 707 1344 742 enim
1364 705 1538 742 codicum
1559 720 1616 743 res
1647 707 1729 743 cla-

250 768 331 798 mat
352 768 545 811 excerptas
566 774 644 798 esse
666 769 701 797 et
720 760 881 798 schedae
902 759 1105 797 ostendunt
1134 761 1326 798 Hminem.
1348 762 1554 799 Cardinalis
1583 764 1729 800 Passio-

249 818 327 854 nei.
383 818 521 854 Nactus
549 816 643 854 illud
670 819 795 867 ipsum
820 829 905 853 sum
934 817 990 854 Cl.
1016 817 1283 867 Capperouerii
1313 817 1584 854 humanissima
1613 832 1729 870 opera

250 887 300 911 ex
313 873 492 911 Biblioth.
516 874 556 912 S.
583 874 784 920 Germani,
814 874 853 909 in
875 886 990 924 quam
1011 874 1278 910 Coislinianam
1298 875 1477 923 migrasse
1497 880 1630 911 notum
1651 882 1729 924 est3

251 929 488 982 dignumque
509 931 635 966 censui
657 928 729 966 hoc
748 930 846 975 loco,
866 937 949 966 tum
971 929 1073 982 quod
1092 932 1131 966 in
1151 932 1273 981 priore
1287 959 1297 978 ‚
1328 944 1376 966 ex
1397 929 1527 967 codice
1547 929 1728 978 Goldasfi,

249 1000 361 1024 voces
389 988 435 1022 ab
452 987 530 1022 aliis
559 987 733 1036 imperite
765 987 916 1023 avulsae
936 994 1137 1023 cernantur
1155 1016 1164 1034 ‚
1191 995 1273 1024 tum
1298 988 1480 1038 quoniam
1507 985 1731 1037 locupletius

249 1043 463 1093 apparuerit
477 1042 663 1079 etSuidae
679 1041 944 1094 Hesychioque
963 1044 1189 1095 plerumque
1205 1045 1424 1080 conveniat:
1447 1056 1538 1080 narn
1558 1050 1731 1095 uterque,

248 1100 312 1136 ille
331 1100 552 1150 praecipue,
582 1099 705 1136 simile
726 1096 896 1146 Λεξικόν
917 1108 1166 1150 usurparunt3
1202 1114 1327 1152 neque
1350 1102 1427 1137 eius
1448 1113 1560 1136 usum
1580 1112 1731 1137 recusa-

247 1157 301 1194 vit
331 1158 513 1193 Timaeus
532 1156 569 1191 in
590 1169 658 1192 suo
682 1156 878 1192 Platonico
894 1186 903 1203 ,
932 1156 1075 1193 nedum
1096 1164 1242 1207 praeter
1271 1164 1412 1194 ceteros
1432 1169 1564 1194 omues
1585 1158 1633 1194 G.
1654 1156 1731 1193 Co-

247 1211 427 1259 rinthius,
469 1211 537 1249 sed
555 1225 666 1262 saepe
694 1214 810 1263 turpis
824 1212 1016 1249 socordiae
1032 1216 1158 1250 reus.“

359 1271 492 1321 Neque
512 1282 601 1306 vero
620 1269 734 1305 etiam
755 1268 949 1306 Herodoto
969 1271 1047 1306 iam
1077 1271 1279 1322 antiquitus
1299 1282 1384 1306 suos
1417 1267 1578 1306 defuisse
1604 1266 1732 1305 detre-

248 1332 406 1363 ctatores
426 1333 539 1377 atque
560 1338 705 1372 osores,
737 1326 797 1362 vel
818 1339 858 1361 ea
881 1326 1049 1363 indicant
1065 1356 1074 1374 ‚
1107 1340 1203 1377 quae
1227 1325 1274 1363 de
1305 1326 1445 1372 Ctesia,
1474 1338 1603 1361 rerum
1635 1325 1730 1361 scri—

246 1390 374 1433 ptore,
407 1384 471 1434 qui
492 1383 604 1432 paulo
631 1389 714 1432 post
733 1381 917 1419 Herodoti
937 1390 1097 1419 aetatem
1117 1384 1263 1429 floruit,
1294 1381 1559 1433 Xenophontis
1588 1387 1624 1417 et
1654 1381 1730 1416 Ar-

246 1440 411 1476 taxerxis
430 1440 644 1475 Mnemonis
664 1440 842 1490 aequalis,
864 1438 918 1488 **)
949 1441 1175 1490 accepimus.
1233 1441 1332 1475 Nam
1352 1439 1414 1474 ille
1434 1439 1473 1474 in
1494 1436 1647 1474 historia
1663 1449 1732 1473 sua

246 1508 324 1532 non
344 1502 494 1532 tantum
514 1496 559 1532 ab
579 1495 774 1532 Herodoto
809 1496 936 1532 multis
956 1497 1046 1533 locis
1071 1495 1296 1543 dissensisse,
1319 1508 1454 1532 verum
1484 1495 1598 1531 etiam
1618 1506 1731 1529 men-

248 1551 345 1589 dacii
377 1565 465 1589 eum
500 1553 665 1602 arguisse
694 1551 925 1602 perhibetur.
957 1553 1032 1600 ***)
1091 1552 1201 1598 Quod
1240 1551 1433 1604 quomodo
1468 1549 1732 1602 accipiendum

245 1609 315 1656 sit,
344 1609 512 1658 pluribus
529 1609 641 1645 docui
660 1610 701 1644 in
722 1610 900 1659 Prolegg.
930 1608 978 1645 ad
995 1610 1173 1659 fragmm.
1191 1610 1363 1645 Ctesiana
1374 1622 1412 1658 p.
1432 1606 1487 1647 42
1506 1620 1612 1658 seqq.
1635 1613 1670 1642 et
1689 1607 1730 1642 iu

247 1665 491 1701 annotatione
522 1663 570 1700 ad
590 1664 756 1713 singulos
789 1664 972 1700 Herodoti
994 1666 1118 1713 locos,
1150 1666 1214 1716 qui
1237 1664 1297 1700 bic
1323 1666 1360 1699 in
1383 1676 1538 1700 censum
1559 1665 1729 1700 veniunt.

245 1722 444 1758 Praeterea
452 1720 742 1770 Harpocrationz's
754 1721 863 1767 Aelii,
876 1719 1088 1770 Sophistae‚
1101 1719 1294 1772 quoddam
1306 1726 1538 1756 memoratur
1547 1720 1730 1768 scriptum

245 1775 337 1828 περὶ
351 1779 423 1815 τοῦ
437 1779 713 1825 κατεψεῦσθαι
729 1773 802 1826 τήν
816 1772 1029 1826 Ἡροδότου
1044 1776 1234 1828 ἱστορίαν,
1249 1778 1294 1826 †)
1315 1777 1483 1827 itemque
1504 1774 1730 1812 DIanetlwnis

246 1834 426 1884 Aegyptii
443 1832 517 1882 ††)
546 1833 640 1869 liber
661 1832 835 1870 adversus
846 1831 1094 1880 Herodotum,
1115 1835 1176 1869 cui
1189 1832 1286 1869 adde
1306 1831 1453 1882 Ioseph.
1467 1831 1730 1881 contr.Apion.

250 1890 300 1930 14
341 1903 377 1940 p.
412 1888 531 1935 1035,
579 1890 643 1925 ubi
664 1888 903 1926 Herodotum
925 1891 974 1926 ait
995 1888 1036 1927 ἐν
1058 1893 1139 1935 τοῖς
1154 1890 1348 1934 πλείστοις
1369 1883 1623 1937 ψευδόμενον
1649 1899 1730 1923 non

247 1947 294 1983 ab
314 1958 391 1983 uno
410 1945 471 1984 vel
491 1946 606 1982 altero
626 1945 692 1983 sed
713 1946 759 1996 ab
781 1946 956 1983 omnibus
973 1947 1090 1996 argui,
1114 1947 1217 1993 alios,
1230 1945 1332 1995 †††)
1364 1945 1429 1996 qui
1448 1945 1488 1980 in
1509 1944 1728 1981 uuiversum

336 2102 367 2146 *)
391 2103 477 2143 ‚‚At,
501 2112 613 2135 verum
638 2100 666 2135 si
683 2101 837 2145 quaeris,
873 2105 952 2135 sunt
967 2101 1103 2135 eaedem
1119 2099 1226 2144 ipsae,
1251 2111 1335 2144 quas
1358 2099 1423 2133 iam
1441 2109 1526 2132 anuo
1546 2096 1730 2130 MDLXIV

246 2149 353 2182 Henr.
381 2148 574 2191 Stephanus
598 2147 631 2180 in
655 2147 860 2181 Dictionario
886 2148 1019 2181 Medico
1046 2154 1121 2191 post.
1146 2145 1299 2179 Erotiani
1325 2151 1359 2178 et:
1387 2144 1512 2178 Gaieni
1536 2142 1731 2196 Expositio-

246 2205 305 2228 nes
328 2193 505 2227 dictionum
539 2193 769 2238 Hippocratis,
804 2205 836 2237 p.
870 2193 1046 2227 105-109
1075 2193 1190 2226 eodem
1225 2191 1323 2224 titulo
1347 2190 1543 2234 inscriptas,
1577 2188 1730 2230 Λεξικον

245 2240 320 2274 τῶν
336 2236 581 2282 Ἠροδοτείων
601 2237 750 2280 λέξεων,
776 2240 950 2281 ediderat3
975 2250 1058 2280 quas
1083 2250 1183 2278 porro
1207 2237 1339 2270 easdem
1376 2237 1495 2269 Barth.
1521 2233 1726 2286 Eustachius

247 2286 402 2319 Erotiani
420 2290 455 2318 et
476 2285 599 2318 Galeni
623 2285 826 2326 Glossariss,
855 2297 940 2318 anno
965 2284 1149 2320 MDLXVI
1177 2294 1198 2317 a
1220 2295 1256 2317 se
1274 2282 1388 2325 editis,
1410 2281 1581 2316 adiecerat.
1604 2280 1730 2314 Latina

246 2331 403 2366 versione
424 2331 646 2364 iiiustratas.“
692 2332 1008 2375 Schweighaeuser.

334 2399 392 2443 **)
413 2398 674 2442 Vid.-Prolegg.
698 2398 752 2432 ad.
779 2399 873 2432 Ctes.
897 2399 1068 2442 Fragmm.

339 2468 398 2512 ⁰')
421 2467 497 2501 Vid.
514 2467 652 2501 etesiae
676 2467 852 2513 Excerptt.
872 2468 983 2501 Perss.
1008 2470 1041 2510 §-
1068 2468 1097 2501 1.
1123 2466 1178 2502 57.

338 2536 379 2579 ἦ)
405 2536 481 2569 Vid.
506 2535 600 2570 Suid.
626 2547 654 2570 s.
680 2548 712 2570 v.
733 2533 941 2581 Ἆρποκρατ.
967 2537 1011 2570 Τ.
1036 2536 1052 2569 Ι
1077 2548 1110 2581 p.
1136 2536 1203 2570 336
1227 2546 1300 2579 seq.
1324 2533 1455 2567 Eudoc.
1486 2542 1519 2576 p.
1543 2529 1596 2564 66.

338 2605 407 2647 ††)
431 2605 507 2638 Vid.
533 2605 723 2649 Etymolog.
750 2605 866 2648 Magn.
889 2617 917 2640 s.
942 2617 975 2638 ν.
1004 2603 1257 2647 Λεοντοκόμος
1281 2616 1314 2650 p.
1338 2601 1484 2641 570‚·23.
1509 2596 1585 2651 Nisi
1608 2595 1662 2629 hic
1683 2595 1729 2649 de

249 2649 313 2684 alio
335 2662 400 2694 quo
428 2651 619 2692 Herodoto,
654 2653 886 2695 grammatico,
920 2651 1135 2697 cogitandum
1165 2656 1238 2693 est,
1270 2655 1329 2684 aut
1350 2646 1517 2682 Ilerodotl
1551 2653 1670 2676 nomen
1692 2652 1728 2675 ¹¹¹

249 2695 466 2730 Herodorum
490 2697 766 2730 commutandum.

339 2763 431 2806 †††)
455 2763 525 2796 Sic.
550 2775 580 2796 v.
607 2776 636 2796 c.
660 2766 817 2807 Aphthon
856 2777 888 2811 p.
913 2768 967 2800 27.
991 2766 1133 2810 Diogen.
1158 2765 1274 2798 Laert.
1300 2763 1451 2795 Prooem.
1475 2761 1507 2800 ἓ.
1529 2760 1562 2792 9.
1588 2756 1661 2790 Cic.
1684 2754 1727 2789 de

251 2809 358 2855 chg.
383 2810 413 2853 l,
440 2811 471 2844 1.
495 2809 633 2843 Luci-an.
658 2809 736 2843 Ver.
759 2812 847 2845 llis-t.
871 2813 916 2853 ΙΙ,
940 2813 994 2846 31.
1019 2812 1064 2847 Τ.
1090 2811 1138 2844 lV
1161 2822 1195 2854 p.
1217 2810 1285 2843 290
1308 2807 1382 2851 Rip.
