1879 3222
421 211 489 247 DE
517 209 643 246 VITA
673 210 746 246 ET
777 209 1010 248 SCRIPTIS
1040 209 1319 248 HERODOTI.
1525 210 1608 250 393

129 322 383 360 sacerdotibus
404 320 590 372 colloquia
610 318 754 357 habuit.
789 320 883 357 Inde
902 323 942 357 in
962 321 1130 358 mediam
1148 334 1366 372 progressus
1387 320 1610 371 Aegyptum

130 379 302 430 Memphi
322 381 555 430 aliquantum
575 384 831 414 commoratus
852 384 889 413 et
919 391 1007 414 cum
1027 378 1281 416 sacerdotibus
1312 378 1518 415 collocutus
1542 384 1608 425 est,

131 436 207 474 vid.
229 438 276 484 11,
299 440 344 483 33
379 447 426 470 ex
442 446 574 469 eorum
598 435 702 469 enim
721 435 996 470 narrationibus
1016 437 1225 471 maximam
1248 442 1397 486 partem
1419 433 1530 471 ducta
1550 434 1610 471 vi-

132 492 290 538 dentur,
325 504 420 542 quae
456 489 502 526 de
530 491 694 541 Aegypti
726 504 860 541 regum
889 489 1042 527 historia
1073 499 1136 529 aut
1165 491 1212 528 de
1238 491 1481 541 religionibus
1502 503 1611 527 enar-

132 556 262 586 rantur
280 549 326 595 ΙΙ,
344 548 407 587 99.
432 549 523 587 108.
549 549 640 586 110.
661 550 751 586 121.
780 550 866 587 136.
894 548 984 588 153.
1008 550 1098 587 176.
1156 549 1248 585 visit
1277 549 1411 584 Noster
1441 548 1613 599 pyrami-

133 605 209 652 des,
225 616 313 656 quas
335 610 506 639 accurate
528 602 719 653 descripsit
746 604 910 653 singulas
929 604 976 651 ΙΙ,
1004 602 1078 643 124
1098 617 1177 655 seq.
1200 606 1293 644 127.
1318 603 1407 644 134.
1433 607 1523 649 136,
1558 605 1612 640 13-

132 659 352 713 byrinthum
382 673 471 696 cum
491 659 668 696 Moeridis
689 661 773 696 lacu
792 660 1030 697 memorabili
1049 661 1097 705 ΙΙ,
1122 661 1197 699 148
1218 673 1337 711 seqq.,
1368 661 1452 696 alia.
1512 662 1613 705 Quin

130 717 363 767 superiorem
383 730 534 768 quoque
548 718 587 752 in
603 718 824 768 Aegyptum
844 716 1010 754 escendit
1030 729 1149 767 usque
1172 715 1219 752 ad
1240 717 1418 753 terminos
1431 716 1613 753 meridio-

129 774 232 810 nales
251 786 369 823 prope
379 773 686 824 Elephantinen),
710 781 750 810 ut
771 775 850 825 ipse
870 781 1025 811 testatur
1044 774 1091 821 ΙΙ,
1104 773 1255 813 290011.
1279 774 1326 820 11,
1337 773 1374 812 9.
1408 771 1613 810 Chemmin

129 830 256 866 invisit
277 829 342 878 (ΙΙ,
359 833 431 876 91)
453 843 495 867 30
516 829 670 867 Thebas
700 832 764 880 (ΙΙ,
796 835 834 872 3.
868 830 988 882 143):
1020 830 1095 882 quit
1121 828 1168 866 de
1190 843 1231 866 re
1252 829 1355 867 conf.
1376 836 1473 869 nott.
1496 829 1544 866 ad
1564 832 1611 879 ΙΙ,

135 887 183 928 15
207 887 290 923 coll.
311 888 358 934 ΙΙ,
382 887 459 927 143
480 888 608 938 ibique
628 894 723 926 nott.
1468 892 1472 897 ’

242 943 347 988 Quae
378 942 424 979 de
456 944 639 994 Aethiopia
670 944 778 980 affert
810 942 1045 990 Herodotus,
1086 941 1220 980 additis
1266 943 1422 980 vocibus
1449 939 1612 994 λέγεται,

130 997 230 1048 φασὶ
251 1007 335 1044 etc„
359 998 405 1036 de
424 1001 499 1036 Nili
518 1001 683 1037 fontibus
705 1002 768 1049 (ΙΙ,
791 1003 843 1041 23
867 1002 993 1052 seqq.)
1017 999 1063 1036 de
1082 1002 1213 1036 Meroe
1242 999 1307 1049 (ΙΙ,
1330 1000 1413 1049 29),
1446 999 1493 1036 de
1527 1000 1614 1050 ipsis

129 1055 378 1107 Aethiopibus
410 1058 493 1106 (ΠΙ,
525 1060 574 1098 17
594 1070 697 1108 seqq.
719 1059 765 1103 ΙΙ,
788 1060 840 1097 30
862 1057 909 1094 de
930 1058 1155 1105 Automolis,
1176 1057 1239 1101 IV,
1270 1059 1346 1097 183
1375 1056 1422 1093 de
1445 1057 1615 1106 Troglo-

131 1112 260 1164 dytis),
292 1127 352 1158 ea,
373 1115 520 1164 opinor,
551 1113 667 1150 fando
689 1113 858 1150 audierat
878 1115 915 1150 in
936 1115 1015 1164 ipsa
1035 1115 1211 1164 Aegypto
1233 1119 1317 1148 tum
1342 1113 1388 1149 ab
1417 1114 1614 1164 Aegyptiis

129 1169 400 1219 sacerdotibus,
420 1169 556 1206 harum
577 1184 706 1207 rerum
734 1171 883 1221 gnaris,
915 1177 997 1207 tum
1026 1171 1071 1206 ab
1101 1172 1188 1220 ipsis
1219 1168 1330 1206 huius
1359 1177 1481 1206 terrae
1513 1170 1615 1205 indi-

129 1227 258 1276 geuis,
289 1240 381 1278 quos
401 1229 618 1264 commercii
640 1241 748 1264 causa
770 1229 807 1263 in
829 1229 1050 1278 Aegyptum
1071 1226 1213 1263 delatos
1235 1234 1475 1264 convenerat.
1505 1225 1615 1262 Idem

128 1290 250 1319 statuo
272 1282 319 1319 de
338 1285 394 1330 iis,
417 1298 516 1336 quae
547 1284 594 1321 ad
616 1286 801 1321 interioris
822 1285 965 1335 Libyae
986 1291 1125 1320 tractus
1145 1290 1313 1334 spectant
1324 1284 1386 1330 IV,
1412 1285 1484 1323 181
1508 1297 1613 1334 seqq.

131 1337 221 1378 184.
281 1341 414 1392 Neque
444 1340 490 1377 ad
512 1343 737 1378 Ammonios
759 1341 995 1377 Herodotum
1015 1342 1159 1378 venisse
1176 1339 1350 1376 credam:
1381 1340 1432 1375 ita
1447 1346 1500 1384 ut,
1518 1353 1615 1391 quae

129 1393 177 1431 de
192 1397 345 1433 illorum
366 1399 522 1447 regione
542 1399 722 1447 leguntur
741 1400 787 1443 H,
809 1396 875 1438 42.
896 1399 961 1445 ΙΙΙ,
984 1399 1049 1444 26,
1082 1410 1130 1433 ex
1160 1398 1340 1443 aliorum,
1374 1395 1616 1433 sacerdotum

129 1455 354 1504 praecipue,
384 1456 659 1491 narrationibus
679 1455 830 1491 fluxisse
850 1453 1062 1491 videantur.
1122 1454 1178 1490 Cf.
1211 1454 1336 1504 Heyse
1365 1453 1391 1491 l.
1416 1453 1442 1489 1.
1465 1467 1503 1503 p.
1523 1451 1613 1492 114.

131 1508 228 1549 115.
286 1512 364 1546 Nec
396 1512 502 1547 aliter
530 1510 577 1547 de
606 1513 648 1547 iis
669 1509 925 1557 statuendum,
963 1524 1058 1562 quae
1089 1509 1136 1546 de
1166 1511 1383 1559 regionibus
1404 1510 1449 1546 ab
1472 1511 1616 1546 oriente

131 1565 301 1617 Aegypti
321 1567 409 1614 sitis,
436 1567 482 1604 de
503 1569 695 1604 montibus
711 1568 878 1604 Arabicis
901 1568 962 1615 (H.
984 1568 1041 1614 S),
1072 1568 1164 1614 aliis,
1186 1566 1396 1603 traduntur.

241 1624 345 1668 Quae
375 1624 615 1661 occidentem
642 1638 770 1662 versus
802 1625 848 1660 ab
875 1626 1052 1674 Aegypto
1082 1622 1341 1674 praetenditur
1366 1621 1505 1671 Libyae
1535 1634 1614 1669 ora,

129 1675 289 1715 dubium
309 1693 398 1716 sane
427 1681 592 1730 videtur,
624 1694 720 1717 num
740 1682 819 1731 ipse
843 1694 929 1716 eam
951 1680 1105 1728 adierit,
1136 1693 1196 1727 an,
1220 1692 1317 1730 quae
1340 1677 1387 1714 de
1407 1679 1469 1714 1113
1490 1678 1615 1726 refert,

127 1734 334 1786 indigenis,
367 1750 461 1789 (11105
480 1739 519 1774 111
539 1739 714 1788 Aegypto
736 1744 799 1773 aut
821 1738 969 1788 Cyrene
991 1738 1187 1784 convenit,
1219 1736 1366 1774 debeat.
1424 1737 1524 1771 Nam
1537 1736 1617 1772 fre-

133 1800 296 1842 quenter
314 1795 354 1829 in
374 1794 447 1831 hac
468 1797 682 1831 narratione
703 1795 859 1831 obvium
880 1793 974 1830 illud
990 1791 1319 1845 λέγουσι,λέγεται
1338 1793 1402 1838 ΙΨ,
1419 1795 1507 1832 173.
1523 1793 1616 1833 187.

131 1849 209 1887 191
232 1851 314 1886 coll.
349 1850 440 1891 155.
478 1854 577 1891 189:
610 1852 745 1903 quibus
775 1850 872 1887 adde
900 1852 947 1888 sis
969 1864 1031 1888 eos
1051 1852 1180 1895 locos,
1210 1850 1276 1885 ubi
1312 1848 1359 1885 de
1380 1849 1523 1899 Libyae
1542 1849 1617 1885 situ

129 1902 208 1952 (Π,
240 1908 304 1945 32.
332 1906 395 1953 ΙΨ,
420 1910 497 1947 168
519 1907 625 1958 seq.)
657 1915 693 1944 et
715 1907 762 1943 de
784 1908 959 1957 gentibus
981 1921 1065 1944 eam
1099 1906 1350 1943 incolentibus
1378 1906 1439 1954 (11,
1460 1907 1525 1944 32.
1550 1905 1614 1953 ΙΨ,

132 1961 224 1999 180.
243 1963 321 2001 190
348 1962 437 2009 etc.)
459 1965 637 2012 exponit3
669 1977 760 2001 nam
788 1963 836 2000 ad
867 1978 928 2001 eas
958 1977 1076 2015 usque
1106 1966 1286 2000 Nostrum
1315 1962 1529 2012 pervenisse
1549 1963 1617 1999 vix

131 2015 309 2053 credibile
331 2017 520 2055 videbitur
541 2023 586 2067 ei,
604 2021 670 2071 qui
692 2022 833 2057 itineris
862 2020 1099 2057 difficultates
1119 2034 1186 2071 per
1207 2019 1352 2056 deserta
1372 2019 1440 2055 ista
1460 2025 1616 2068 reputa-

129 2073 240 2110 verit.
299 2073 454 2125 ngrenen
493 2078 639 2112 venisse
672 2076 910 2113 Herodotum
939 2077 1054 2128 idque
1089 2078 1177 2113 navi
1207 2076 1383 2113 coniicias
1415 2076 1546 2126 utique
1567 2088 1616 2112 ex

130 2136 304 2166 accurata
336 2138 373 2167 et
396 2133 496 2169 urbis
529 2140 565 2169 et
590 2134 753 2183 regionis
783 2133 1032 2184 descriptione
1054 2135 1101 2180 ΙΙ,
1128 2136 1194 2174 52.
1217 2136 1280 2173 33.
1307 2132 1371 2179 ΙΨ,
1396 2131 1486 2171 154.
1521 2131 1615 2172 155.

133 2185 224 2225 157.
243 2188 333 2227 199.
361 2189 409 2235 ΙΙ,
426 2191 478 2228 96
501 2197 536 2226 et
555 2191 792 2239 potissimum
808 2204 856 2226 ex
870 2193 916 2238 ΙΙ,
943 2194 1033 2234 181,
1048 2191 1113 2226 ubi
1136 2196 1299 2226 statuam
1320 2187 1367 2225 ad
1387 2201 1499 2225 suum
1518 2195 1617 2225 tem-

129 2254 201 2291 pus
223 2241 348 2280 adhuc
372 2245 516 2281 salvam
535 2254 736 2283 memorat.
793 2249 875 2284 Hac
905 2261 953 2283 ex
982 2248 1075 2283 urbe
1095 2245 1142 2282 ad
1171 2253 1301 2297 gentes
1322 2246 1535 2295 proximas,
1568 2244 1616 2281 de

130 2299 266 2349 quibus
280 2303 464 2338 nonnulla
492 2302 692 2340 traduntur
711 2305 791 2352 (IV,
817 2305 907 2344 157.
928 2306 1036 2352 198),
1066 2305 1191 2354 ipsum
1211 2303 1417 2339 excurrisse
1440 2300 1615 2339 Herodo-

129 2361 213 2391 tum
233 2357 299 2394 vix
319 2357 494 2396 credam:
526 2362 604 2397 veri
625 2362 781 2397 similius
802 2367 856 2397 est
876 2362 986 2397 illum
1005 2360 1144 2397 haecce
1165 2361 1350 2411 accepisse
1378 2359 1439 2396 vel
1457 2372 1478 2394 a
1500 2359 1615 2410 Cyre-

129 2413 233 2449 naeis
263 2414 324 2450 vel
352 2415 397 2451 ab
427 2416 512 2465 ipsis
541 2415 678 2453 harum
705 2419 879 2468 gentium
909 2417 1122 2467 indigenis,
1160 2431 1252 2469 quos
1287 2417 1435 2467 Cyrene
1456 2415 1615 2453 viderat.

129 2468 214 2505 Vid.
236 2477 332 2510 nott.
355 2470 403 2508 ad
423 2473 485 2519 IV,
507 2476 584 2513 167
605 2475 691 2510 0011.
723 2481 817 2511 nott.
844 2474 892 2510 ad
912 2476 959 2521 ΙΙ,
980 2476 1047 2514 28.
1104 2475 1153 2510 Et
1169 2474 1230 2511 hic
1260 2486 1350 2509 sane
1376 2471 1616 2523 Carthagini-

132 2538 236 2562 enses
257 2529 378 2577 potuit
399 2529 589 2578 invenire,
620 2538 860 2577 mercatores,
894 2533 1041 2582 opinor,
1071 2544 1164 2582 (11105
1195 2537 1306 2567 testes
1336 2530 1425 2566 citat
1454 2530 1518 2577 IV,
1545 2528 1614 2569 43.

136 2583 224 2623 195.
248 2585 337 2624 196.
360 2586 440 2633 vll,
458 2589 554 2626 167:
588 2588 660 2623 nisi
678 2589 718 2622 iu
738 2587 866 2624 Sicilia
885 2587 924 2624 id
940 2588 1081 2624 sactum
1103 2601 1181 2624 esse
1204 2587 1408 2633 existimes,
1429 2585 1475 2623 ad
1498 2599 1616 2638 quam

132 2636 368 2677 Herodotum
401 2656 421 2678 e
449 2641 604 2680 Thuriis
634 2643 723 2680 inde
751 2646 897 2682 venisse
925 2645 1022 2680 insra
1050 2645 1308 2694 probabimus.
1364 2645 1463 2680 Nam
1493 2644 1616 2693 ipsam

135 2693 401 2747 Carthaginem
428 2699 497 2735 Ille
526 2698 628 2736 haud
652 2700 784 2737 adiisse
803 2700 964 2738 videtur.
1022 2703 1099 2737 Nec
1134 2702 1206 2738 alio
1225 2714 1272 2737 ex
1292 2699 1396 2737 sonte
1424 2699 1536 2737 (lucta
1555 2701 1615 2736 vi—

135 2747 270 2787 dentur
285 2783 294 2800 ,
328 2768 425 2806 quae
448 2755 494 2793 cle
517 2757 596 2794 aliis
615 2759 758 2809 Libyae
787 2758 963 2808 gentibus
981 2759 1117 2796 Noster
1135 2758 1345 2796 memoriae
1364 2756 1531 2809 prodidit
1549 2756 1614 2803 IV,

137 2807 227 2847 191.
247 2811 336 2850 192.
362 2811 452 2854 194.
479 2814 571 2855 195.
