1996 3238
597 200 630 236 U
660 200 693 236 R
719 199 756 236 A
782 200 816 235 N
845 200 862 235 1
892 201 940 237 A.
998 200 1125 240 V111.
1403 198 1486 238 141

232 309 431 367 „dynsvag
461 307 722 363 δραμέονται
750 307 850 362 περὶ
880 306 1026 363 σφέων
1046 307 1194 352 αὐτῶν
1216 310 1261 353 οἷ
1275 307 1492 366 ‘'El-inve&

204 378 495 433 5Μαρδονίου
531 375 600 428 δὲ,
641 374 699 431 ἦν
727 391 767 418 τι
797 375 943 432 πάθῃ,
973 375 1101 431 λόγος
1131 376 1276 428 οὐδεὶς
1303 378 1490 432 γίνεται·

233 444 364 500 ,,ου’δε’
393 462 434 488 τι
463 447 668 495 νικῶντες
698 445 743 487 οἱ
768 442 973 500 Ἕλληνες
997 449 1172 497 νικῶσι,
1223 448 1383 488 δοῦλον
1412 445 1493 489 σὸν

232 512 556 568 ,,α’πολε’σαντες.
588 512 643 556 σύ
674 512 738 564 δὲ,
770 517 858 556 τῶν
891 514 1033 556 εἵνεκα
1062 512 1141 555 τόν
1174 512 1331 556 στόλον
1351 512 1551 568 ἐποιή-40

64 593 163 639 103
230 592 343 633 ,,σω,
382 579 589 635 πυρώσας
617 579 693 630 τὰς
727 579 912 638 Ἀθήνας
941 579 1142 638 α’πελᾷς.“
1187 580 1334 636 Ἥσθη
1365 597 1409 624 τε
1438 581 1491 638 δὴ
1548 571 1825 641 ξῆοξξξέῃῗξῗῑέξξ

228 652 281 705 τῇ
313 651 557 706 συμβουλίῃ
587 648 765 704 Ξέρξης·
823 649 1010 704 λέγουσα
1038 648 1119 705 γὰρ
1152 647 1408 704 ἐπετύγχανε
1439 649 1492 692 τά
1548 643 1622 701 ῗέξξ
1648 640 1825 710 ξᾞᾞξρεᾞξζ

226 732 306 770 περ
339 715 470 768 αὐτός
509 716 637 761 ἐνόεε.
699 715 803 760 οὐδὲ
831 715 937 772 γάρ,
977 717 1014 761 εἰ
1052 716 1206 767 πάντες
1244 716 1316 759 καὶ
1354 721 1491 761 πᾶσαι
1546 707 1824 777 ξῖἒᾶῗωέθὲᾝθ-

228 785 553 841 συνεβούλευον
582 784 703 840 αὐτῷ
733 785 889 841 μένειν,
920 785 1040 840 ἔμενε
1073 783 1139 836 ἂν,
1171 784 1341 827 δοκέειν
1376 778 1826 848 ἐμοί’45ῗξξῑ8ῑῗζξπᾘῇ-

199 853 351 897 Ξοῧτω
394 853 733 909 καταρρωδήκεε.
764 853 992 904 ἐπαινέσας
1023 853 1069 896 δὲ
1109 851 1189 908 τὴν
1213 851 1494 909 Ἀρτεμισίην,
1552 845 1601 871 ‘¹²'

228 920 392 979 ταύτην
440 921 519 976 μὲν
557 918 805 963 ἀποστέλλει
845 919 1042 975 ἄγουσαν
1086 920 1225 964 αὐτοῦ
1263 921 1365 972 τούς
1393 926 1495 965 παῖ-

228 991 307 1041 δας
336 990 379 1041 ἐς
410 988 624 1045 Ἔφεσον·
682 988 812 1033 νόθοι
841 988 925 1045 γάρ
965 1005 1077 1042 τινες
1106 987 1256 1041 παῖδές
1297 991 1340 1034 οἱ
1369 990 1494 1034 συνέ-

225 1069 404 1102 σποντο.

337 1125 593 1182 Συνέπεμπε
623 1124 669 1169 δὲ
697 1131 809 1170 τοῖσι
837 1126 961 1170 παισὶ
992 1125 1194 1182 φύλακον
1217 1124 1494 1184 Ἑρμότιμον,
1550 1115 1826 1179 ssssfli‘ffimigimiflg

227 1195 354 1252 γένος
377 1194 456 1251 μὲν
478 1194 607 1239 ἐόντα
628 1195 850 1251 Πηδασέα,
881 1195 1125 1251 φερόμενον
1155 1195 1201 1238 δὲ
1232 1194 1287 1238 οὐ
1315 1194 1367 1240 τὰ
1395 1184 1809 1247 δεύ-ὅοξξῖζῗξιῗὲιίῗιίεῗῃ

63 1134 161 1182 1⁰4

171 1398 236 1422 ται
262 1398 297 1422 κ.
328 1398 362 1422 τ.
403 1383 480 1432 λ.]
541 1384 598 1419 De
641 1382 834 1420 locutione

171 1439 248 1477 vid.
285 1447 380 1477 nott.
423 1439 470 1477 ad
505 1440 596 1488 VII,
637 1440 690 1481 57
721 1447 757 1476 et
785 1438 834 1475 de

170 1496 295 1534 forma
333 1495 569 1548 δραμέονται
598 1494 734 1537 Matth.
767 1498 833 1534 Gr·

172 1555 239 1590 Gr.
261 1555 297 1600 ξ.
320 1555 400 1594 252
422 1568 459 1605 p.
476 1553 572 1594 493.
602 1554 722 1590 Voces
735 1555 833 1591 πολ-

169 1607 266 1657 λούς
294 1606 484 1657 πολλάκις
514 1623 592 1646 11011
621 1611 702 1647 sine
734 1622 832 1661 qua-

171 1666 260 1703 dam
282 1668 319 1704 vi
345 1668 449 1703 iuxta
477 1668 614 1718 positas
645 1680 723 1703 esse
745 1667 833 1718 qui-

169 1725 225 1761 vis
245 1725 442 1774 intelliget.
501 1725 617 1760 Plura
640 1724 832 1760 simillima

171 1782 348 1818 excitavit
387 1781 552 1831 Strange
585 1782 624 1817 in
663 1780 830 1818 Seebod.

171 1844 207 1874 et
225 1837 333 1875 Iahn.
375 1839 529 1875 Annali.
552 1838 687 1889 Suppl.
710 1839 766 1880 ΙΙ,
804 1840 828 1878 3

169 1907 208 1944 p.
229 1893 311 1934 402
331 1908 409 1946 seq.
440 1917 496 1922 —
523 1897 567 1932 In
588 1895 832 1946 sequentibus

171 1949 219 1987 de
247 1951 440 1987 locutione
465 1948 518 2002 ἤν
554 1967 590 1990 τι
621 1947 737 2005 πάθῃ
780 1948 835 2003 (si

172 2007 256 2057 quid
276 2007 334 2044 illi
362 2008 581 2056 accidisset),
613 2008 688 2060 quit
708 2009 832 2045 verbis

169 2064 374 2101 lenioribus
395 2065 622 2116 plerumque
652 2077 710 2100 res
730 2063 832 2100 indi-

170 2127 277 2157 catur
317 2122 493 2171 gravior,
543 2134 666 2168 mors,
707 2120 831 2157 clades

168 2177 230 2214 vel
268 2177 391 2214 simile
431 2176 542 2229 quid,
583 2177 683 2217 conf.
714 2176 830 2214 modo

167 2235 238 2281 IV,
269 2235 322 2274 97
351 2234 479 2286 ibique
509 2241 606 2276 nott.
647 2233 748 2271 Add.
768 2236 832 2270 In-

167 2296 315 2341 terprtt.
356 2290 402 2327 ad
434 2293 595 2342 Diogen.
629 2292 754 2330 Laert.
785 2292 830 2340 V,

169 2350 236 2388 61.
260 2348 367 2384 Stob.
389 2349 516 2384 XLIX
547 2348 637 2396 [51]
689 2362 727 2399 p.
749 2347 829 2388 356

167 2417 199 2441 s.
219 2405 268 2440 Τ.
291 2404 327 2439 Π
363 2418 400 2454 p.
421 2407 501 2445 372
531 2405 646 2443 Gaisf.
671 2404 829 2442 Diodor-

169 2461 287 2499 Sicul.
310 2462 424 2510 xm,
447 2463 512 2502 98.
543 2462 663 2500 Cicer.
689 2463 829 2498 Tusco.

167 2518 206 2568 1,
226 2516 293 2557 43.

224 2569 339 2626 λόγος
373 2568 506 2620 ου’δεὶς
544 2571 711 2626 γίνεται]
742 2574 830 2616 Vid.

168 2637 264 2667 nott.
298 2629 345 2667 ad
365 2631 470 2677 VIII,
497 2633 560 2672 10.
583 2653 632 2660 —-
664 2631 726 2668 Ad
746 2632 827 2669 for-

169 2699 274 2723 mam
323 2683 626 2738 καταρρωδήκεε
666 2689 704 2725 in
744 2702 824 2741 seq.

170 2745 289 2794 capite
325 2744 424 2783 conf.
455 2743 590 2784 Matth.
614 2746 678 2784 Gr.
700 2747 765 2783 Gr.
787 2748 825 2792 ξ.

175 2801 250 2840 188
267 2807 345 2838 not.
374 2803 390 2840 1
413 2814 501 2853 pag.
524 2803 619 2843 332.

1110 1416 1202 1467 Cap.
1235 1416 1330 1455 CIV.

947 1491 1172 1547 φερόμενον
1201 1493 1243 1535 δὲ
1265 1491 1314 1536 ου’
1344 1491 1392 1534 τοὶ
1414 1489 1550 1534 δεύτε-

890 1566 940 1602 ρα
962 1554 1045 1591 τῶν
1075 1548 1277 1603 εὐνούχων
1304 1548 1412 1603 παροὲ
1433 1552 1549 1603 βασι-

889 1607 970 1658 λέϊ]
1001 1609 1026 1646 i.
1050 1622 1082 1646 e.
1105 1612 1168 1660 qui
1187 1612 1278 1647 inter
1300 1610 1417 1657 regios
1434 1621 1549 1646 eunu-

889 1665 967 1702 cleos
995 1666 1094 1703 haud
1117 1666 1303 1704 secundum
1320 1666 1470 1703 obtinuit
1493 1665 1550 1702 lo-

888 1735 977 1760 cum.
1039 1723 1111 1759 Ubi
1132 1722 1286 1760 attende
1307 1723 1412 1760 verbi
1432 1721 1551 1759 medii

888 1777 1119 1831 (φέρεσθαι)
1135 1782 1225 1828 vim,
1248 1793 1365 1833 quam
1386 1779 1550 1816 eandem

890 1835 1074 1874 Valcken.
1087 1837 1145 1888 (in
1167 1844 1246 1874 not.
1268 1836 1316 1874 ad
1326 1835 1467 1873 Herod.
1478 1838 1549 1884 IX,

889 1894 961 1941 78)
985 1894 1176 1930 observari
1204 1895 1286 1932 vult
1305 1895 1343 1930 in
1365 1894 1549 1931 similibus

889 1950 980 1986 locis
1001 1952 1160 1987 Luc-iani
1183 1951 1228 1990 V.
1262 1952 1356 1991 Hist.
1382 1952 1442 1999 II,
1483 1953 1549 1992 18.

888 2008 1039 2057 Eunap.
1060 2007 1258 2045 Iamblich.
1279 2022 1316 2059 p.
1338 2010 1387 2047 21
1403 2021 1482 2058 S.p.
1499 2010 1546 2046 11

889 2063 1123 2111 Boissonad.,
1145 2078 1262 2115 quem
1291 2066 1416 2115 ipsum
1446 2063 1549 2102 conf.

888 2121 927 2155 in
949 2128 1079 2157 annot.
1101 2135 1139 2170 p.
1165 2121 1254 2161 175.
1277 2122 1371 2162 567.
1404 2117 1552 2157 Mosch.

889 2178 963 2221 111,
987 2178 1054 2218 57.
1079 2176 1301 2214 callimach.
1331 2178 1477 2228 Hymn.
1511 2177 1551 2212 in

887 2234 970 2270 Del.
1024 2234 1050 2274 4
1068 2246 1077 2270 :
1141 2236 1277 2286 quibus
1332 2234 1552 2271 Wesseliu-

887 2292 970 2341 gius
992 2290 1097 2328 addit
1116 2293 1229 2328 Dion.
1252 2292 1353 2328 Cass.
1371 2292 1440 2327 XL
1461 2303 1549 2342 pag.

889 2350 969 2388 136
1012 2347 1114 2399 [cap.
1137 2351 1176 2389 2.
1219 2347 1321 2385 Add.
1351 2349 1442 2393 LII,
1484 2349 1548 2388 19.

884 2405 990 2451 ων,
1020 2404 1058 2444 4.
1077 2406 1190 2453 mx,
1219 2406 1292 2453 28]
1323 2405 1472 2441 Aelian.
1499 2405 1547 2445 N.

885 2462 933 2498 A.
947 2463 1052 2509 XIII,
1075 2465 1115 2502 7.
1136 2460 1446 2500 Hemsterhus.in
1465 2462 1549 2497 Lu-

885 2519 981 2555 cian.
995 2520 1154 2556 Timon.
1175 2519 1227 2559 35
1251 2516 1284 2570 (1
1296 2533 1334 2570 p.
1347 2516 1428 2559 400
1440 2514 1546 2570 Bip.)

887 2582 923 2612 et
950 2574 1199 2626 Xenophont.
1226 2575 1368 2627 Ephes.
1397 2577 1437 2612 in
1470 2576 1548 2611 Mi-

881 2632 982 2669 scell.
1000 2633 1179 2670 Observv.
1199 2633 1280 2670 Vol.
1299 2634 1380 2683 Vp.
1394 2636 1460 2674 30,
1482 2633 1548 2669 Tu

883 2689 984 2726 conf.
1006 2689 1053 2726 de
1080 2690 1272 2727 locutione
1305 2685 1354 2730 οὕ
1381 2686 1548 2741 δεύτερα

883 2747 1008 2796 ipsum
1048 2746 1288 2784 Herodotum
1329 2749 1368 2793 Ι,
1405 2750 1481 2792 233
1511 2752 1548 2783 et

885 2802 932 2840 ad
968 2816 1080 2841 usum
1127 2805 1234 2842 verbi
1272 2803 1391 2842 medii
1431 2801 1548 2856 φέρε-
