1996 3238
497 253 582 293 186
890 252 1352 292 HERODOTI

345 360 444 408 135
502 359 592 404 δενὶ
622 358 780 403 αὐτόθι
799 359 1235 418 ἐγκατακοιμηθῆναι.
1300 362 1410 407 Τόδε
1431 364 1476 408 δὲ
1496 361 1656 419 θεόυμά
1677 380 1752 418 μοι
1763 371 1809 406 50

170 424 443 498 ,vss‘inflngss'uffss
507 427 711 483 μέγιστον
735 428 938 483 γενέσθαι
980 429 1144 485 λέγεται
1187 429 1273 475 ὑπὸ
1324 433 1542 488 Θηβαίων.
1609 431 1750 474 ἐλθεῖν

168 499 233 519 ¹¹⁰²
248 493 441 529 ¹⁸⁸1'⁰¹¹‘¹0¹¹⁸·
500 494 588 548 ἄρα
623 494 702 538 τὸν
732 493 946 551 Εὐρωπέα
976 500 1108 547 Μῦν,
1150 499 1570 555 περιστρωφώμενον
1608 497 1751 543 πάντα
1974 491 1987 594 ³

467 562 552 606 2τά
578 561 836 619 χρηστήρια,
866 565 938 608 καὶ
965 565 1007 615 ἐς
1036 567 1117 607 τοῦ
1144 564 1305 609 Πτώου
1322 565 1589 618 ’Λπόλλωνος
1608 566 1656 610 τὸ
1686 565 1748 610 τὲ·
1979 615 1981 622 A

495 647 637 687 μενος.
695 636 826 676 τοῦτο
857 633 903 677 δὲ
931 632 979 677 τὸ
1000 632 1098 687 ἱρόν
1127 633 1320 677 καλέεται
1347 634 1425 689 μὲν
1449 639 1636 686 Πτῶον,
1660 635 1749 678 ἔστι
1978 670 1986 697 5

497 699 544 743 δὲ
584 701 814 756 Θηβαίων,
849 702 989 744 κέεται
1017 702 1064 745 δὲ
1092 699 1199 754 ὑπὲρ
1229 705 1303 757 τῆς
1332 704 1567 754 Κωπαΐδος
1597 704 1750 757 λίμνης

494 766 606 822 πρὸς
635 766 777 823 οὔρεϊ,
807 767 1025 825 ἀγχοτάτω
1050 767 1304 825 Ἀκραιφίης
1331 769 1491 821 πόλιος.
1549 770 1592 821 ἐς
1619 773 1749 813 τοῦτο
1807 777 1887 821 684

494 834 542 878 τό
576 836 672 890 ἱρόν
710 836 799 879 ἐπεί
833 852 877 879 τε
907 841 1140 891 παρελθεῖν
1179 835 1258 880 τόν
1281 835 1547 891 καλεόμενον
1586 842 1746 881 τοῦτον
1761 845 1805 878 56

492 906 615 955 Μῦν,
638 903 870 947 ἕπεσθαιόῐ
881 908 968 947 τῶν
983 902 1126 947 ἀστῶν
1141 903 1341 958 αἷρετούς
1363 902 1524 957 ἄνδρας
1534 910 1647 957 τρεῖς
1660 903 1746 948 ἀπὸ
1955 945 1979 971 μ

1 961 13 1017 l
491 974 573 1014 τοῦ
602 975 757 1015 κοινοῦ
774 1004 785 1023 ‚
817 970 875 1023 ὠς
896 970 1290 1028 ἀπογραψομένους
1316 971 1369 1016 τὰ
1385 972 1604 1016 θεσπιέειν
1632 972 1748 1028 ἔμελ-

603 1212 696 1263 Cap.
728 1210 923 1248 cxxxv.

496 1284 594 1329 Τόδε
628 1288 671 1329 δὲ
706 1285 858 1341 θεόυμά
890 1305 957 1340 μοι
980 1288 1091 1343 με’γι-

438 1358 532 1386 στον
551 1345 739 1396 γενέσθαι
750 1345 916 1398 λέγεται]
937 1343 1091 1398 θεόυμα

432 1404 584 1454 reposui
604 1416 672 1453 pro
702 1405 838 1454 θαῖμα.
867 1404 1089 1441 Pronomeu

432 1474 501 1510 μοι
517 1458 565 1496 ad
581 1456 742 1511 θώυμα,
790 1473 872 1496 non
902 1459 951 1497 ad
982 1459 1090 1512 λέγε-

431 1531 495 1555 ται
524 1523 693 1567 spectare
721 1523 854 1553 monet
879 1516 1090 1557 Larcherus

431 1579 581 1611 vertens
603 1575 627 1610 ὰ
642 1586 718 1611 mon
738 1576 828 1611 avis.

487 1650 528 1698 ἐς
563 1654 636 1691 τοῦ
664 1649 811 1692 Πτώου
838 1648 1091 1700 ’Λπόλλωνος

429 1704 476 1748 τό
515 1706 707 1759 τέμενος]
769 1708 880 1754 Quod
917 1711 1088 1760 sequitur

428 1766 545 1803 τοῦτο
581 1762 624 1803 δὲ
649 1761 694 1804 τό
727 1762 824 1816 ἷρόν,
855 1778 904 1801 ex
925 1778 969 1802 eo
1001 1766 1087 1802 satis

429 1822 666 1871 perspicitur,
693 1819 733 1862 h.
763 1822 787 1858 l.
807 1822 859 1858 sic
886 1822 973 1858 satis
997 1834 1089 1858 con-

429 1879 561 1915 venire
575 1876 620 1917 τό
638 1876 800 1929 τέμενος
816 1885 928 1930 atque
943 1874 985 1918 τὸ
1001 1875 1088 1929 ἱρόν

427 1947 519 1971 cum
557 1933 606 1971 ad
635 1947 758 1971 unum
780 1933 961 1987 idemque
988 1941 1090 1971 tem-

426 1991 535 2041 plum
572 1998 734 2043 utraque
771 2005 849 2029 vox
888 1992 1088 2043 pertineat.

426 2048 572 2084 Auctor
593 2055 647 2084 est
656 2049 768 2085 Paus.
784 2050 852 2096 IX,
866 2051 918 2089 23
937 2049 974 2093 ξ.
989 2051 1027 2095 3,
1046 2049 1087 2084 in

428 2107 540 2140 monte
561 2103 650 2141 Ptoo
669 2105 784 2141 situm
805 2118 883 2141 esse
902 2105 1085 2154 Acraeph-

426 2163 522 2198 πίννη
551 2159 757 2211 oppidum,
788 2160 891 2198 unde
922 2160 1087 2212 quinde-

427 2218 504 2253 cim
523 2216 730 2256 stadiorum
750 2218 883 2254 itinere
915 2216 963 2254 ad
990 2216 1087 2254 dex-

426 2280 526 2310 tram
565 2275 779 2310 inveniatur
805 2274 978 2325 Apollinis
1000 2274 1089 2311 Ptoz·

428 2331 636 2381 templum,
677 2343 699 2367 a
730 2332 848 2379 Ptoo,
876 2332 997 2380 prisco
1012 2329 1084 2366 he-

426 2391 506 2435 roe,
539 2386 779 2424 Athamantis
809 2394 845 2424 et
861 2384 1082 2425 Themistiis

426 2443 518 2492 filio,
547 2445 611 2495 qui
639 2450 675 2480 et
694 2445 817 2480 monti
846 2442 991 2480 dederit
1011 2456 1085 2479 no-

425 2513 530 2546 men,
550 2502 600 2537 ita
626 2502 952 2550 cognominatum.
983 2499 1084 2536 Add.

426 2556 618 2595 Plutarch.
640 2558 773 2608 Pelop.
798 2559 848 2597 16
879 2564 915 2594 et
937 2558 972 2593 11
992 2569 1080 2607 pag.

423 2611 507 2652 414
539 2615 585 2651 A.
624 2614 794 2665 Etymol.
822 2627 859 2664 p.
890 2611 984 2657 413,
1013 2616 1079 2654 28.

424 2669 587 2709 Pausau.
623 2671 685 2717 IV,
721 2674 774 2711 32
806 2671 843 2716 ξ.
872 2670 910 2711 5.
952 2670 1078 2707 strab.

424 2726 482 2761 IX
503 2739 541 2776 p.
572 2725 651 2767 413
676 2740 706 2763 s.
739 2729 819 2766 633
848 2728 892 2763 B.
923 2733 960 2763 et
981 2739 1078 2778 quae

1149 1191 1256 1217 versa
1275 1178 1376 1214 urbis
1392 1177 1643 1228 appellatione
1672 1175 1804 1227 dispu—

1147 1241 1243 1291 tans,
1275 1248 1371 1286 quae
1400 1235 1446 1270 ab
1482 1235 1560 1270 aliis
1582 1233 1717 1271 dicitur
1735 1230 1805 1272 'A-

1147 1292 1341 1343 κραίφιον
1386 1297 1423 1327 et
1458 1285 1715 1342 Ἀκραιφίαι,
1756 1291 1802 1327 ab

1148 1348 1342 1384 Herodoio
1359 1342 1592 1399 Ἀκραιφίη,
1617 1360 1637 1382 a
1657 1348 1803 1383 Pausa-

1145 1406 1209 1441 nia
1227 1400 1419 1453 Ακραιφι
1423 1418 1498 1443 ιον
1536 1405 1646 1440 Nunc
1662 1404 1713 1439 ibi
1732 1416 1803 1454 pa-

1145 1474 1240 1512 gum
1270 1461 1436 1498 Kortztza
1464 1473 1493 1497 s.
1522 1460 1704 1498 Karditza
1725 1473 1803 1497 esse

1144 1517 1357 1569 perhibent,
1380 1517 1443 1553 alii
1462 1523 1598 1553 vocant
1621 1515 1803 1563 Proscina‚

1145 1576 1209 1612 alii
1233 1574 1396 1623 Cachina,
1420 1586 1495 1625 quo
1517 1575 1673 1609 nomine
1698 1586 1803 1611 nuuc

1147 1633 1261 1668 etiam
1277 1632 1418 1668 Ptoum
1437 1636 1610 1666 montem
1621 1630 1803 1680 appellari

1147 1687 1301 1724 dicunt:
1333 1688 1384 1723 ibi
1405 1688 1507 1722 enim
1523 1685 1711 1738 quaedam
1732 1699 1801 1723 ve-

1143 1745 1231 1780 teris
1241 1744 1342 1779 urbis
1355 1744 1536 1794 reliquiae
1552 1742 1666 1794 idque
1683 1743 1798 1779 etiam

1142 1801 1266 1851 placet
1282 1801 1401 1836 Kruse
1420 1799 1517 1835 Hell.
1536 1800 1583 1846 11,
1609 1802 1628 1838 1
1660 1813 1698 1849 p.
1721 1801 1801 1839 572

1143 1869 1250 1908 seqq.
1273 1856 1359 1895 coll.
1383 1855 1476 1896 635.
1517 1856 1665 1891 Locum
1694 1853 1797 1892 aedis

1143 1914 1331 1963 Apollinis
1387 1910 1562 1948 nondum
1600 1912 1800 1947 inventum

1147 1983 1225 2006 esse
1256 1968 1360 2006 idem
1380 1967 1503 2016 addit,
1544 1967 1591 2004 de
1632 1966 1800 2018 Copaide

1143 2027 1230 2063 lacu
1251 2023 1503 2063 consulendus
1523 2024 1586 2063 l.l.
1605 2036 1694 2076 pag.
1715 2023 1796 2066 449

1143 2096 1250 2135 seqq.

1201 2156 1278 2200 ἆπὸ
1301 2162 1374 2200 τοῦ
1385 2160 1544 2208 κοινοῦ]
1568 2160 1592 2197 ἰ.
1608 2173 1640 2199 e.
1657 2159 1797 2209 publice

1142 2219 1273 2255 missos.
1329 2216 1391 2253 Ad
1432 2229 1592 2267 sequens
1619 2211 1795 2266 ἆπογρα-

1141 2272 1347 2324 ψομένους
1376 2272 1478 2309 conf.
1510 2273 1590 2320 vll,
1616 2274 1692 2312 100
1722 2273 1796 2308 ibi-

1140 2343 1215 2381 que
1235 2330 1359 2367 allata.
1417 2327 1619 2368 θεσπιέειν
1652 2341 1672 2364 e
1693 2327 1794 2365 duo-

1139 2387 1209 2423 bus
1230 2384 1342 2422 codd.
1371 2387 1577 2435 repositum
1597 2397 1665 2435 pro
1689 2386 1794 2435 vulg.

1139 2446 1336 2483 θεσπιεῖν.
1357 2441 1418 2478 Ad
1435 2449 1702 2492 argumentum
1719 2442 1792 2478 loci

1138 2500 1237 2536 bene
1258 2498 1649 2537 1‘'alcl.·eaezaerius:
1671 2500 1790 2546 „qu-

1139 2563 1177 2593 ta
1228 2554 1466 2592 Herodotum
1508 2554 1664 2592 aderant
1705 2554 1790 2591 Cari

1138 2608 1470 2664 α’πογραψόμενοι
1515 2627 1564 2650 τα
1608 2613 1790 2649 θεσπιεῖν

1136 2669 1266 2720 ε’μελλε
1301 2670 1423 2706 Deus:
1472 2669 1564 2705 tales
1599 2682 1791 2719 ταχυγρα-

1136 2728 1309 2776 φοῦντες
1337 2724 1403 2763 καὶ
1440 2740 1487 2763 τα
1517 2738 1684 2774 μαντικα
1713 2723 1787 2773 ε’πη

424 2782 497 2818 alia
518 2783 641 2819 attulit
660 2783 818 2820 Siebelis
845 2782 893 2820 ad
915 2784 1078 2834 priorem
1132 2778 1527 2834 μεταλαμβάνοντεςΕ
1531 2779 1787 2817 ustathiome-

421 2839 631 2876 Pausaniae
651 2839 779 2876 locum
802 2853 839 2890 p.
862 2839 929 2889 74,
954 2839 1001 2877 de
1022 2838 1078 2877 ‹li-
1133 2845 1331 2877 morantur
1354 2836 1403 2875 ad
1432 2836 1505 2877 Od.
1524 2838 1609 2875 VIII
1628 2851 1667 2889 p.
1692 2839 1786 2886 323,
