1996 3238
65 793 131 840 65

591 208 892 244 URANIA.
951 208 1087 246 V111.

1415 207 1472 248 85

202 317 294 375 ἅμα
335 322 395 378 τῷ
433 316 542 375 ἡλίῳ
574 313 742 360 ἀνιόντι
774 314 949 371 σεισμὸς
985 315 1150 370 ἐγένετο
1181 316 1228 360 ἕν
1257 331 1301 360 τε
1330 318 1384 375 τῇ
1412 317 1471 373 γῇ

201 388 274 431 καὶ
310 390 364 443 τῇ
391 383 608 440 θαλάσσῃ.
667 383 785 435 ἔδοξε
818 383 863 426 δέ
902 394 981 438 σφι
1012 385 1224 435 εὔξασθαι
1254 389 1370 428 τοῖσι
1397 388 1472 427 θε-

171 459 310 505 Βοῖσι,
339 452 414 496 καὶ
444 451 787 496 ἐπικαλέσασθαι
817 449 920 502 τούς
957 452 1170 502 Αἰακίδας
1202 451 1470 508 συμμάχους.
1484 456 1528 492 15

199 521 258 573 ὥς
286 521 332 564 δέ
361 531 442 577 σφι
462 519 596 572 ἔδοξε,
625 519 699 563 καὶ
728 519 905 562 ἐποίευν
933 523 1085 563 ταῦτα.
1128 517 1358 573 εὐξάμενοι
1386 519 1471 575 γὰρ

197 592 304 635 πᾶσι
341 593 453 633 τοῖσι
498 592 658 640 θεοῖσι,
689 585 882 631 αὐτόθεν
910 586 991 643 μὲν
1031 587 1078 631 ἐκ
1107 590 1365 642 Σαλαμῖνος
1395 588 1472 629 Αἵ-

197 655 307 702 αντόι
336 672 382 700 τε
410 657 484 701 καὶ
519 659 759 712 Τελαμῶνα
788 653 1097 700 ἐπεκαλέοντο·
1130 655 1198 698 ἐπὶ
1228 655 1274 698 δὲ
1304 654 1471 698 Αἰακὸν

195 725 269 769 καὶ
297 742 402 776 τους
433 724 592 777 ἄλλους
626 726 843 806 Αἰακίδας
879 727 962 780 νῆα
993 723 1257 767 ἀπέστελλον
1285 722 1328 773 ἐς
1354 724 1470 777 Αἴγι-

195 810 292 838 ναν.
337 793 458 850 ’Έφη
509 793 555 837 δε
594 798 777 844 Δικαῖος
821 792 844 837 ὁ
890 790 1149 843 Θεοκύδεος,
1189 789 1300 846 ἀνήρ
1347 789 1466 845 Ἀθη-
1478 796 1596 830 ΞΟΡιιιν
1599 802 1776 830 i-selamor

1526 836 1743 878 qmyts

196 866 344 914 ναῖος,
385 878 531 918 φυγας
559 877 604 904 τε
643 861 716 904 καὶ
744 860 865 916 παρὰ
895 859 1092 916 Μήδοισι
1129 858 1308 915 λόγιμος
1347 856 1470 913 γενό-

195 946 327 986 μενος
358 933 518 973 τοῦτον
545 928 625 972 τόν
653 929 836 985 χρόνον·
888 928 981 972 ἐπεί
1021 943 1066 972 τε
1111 927 1296 982 ἐκείρετο
1326 923 1353 981 ἡ
1378 922 1464 968 ’-Ατ
1522 945 1556 963 or

193 997 291 1053 τικὴ
333 995 452 1052 χώρη
493 995 581 1040 ὑπὸ
621 1001 701 1040 τοῦ
731 999 862 1050 πεζοῦ
894 999 1081 1051 στρατοῦ
1110 998 1193 1039 τοῦ
1224 992 1468 1048 Ξέρξεω,ἐ-

195 1068 309 1108 οὖσα
338 1064 497 1121 ἐρῆμος
556 1063 824 1122 Ἀθηναίων,

855 1069 998 1120 τυχεῖν
1026 1063 1122 1107 τότε
1151 1061 1237 1105 ἐων
1267 1061 1354 1118 ἅμα
1384 1065 1469 1118 Λη-

193 1131 373 1191 μαρήτῳ
412 1137 474 1190 τῷ
513 1134 845 1190 Λακεδαιμονίῳ
896 1132 943 1176 ἐν
980 1135 1042 1191 τῷ
1084 1131 1281 1189 Θριασίῳ
1311 1130 1526 1186 πεδίῳ·25

194 1202 305 1245 ἰδεῖν
345 1201 391 1245 δὲ
427 1202 665 1259 κονιορτόν
703 1200 926 1258 χωρέοντα
965 1199 1052 1244 ἀπό
1088 1198 1356 1251 Ἐλευσῖνος,
1409 1196 1468 1249 ὡς

140 1341 282 1390 sendus,
320 1347 362 1378 ut
381 1342 423 1390 Ι,
459 1344 557 1390 110,
588 1348 660 1382 etc.
703 1339 803 1383 (ἕπε’-

141 1401 300 1438 στελλον
338 1396 452 1435 dabat
485 1398 680 1437 Mediceus
713 1414 803 1437 cum

140 1455 221 1493 aliis
233 1468 302 1506 pro
314 1455 418 1505 vulg.
438 1450 683 1503 ἀπέστειλαν,
699 1456 804 1509 quod

139 1509 257 1550 habet
286 1512 402 1549 etiam
451 1510 582 1553 Schol.
621 1514 803 1564 Hermog.

139 1582 228 1620 pag.
249 1568 331 1610 407
347 1598 359 1616 ,
389 1569 455 1621 qui
473 1582 581 1621 seqq.
606 1570 696 1607 citat
714 1583 802 1621 pag.

139 1627 235 1666 890.
312 1626 525 1677 Utramque
575 1627 803 1677 scripturam

138 1680 256 1719 habet
269 1682 511 1720 Florentinus
531 1683 626 1720 liber
646 1691 684 1721 et
713 1685 802 1737 qui-

139 1737 230 1776 dem
250 1739 298 1776 ab
324 1738 461 1777 eadem
480 1753 615 1779 mauu.

345 1797 436 1847 Cap.
465 1797 582 1835 LXV.

181 1850 294 1903 ’Έφη
315 1850 357 1892 δὲ
379 1856 546 1900 Δικαῖος
567 1869 604 1892 κ.
624 1869 658 1893 τ.
671 1854 724 1903 λ.]
738 1855 800 1891 Ex

139 1908 333 1947 Herodoto
354 1908 479 1948 hausit
498 1909 628 1948 Schol.
651 1910 699 1948 ad
711 1913 800 1948 Ari-

139 1964 265 2017 stoph.
284 1967 384 2004 Nub.
397 1969 478 2008 302
499 1969 586 2009 coll.
604 1967 800 2005 Plutarchi

139 2021 394 2060 Themistocl.
437 2023 485 2063 15
525 2025 609 2065 init.
643 2039 682 2075 p.
721 2027 799 2065 119

138 2081 186 2120 E.
199 2110 209 2127 ,
230 2078 414 2126 Aristide,
450 2080 514 2130 qui
533 2088 689 2117 notante
710 2081 802 2118 Val-

139 2135 315 2173 okenaer.
348 2136 517 2186 pluribus
555 2138 646 2173 locis
686 2136 798 2173 huius

138 2194 193 2230 rei
221 2193 396 2229 meminit
423 2193 440 2227 Ι
477 2206 515 2243 p.
546 2193 612 2234 55.
638 2192 734 2234 451.
764 2195 800 2229 II

138 2263 176 2301 p.
199 2249 280 2290 350
311 2249 393 2297 (ubi
425 2249 526 2287 conf.
549 2248 679 2287 Schol.
708 2263 798 2301 pag.

138 2306 218 2347 251
240 2303 464 2357 Frommel.)
490 2307 507 2341 1
527 2319 565 2357 p.
588 2306 668 2347 248
687 2336 696 2353 ‚
732 2307 798 2343 ubi

138 2361 274 2400 itidem
288 2364 397 2414 plura
416 2363 455 2398 in
475 2361 626 2400 scholiis
641 2376 727 2413 pag.
744 2362 797 2403 65

139 2421 347 2468 Frommel,
364 2432 461 2472 quae
478 2433 525 2455 ex
535 2427 639 2470 parte
656 2420 800 2456 excita-

139 2483 245 2514 verat
270 2475 394 2514 Greuz.
414 2476 455 2512 iu
471 2476 706 2514 Commentt.
720 2478 802 2514 He-

140 2532 250 2571 rodd.
271 2547 308 2584 p.
330 2531 426 2573 234.

210 2588 295 2630 ἐπεί
332 2603 373 2628 τε
405 2587 575 2641 ἐκείρετο
603 2603 641 2628 κ.
680 2604 712 2627 τ.
746 2589 801 2638 λ.]

142 2647 276 2697 Attigit
296 2644 468 2683 Eustath.
498 2645 547 2683 ad
575 2646 622 2683 11.
644 2659 684 2696 p.
707 2645 801 2695 364,

143 2703 210 2751 25,
230 2717 260 2742 s·
280 2717 320 2754 p.
340 2702 422 2743 475
444 2702 512 2743 fin,

200 2764 329 2810 τυχεῖν
349 2754 434 2808 τότε
455 2756 550 2806 ἐών]
590 2759 707 2795 Recte
737 2758 804 2794 Vi-

145 2827 224 2866 ger.
245 2829 283 2867 p.
305 2817 408 2857 301:
437 2815 533 2854 dixit
559 2830 593 2853 se
613 2818 686 2853 tum
708 2814 805 2866 sorte

852 1342 983 1393 faisse.
1003 1343 1062 1378 De
1086 1340 1251 1378 Tleriasz’o
1279 1351 1435 1390 campo,
1457 1338 1525 1390 qui

860 1400 907 1435 ab
946 1398 1126 1435 Eleusine
1162 1397 1363 1433 Boeotiam
1396 1408 1524 1433 versus

861 1463 1039 1492 extensus
1059 1454 1226 1490 multum
1245 1454 1378 1504 patuit,
1403 1452 1524 1488 bene-

861 1525 936 1563 que
976 1511 1139 1549 discerni
1178 1508 1292 1546 debet
1330 1522 1351 1546 a
1386 1521 1524 1559 campo

860 1568 1002 1606 Rhario
1021 1597 1032 1616 ,
1089 1566 1155 1619 qui
1202 1566 1331 1603 minor
1376 1565 1524 1602 ambitu

859 1626 960 1663 inter
979 1637 1085 1661 mare
1106 1631 1142 1661 et
1162 1623 1302 1659 collem
1319 1622 1429 1658 illum
1442 1651 1452 1670 ‚
1481 1622 1522 1658 iu

860 1695 936 1734 quo
958 1694 1026 1718 arx
1044 1680 1240 1718 EleusinIa
1255 1680 1371 1716 fuisse
1389 1679 1522 1727 fertur,

857 1738 1158 1784 extendebatur,
1199 1735 1275 1774 vid.
1310 1737 1522 1786 interprett.

857 1795 906 1833 ad
937 1793 1161 1847 Thucydid.
1188 1795 1245 1841 II,
1288 1795 1340 1834 19
1368 1790 1522 1843 (Poppo

854 1854 896 1900 Ι,
933 1856 960 1894 2
999 1866 1038 1903 p.
1070 1851 1170 1899 256)
1204 1852 1368 1889 Pausau.
1399 1850 1438 1896 1,
1467 1851 1521 1890 38

857 1911 894 1955 §.
921 1911 959 1949 6.
991 1907 1134 1948 Herod.
1161 1908 1241 1955 IX,
1271 1910 1297 1948 7
1328 1906 1394 1943 fin.
1424 1906 1521 1941 Plu-

855 1964 977 2003 tarch.
1008 1964 1260 2002 Themistocl.
1291 1963 1354 2004 15.
1383 1963 1520 2012 Pelop.

858 2025 897 2064 8.
919 2023 1024 2059 Arat.
1043 2025 1120 2062 33:
1143 2034 1241 2073 quae
1255 2033 1304 2057 ex
1323 2026 1431 2070 parte
1442 2020 1520 2055 iam

859 2079 983 2115 attulit
1003 2079 1169 2115 Sinteuis
1189 2090 1278 2127 pag.
1294 2078 1386 2116 103.
1398 2078 1519 2112 Kruse

858 2135 987 2171 Hellas
1001 2136 1039 2182 Ι,
1086 2137 1111 2173 2
1127 2146 1214 2183 pag.
1240 2134 1317 2172 178
1332 2145 1412 2183 seq.
1426 2133 1520 2172 180·

912 2191 1014 2230 ἰδεῖν
1037 2187 1099 2238 δὲ]
1132 2188 1174 2227 δὲ
1220 2188 1321 2224 male
1360 2188 1400 2223 in
1431 2187 1520 2238 qui-

854 2247 1017 2285 busdam
1030 2247 1211 2283 omissum
1227 2245 1366 2282 retinui
1380 2244 1520 2280 melio-

853 2318 942 2342 rum
971 2303 1083 2343 codd.
1123 2303 1363 2349 auctoritate,
1402 2301 1520 2337 item-

855 2375 931 2414 que
952 2360 1041 2398 dedi
1060 2355 1231 2411 μάλιστά
1251 2373 1311 2409 κη
1327 2387 1336 2405 ,
1362 2358 1429 2394 ubi
1458 2358 1520 2394 alii

856 2433 951 2457 κου
981 2418 1042 2455 vel
1070 2431 1183 2456 που.
1233 2416 1298 2452 Tu
1318 2414 1418 2454 conf.
1438 2416 1520 2450 He-

857 2473 939 2512 rod.
967 2476 1025 2520 11,
1068 2473 1135 2515 75.
1175 2472 1247 2519 lv,
1296 2469 1388 2511 174.
1438 2471 1520 2518 v11,

860 2535 929 2572 30.
994 2533 1070 2567 Pro
1125 2523 1408 2578 οἷποθωμοὶζων
1428 2556 1439 2575 ,
1478 2534 1522 2564 ut

861 2601 950 2625 cum
971 2583 1191 2636 Schweigh.
1220 2583 1374 2621 dederat
1391 2584 1522 2630 Gaisf.,

859 2644 1036 2681 revocavi
1079 2636 1400 2692 ἄποθωυμάζων.
1458 2639 1521 2677 Ad

858 2701 1026 2738 formam
1044 2695 1165 2739 ὅτεων
1186 2698 1285 2736 conf.
1297 2696 1432 2735 Matth.
1453 2698 1522 2735 Gr.

861 2759 928 2795 Gr.
961 2758 996 2802 ξ.
1022 2756 1112 2797 153.
1142 2762 1223 2792 not.
1246 2757 1282 2794 1.
1313 2767 1399 2805 pag.
1437 2756 1519 2794 286

861 2821 899 2852 et
919 2812 968 2851 ad
989 2808 1122 2866 πρόκα
1142 2819 1222 2852 not.
1255 2810 1304 2849 ad
1323 2812 1364 2861 1,
1390 2813 1483 2852 111.

1524 889 1573 930 ide
1565 878 1649 930 e[nte
1633 911 1735 944 empus
1771 912 1801 930 x-

1609 945 1683 972 ‚qu1
1656 937 1705 964 uid
1724 936 1761 964 de

1524 970 1561 997 be
1559 941 1605 997 {niel
1633 979 1690 998 ·ne
1693 975 1801 1006 ωροτ-

1526 1007 1574 1032 ten
1579 1003 1666 1032 derit.
