1879 3222
24 1142 91 1188 5⁰

497 195 955 233 CALLIOPE.

1012 197 1029 232 1
1041 196 1093 235 X.
1341 195 1424 235 281

166 304 372 361 στρατιήν
400 302 479 359 τήν
503 302 776 358 Ἑλληνικὴν,
813 302 1156 356 ἐσακοντίζοντές
1181 320 1226 348 τε
1254 305 1326 349 καὶ
1355 304 1424 348 {6-

163 373 432 425 τοξεύοντες,
465 369 572 413 ὥστε
602 368 882 422 ἱπποτοξόται
909 387 953 414 τε
985 371 1147 425 ἐόντες,
1189 376 1261 417 καὶ
1289 383 1423 428 προσ-

162 442 375 496 φέρεσθαι
405 437 586 491 α’ποροι·
627 438 707 494 τήν
745 455 790 482 τε
826 437 994 495 κρήνην
1037 440 1118 497 τήν
1150 442 1422 497 Γαργαφίην,

162 507 243 552 ἀπ’
279 505 330 562 ἧς
367 505 577 560 υδρεύετο
607 510 696 549 πᾶν
724 505 773 549 τὸ
808 505 1051 562 στράτευμα
1089 508 1137 551 τὸ
1163 508 1426 565 Ἑλληνικὸν,
1437 515 1482 551 86

132 572 400 628 4συνετάραξ
405 591 458 617 αν
497 574 571 618 καὶ
615 575 876 630 συνέχωσαν

945 570 1059 631 ἦσαν
1094 576 1174 630 μὲν
1213 580 1276 619 ὠν
1320 577 1430 620 κατὰ

158 642 237 698 τὴν
265 640 435 698 κρήνην
456 642 794 697 Λακεδαιμόνιοι
812 643 1063 698 τεταγμένοι
1094 646 1283 698 μοῦνοι·
1312 650 1427 689 τοῖσι

156 710 203 754 δὲ
234 709 402 753 ἄλλοισι
419 709 595 767 Ἕλλησι
631 710 658 766 ἡ
688 710 768 765 μὲν
796 709 934 766 κρήνη
963 709 1114 764 πρόσω
1145 711 1335 766 ἐγίνετο,
1366 713 1428 764 ὦς

155 777 330 822 ἕκαστοι
370 778 521 834 ἔτυχον
566 779 836 834 τεταγμένοι,
888 777 911 822 ὁ
961 778 1006 822 δὲ
1047 778 1239 830 Ἀσωπὸς
1270 778 1422 834 ἀγχοῦ.

126 846 415 902 δέρυκόμενοι
455 847 501 889 δὲ
533 845 618 890 οἷπὸ
648 850 727 890 τοῦ
752 846 975 900 Ἀσωποῦ,
1015 847 1130 890 οὕτω
1161 845 1213 903 δή
1245 846 1315 890 ἐπὶ
1343 846 1480 903 τήν9ο

153 914 322 971 κρήνην
362 914 584 970 ἐφοίτεον·
627 913 713 958 οἷπὸ
754 918 834 959 τοῦ
870 918 1069 970 ποταμοῦ
1106 913 1190 970 γάρ
1231 925 1311 971 σφι
1342 913 1424 959 οὐκ

153 983 252 1038 ἐξῆν
281 983 401 1036 ὕδωρ
433 983 695 1038 φορέεσθαι,
732 980 822 1027 ὑπό
851 998 896 1026 τε
924 987 1014 1026 τῶν
1055 983 1221 1027 ἱππέων
1249 983 1323 1028 καὶ
1351 1000 1422 1028 το-

152 1050 390 1106 ξευμοὲτων.

269 1138 439 1183 Τούτου
470 1139 515 1183 δὲ
544 1137 754 1182 τοιούτου
783 1137 1037 1194 γινομένου,
1078 1141 1122 1184 οἱ
1150 1143 1239 1184 τῶν
1265 1140 1418 1197 Ἑλλή-

152 1223 244 1250 νων
274 1208 522 1263 στρατηγοὶ,
562 1206 633 1251 ἅτε
662 1210 741 1251 τοῦ
775 1223 819 1250 τε
848 1206 1010 1258 ὕδατος
1039 1210 1315 1266 στερηθείσης
1343 1226 1419 1265 της
1431 1216 1474 1250 91>

151 1278 381 1331 στρατιῆς,
410 1276 483 1320 καὶ
512 1273 598 1320 ὑπὸ
627 1291 703 1332 της
732 1276 868 1319 ἵππου
900 1276 1250 1333 ταρασσομένης,
1293 1290 1420 1321 συνε-

98 1507 167 1544 pro
205 1492 395 1533 ἐσίνοντο.
453 1491 538 1531 vid.
580 1493 656 1540 IX,
710 1495 760 1533 13

98 1552 226 1602 ibique
239 1558 335 1588 nott.
351 1572 402 1577 -
422 1552 515 1586 Mox
527 1563 614 1586 cum
625 1548 759 1587 Matth.

98 1613 136 1644 et
167 1606 293 1644 Bekk.
324 1614 473 1644 secutus
506 1620 590 1643 sum
612 1605 760 1643 Sohae-

96 1663 242 1712 ferum,
266 1665 330 1715 qui
351 1678 371 1700 e
393 1663 541 1700 duobus
556 1662 666 1699 codd.
689 1662 758 1699 de-

97 1719 151 1757 dit
182 1716 474 1768 ἐστοξεύοντες,
515 1720 580 1756 ubi
621 1719 759 1771 reliqui

98 1773 334 1824 τοξεύοντες.
393 1778 479 1813 Vox
500 1773 757 1824 ἱπποτοξόται

98 1834 209 1870 obvia
238 1835 312 1882 IV,
353 1832 421 1874 46.
486 1831 690 1869 Medorum
722 1838 759 1869 et

97 1888 400 1941 Parthyaeorum
487 1885 757 1937 ἱπποτοξόται,

96 1953 254 1982 notante
274 1946 546 1995 WVessdingio,
559 1945 661 1996 apud
673 1947 758 1996 Ap-

96 2003 200 2053 pian.
221 2003 269 2038 B.
301 2003 382 2039 Civ.
411 2002 477 2039 IV.
511 2002 597 2050 [59.
619 2003 701 2050 88]
719 2016 758 2052 p.

100 2061 205 2099 1001
253 2064 290 2094 et
330 2057 434 2098 1024
487 2066 523 2094 et
563 2057 756 2094 Plutarch.

98 2115 217 2151 Crass.
237 2127 326 2165 pag.
350 2114 430 2153 558
452 2115 498 2154 Β.
515 2113 588 2165 [cp-
605 2112 669 2154 24-
683 2114 754 2162 25]

96 2172 283 2208 Dicuntur
303 2177 431 2206 autem
456 2171 510 2206 illi
538 2168 757 2221 προσφέρε-

97 2231 198 2267 σθαι
222 2224 366 2279 ἅποροι
396 2227 421 2262 i.
444 2240 478 2263 e.
511 2227 561 2264 ad
581 2240 665 2276 quos
684 2226 757 2276 ‹lif-

87 2285 233 2335 ficulter
292 2283 440 2321 accedas
465 2312 474 2331 ,
554 2284 758 2333 quibuscum

98 2341 248 2390 dzffz'cile
290 2344 339 2377 est
382 2339 432 2376 ad
466 2352 590 2377 manus
625 2342 756 2378 venire.

97 2397 209 2434 Conf.
230 2398 301 2445 IV,
324 2395 378 2437 46
398 2396 526 2449 ibique
546 2403 643 2434 nott.

155 2450 312 2503 κρήνην
361 2449 436 2503 τὴν
487 2452 754 2505 Γαργαφίην]

98 2510 209 2547 Conf.
230 2511 299 2557 lx,
321 2508 374 2549 25
393 2510 521 2561 ibique
537 2517 632 2547 nott.
659 2510 757 2547 Ver-

97 2568 191 2604 bum
213 2568 387 2618 συγχοῦν
412 2567 452 2602 in
486 2579 591 2618 seqq.
612 2569 757 2617 reperi-

99 2629 159 2659 tur
183 2636 336 2675 quoque
366 2623 440 2670 IV,
471 2625 564 2662 120.
590 2621 669 2664 140
689 2637 758 2660 ea-

101 2678 188 2717 dem
209 2678 412 2720 obruendis.
425 2679 625 2717 obstruenda·
639 2680 758 2731 signi-

101 2735 293 2783 ficatione,
335 2735 410 2788 qu&
440 2736 645 2774 Pausanias
688 2739 758 2784 lx,

103 2789 128 2830 4
149 2794 184 2838 §.
204 2796 231 2837 2
250 2800 286 2830 et
303 2794 355 2843 X‚·
379 2795 427 2834 18
451 2794 489 2840 §.
515 2795 539 2833 2
560 2792 649 2833 dicit
669 2805 758 2848 συγ-

817 1492 932 1546 χέειν.
973 1514 1023 1522 —-
1060 1492 1289 1546 τεταγμένοι
1330 1496 1477 1546 μοῦνοι

817 1553 904 1601 (pro
921 1552 1064 1602 μοῦνοι
1087 1549 1328 1603 τεταγμένοι)
1351 1565 1371 1587 e
1386 1553 1477 1589 Flo-

817 1609 968 1645 rentino
991 1609 1148 1658 aliisque
1171 1615 1368 1657 receptum
1391 1615 1456 1645 est.

870 1668 972 1703 τοῖσι
1003 1661 1045 1702 δὲ
1076 1661 1228 1703 ἄλλοισι
1239 1660 1414 1714 ’Ἕλλησι
1436 1679 1474 1706 κ.

813 1735 846 1759 τ.
868 1719 924 1771 L]
955 1721 1031 1756 Pro
1055 1719 1228 1773 ἐγένετο,
1267 1720 1371 1773 quod
1392 1728 1476 1771 post

813 1776 1065 1815 Schaeferum
1116 1778 1270 1814 retinuit
1326 1776 1475 1826 Matth„

814 1833 993 1886 equidem
1013 1846 1102 1870 cum
1122 1835 1275 1886 reliquis
1295 1833 1381 1870 dedi
1398 1833 1472 1883 ἐγί-

813 1905 925 1939 νετο,
953 1891 1108 1927 iubente
1134 1891 1352 1927 Florentino
1373 1891 1475 1927 aliis-

814 1961 902 1999 que.
933 1948 1075 1985 Sensus
1097 1954 1172 1984 est:
1197 1948 1333 1999 reliqui
1356 1948 1475 1984 Grae-

815 2005 872 2052 ci,
902 2011 1015 2054 prout
1045 2005 1186 2055 quique
1222 2006 1262 2040 in
1283 2005 1362 2040 acie
1393 2005 1474 2041 col-

814 2061 927 2096 locati
952 2067 1078 2106 erant,
1114 2061 1261 2096 fontem
1281 2059 1474 2098 habebant

811 2117 957 2167 procul,
981 2115 1048 2153 sed
1063 2116 1235 2166 Asopum
1252 2118 1292 2152 in
1317 2118 1476 2167 propin-

814 2185 915 2224 qu03
959 2186 979 2208 e
1019 2184 1095 2224 quo
1135 2185 1224 2209 cum
1259 2180 1476 2210 arcerentur

815 2231 881 2278 (ne
918 2230 997 2266 scil.
1029 2241 1170 2280 aquam
1203 2228 1356 2267 haurire
1384 2243 1475 2280 pos-

812 2286 936 2335 sent),
967 2288 1018 2322 ita
1040 2287 1119 2322 iam
1142 2285 1190 2323 ad
1216 2285 1474 2337 Gargaphiam

812 2343 961 2380 fontem
999 2351 1237 2380 accesserunt
1279 2350 1473 2395 aquatum.

813 2422 868 2428 —
886 2402 943 2436 De
962 2401 1152 2450 particulis
1178 2396 1282 2440 οὕτω
1299 2397 1348 2452 δὴ
1369 2401 1472 2439 conf.

811 2463 908 2497 nott.
931 2456 979 2494 ad
998 2458 1074 2504 IX,
1099 2460 1136 2498 6.

1055 2547 1149 2597 Cap.
1178 2548 1223 2584 L.

877 2619 1029 2663 Τούτου
1050 2621 1093 2663 δὲ
1110 2621 1292 2665 τοιούτου
1314 2623 1471 2679 γινομέ-

815 2680 907 2729 νου]
941 2679 1088 2717 Eadem
1119 2683 1258 2720 locutio
1289 2683 1341 2730 V,
1380 2684 1471 2723 109.

814 2738 871 2775 Ao
891 2738 1005 2788 paulo
1035 2745 1118 2789 post
1160 2736 1311 2779 τούτων
1336 2733 1472 2779 τοιού-

815 2809 894 2833 των
913 2790 1074 2835 ἐόντων.

1477 434 1559 474 716

1475 1138 1582 1173 ltaque
1611 1139 1737 1166 Graecis

1475 1177 1506 1199 et
1524 1181 1603 1208 aqua
1627 1176 1657 1200 et
1675 1182 1751 1235 cgm

1476 1207 1648 1276 323521250
1675 1208 1691 1234 ³
1721 1209 1734 1242 ³
