1879 3222
471 209 936 247 CALLIOPE.

998 211 1076 249 IX.
1323 208 1407 250 3⁸13

154 318 411 376 συγγνόντες
444 317 612 370 Πέρσαι
642 318 812 372 οἴχοντο
843 316 1117 370 ἀποστάντες,
1148 316 1408 370 ἑσσωθέντες

153 393 206 444 τῇ
245 386 391 443 γνώμῃ
438 383 548 439 πρὸς
567 384 725 440 Κύρου
746 399 756 408 ·
796 383 942 439 ἄρχειν
970 402 1014 428 τε
1044 388 1207 430 εἴλοντο
1238 385 1410 441 λυπρὴν

154 455 365 504 οἰκέοντες
403 457 589 509 μᾶλλον,
645 453 675 510 ἢ
724 452 908 497 πεδιάδα
948 455 1194 510 σπείροντες
1240 452 1410 498 ἄλλοισι

152 521 385 567 δουλεύειν.

149 714 282 767 ἄρχειν
323 729 364 755 τε
401 715 551 755 εἵλοντο
592 713 750 767 λυπρήν

94 773 287 818 οἰκέοντες
306 794 362 799 —
385 770 618 822 δουλεύειν]
659 776 682 811 ἰ.
714 788 746 810 e.

91 833 261 879 imperare
295 829 491 866 maluerunt
529 834 661 868 tenuem
692 834 746 867 ἰἠ-

91 887 236 923 colentes
275 889 426 934 terram,
472 899 574 935 quam
608 900 746 936 campe-

90 946 191 980 strem
217 942 441 992 fertilemque
473 945 620 979 colentes
661 944 745 980 aliis

89 1001 226 1037 servire.
257 1000 401 1035 Vocem
420 995 575 1049 λυπρήν
596 997 642 1035 de
663 1001 743 1036 solo

89 1056 220 1105 gracili
258 1068 302 1092 ac
334 1057 439 1091 tenui
468 1057 603 1091 Noster
632 1054 743 1091 adhi-

89 1114 181 1159 buit,
201 1118 243 1148 ut
263 1113 418 1149 Homer.
445 1110 513 1150 Od.
543 1111 742 1159 X111,345

90 1168 137 1205 de
156 1167 297 1206 Ithaca.
321 1192 370 1198 —
402 1170 492 1204 Post
517 1167 609 1205 haec
627 1169 744 1204 verba

87 1226 125 1261 in
142 1226 249 1262 nullo
269 1231 453 1276 quantum
469 1226 545 1261 scio
560 1224 744 1261 Herodoti

87 1281 219 1319 codice
241 1281 450 1333 quidquam
467 1283 627 1332 amplius
647 1283 744 1331 legi-

88 1345 148 1374 tur
165 1339 321 1389 ipseque
343 1338 426 1375 finis
445 1337 685 1374 historiarum
704 1340 743 1374 in

88 1394 316 1446 quibusdam
370 1394 561 1431 codicibus
607 1394 743 1432 diserte

87 1451 296 1488 indicatur:
350 1458 394 1487 ut
430 1464 521 1487 sane
557 1452 662 1487 nulla
698 1453 744 1488 sit

88 1521 218 1555 rausa,
246 1520 315 1544 cur
343 1508 535 1557 epilogum
551 1507 744 1559 quendam

86 1566 268 1602 interiisse
293 1565 550 1601 existiinemus
572 1577 744 1615 praeser—

88 1623 154 1657 tim
177 1634 265 1658 cum
286 1620 470 1657 Herodoti
498 1623 662 1658 narratio
684 1634 741 1668 eo,

84 1677 189 1715 unde
209 1690 343 1714 exorsa
358 1683 448 1725 erat,
471 1675 532 1713 hic
553 1678 661 1728 quasi
678 1690 741 1712 re-

86 1735 165 1771 dire
194 1733 390 1783 videatur,
436 1735 592 1771 consilio
627 1734 740 1771 totius

85 1793 208 1842 operis
239 1792 411 1842 expleto:
454 1804 570 1842 quam
598 1792 636 1827 in
658 1804 741 1828 rem

86 1850 235 1897 longior
255 1848 302 1884 ad
329 1847 368 1885 h.
388 1848 414 1884 l.
437 1855 558 1884 exstat
579 1854 741 1884 annota—

89 1907 137 1942 tio
158 1903 363 1954 Schoellii,
400 1906 595 1943 vernaculi
624 1906 742 1941 inter-

804 716 942 766 pretis:
983 714 1102 751 immo
1120 712 1216 751 mihi
1235 712 1380 752 dudum
1393 716 1464 752 ob·-

806 780 885 809 orta
905 779 959 809 est
980 773 1155 821 suspicio,
1187 784 1230 808 ea
1249 772 1341 822 ipsa,
1365 785 1463 823 quae

805 843 888 880 cap.
920 831 995 869 122
1016 835 1183 875 exstant,
1213 830 1273 865 vel
1292 829 1464 865 aGram-

803 887 942 922 matioo
961 884 1130 936 quodam
1147 884 1371 922 Herodoteis
1392 884 1462 922 ad-

802 951 885 979 suta
921 942 980 979 vel
1013 943 1058 978 ab
1085 943 1165 992 ipso
1185 941 1379 979 Herodoto
1400 955 1463 978 re·-

800 1000 888 1036 licta
912 1012 990 1035 esse
1012 999 1234 1048 imperfecta
1254 1006 1376 1036 morte
1387 999 1463 1036 sci-

800 1056 889 1093 licet
921 1068 1099 1105 oppresso
1131 1062 1244 1107 atque
1263 1055 1460 1106 impedito,

802 1125 877 1164 quo
904 1113 1030 1148 minus
1060 1112 1236 1148 ultimam
1264 1111 1367 1149 hisce
1389 1111 1461 1148 ad-

800 1176 972 1206 moveret
998 1181 1173 1206 manum.
1232 1169 1460 1207 Commovet

800 1239 863 1262 me
890 1226 1015 1275 ipsum
1049 1232 1339 1275 argumentum,
1378 1227 1458 1277 ipsa

802 1283 944 1329 oratio,
989 1295 1087 1333 quae
1116 1283 1244 1319 nescio
1267 1282 1359 1334 quid
1385 1281 1458 1319 ha-

801 1340 864 1375 bet
894 1339 1116 1375 insolentius
1148 1351 1192 1375 ac
1219 1338 1367 1387 durius,
1398 1340 1459 1376 vi-

801 1395 939 1431 dentur
976 1396 1184 1431 sententiae
1218 1397 1458 1445 grammatici

800 1451 922 1488 seduli
966 1451 1080 1501 opera}
1121 1453 1282 1488 aliorum
1319 1453 1458 1503 scri-pta

802 1509 1040 1558 compilantis
1086 1509 1209 1558 potius
1254 1516 1456 1559 congestae

801 1578 917 1616 quam
936 1578 984 1600 ex
998 1564 1181 1601 Herodoti
1198 1566 1351 1615 ingenio
1365 1579 1456 1616 pro-

799 1622 908 1659 latae.
928 1620 1005 1657 Sed
1018 1622 1154 1657 cumin
1167 1620 1456 1659 hisceH'srodoti

800 1678 901 1714 libris
914 1676 1017 1714 haud
1040 1690 1161 1727 pauca
1182 1686 1331 1715 exstent
1343 1691 1455 1715 men-

799 1732 858 1782 da,
891 1747 987 1786 quae
1019 1735 1131 1770 libros
1161 1735 1269 1771 nobis
1289 1743 1453 1772 servatos

797 1792 1019 1842 antiquitate
1030 1799 1282 1841 praevortant,
1300 1791 1338 1829 h.
1356 1805 1454 1844 quo—

799 1861 873 1900 que
893 1849 977 1884 loco
998 1849 1089 1884 certi
1116 1847 1208 1899 quid
1229 1851 1454 1885 constituere

797 1904 909 1943 valde
928 1905 1120 1941 lubricum
1140 1912 1254 1957 atque
1274 1918 1425 1957 anceps.

303 2122 505 2170 ‘lIPOAo
514 2131 587 2170 TO
599 2131 632 2170 Γ
672 2123 978 2168 ἸΣΤΟΡΙΩΝ
1005 2125 1133 2168 ἘΝΑ
1142 2128 1232 2168 TH.
