1879 3222
533 184 988 221 CALLIOPE.
1046 185 1127 223 IX.
1364 184 1448 225 267

1503 290 1569 324 Quo
1583 290 1681 324 facto,
1699 298 1777 317 com-

1502 328 1619 351 meatus
1645 324 1777 350 Graeco-

60 299 125 344 39
192 296 249 346 ὥς
287 292 586 348 ἀπολάμψοιτο
620 292 819 347 συχνούς.
870 289 1050 348 Ἡμέραι
1081 293 1127 336 δέ
1158 302 1238 347 σφι
1269 288 1446 335 ἀντικα-

189 362 410 419 τημένοισι
439 360 523 416 ἤδη
553 358 808 416 ἐγεγόνεσαν
838 358 964 411 ὀκτώ,
1012 359 1083 403 ὅτε
1111 362 1251 403 ταῦτα
1279 360 1446 412 ἐκεῖνος

1503 366 1570 386 rum
1578 357 1779 393 intercipitur.
1803 382 1807 385 Α

163 427 482 486 Ξσυνεβούλευε
503 428 760 484 Μαρδονίῳ.

819 425 843 470 ὁ
886 427 931 470 δὲ
958 427 1125 482 μαθών
1146 427 1225 484 τὴν
1247 429 1450 483 παραίνε-

192 510 262 542 σιν
298 493 348 540 εὐ
393 495 606 551 ἔχουσαν,
652 494 708 546 ὡς
748 493 944 551 εὐφρόνη
973 495 1161 550 ἐγένετο,
1190 495 1477 553 πέμπειτὴνΙ

191 567 326 608 ἵππον
362 563 405 615 ἐς
450 562 527 614 τάς
570 562 755 619 ἐκβολάς
790 562 867 614 τάς
903 564 1257 618 Κιθαιρωνίδας,
1302 568 1346 607 αι
1382 564 1452 608 ἐπὶ

193 631 447 675 Πλαταιέων
479 631 666 687 φέρουσι
679 648 689 658 ·
719 631 796 682 τοὶς

191 698 270 750 λάς
299 699 517 748 καλέουσι,
552 697 777 756 Ἀθηναῖοι
807 701 854 744 δὲ
881 700 1032 754 Δρυός
1071 695 1290 753 Κεφαλάς.

825 632 1013 674 Βοιωτοὶ
1035 631 1114 686 μὲν
1146 635 1274 684 Τρεῖς
1303 634 1453 686 Κεφα-

1347 713 1453 754 πεμ-

161 767 378 823 Βφθέντες
409 769 454 811 δὲ
485 769 528 811 οἱ
549 769 746 822 ἱππόται,
785 767 838 811 οὐ
873 767 1015 824 μάτην
1045 765 1269 810 ἀπίκοντο.
1299 765 1481 822 ἐσβάλ-’5

190 840 326 880 λοντα
366 837 451 892 γάρ
492 836 533 887 ἐς
560 835 609 880 τὸ
645 838 795 880 πεδίον

833 835 1109 893 λαμβάνουσι
1151 832 1366 891 ὑποζύγιά
1409 850 1455 878 τε

192 905 475 959 πεντακόσια,
505 906 620 948 σιτία
650 903 813 961 ἄγοντα
843 903 928 949 άπὸ
958 902 1306 961 Πελοποννήσου
1333 902 1377 954 ἐς
1404 901 1453 946 τό

135 1129 209 1184 τήν
233 1129 351 1172 πόλιν
370 1135 485 1171 urbem
509 1136 669 1184 recipere.
713 1136 793 1172 Ne-

137 1203 212 1242 que
243 1188 319 1227 huc
347 1203 425 1227 non
456 1192 543 1228 facit
563 1191 659 1229 illud
692 1188 794 1231 οἷπο-

135 1245 386 1297 λαμφθέντες
426 1249 602 1298 conclusi,
649 1250 792 1298 inclusi,

135 1304 334 1353 intercepti:
353 1303 399 1340 de
420 1317 496 1355 quo
513 1305 590 1343 vid.
612 1307 710 1353 VIII,
727 1309 793 1346 10.

139 1362 205 1399 11·
227 1362 295 1400 76·
318 1362 383 1401 97.
406 1362 449 1405 V,
474 1364 565 1402 100.
599 1385 649 1390 -——
683 1361 795 1407 Quod

134 1417 308 1466 proxime
325 1417 514 1454 antecedit
536 1417 610 1457 αιέὶ
629 1414 704 1457 02ch
717 1420 797 1457 πᾶ-

137 1484 210 1511 σαν
235 1470 390 1524 ’ἡμέρην
421 1475 546 1512 attulit
576 1477 723 1526 Baquet
748 1474 797 1512 ad

134 1531 247 1567 Dion.
299 1528 490 1581 Chrysost.
542 1532 711 1582 Specim.
756 1545 795 1583 p.

136 1587 189 1627 66
209 1587 329 1623 multa
350 1586 397 1624 de
427 1588 496 1624 ista
525 1590 703 1627 orationis
727 1589 798 1627 ab-

135 1641 321 1680 undantia
341 1645 521 1682 excitans.

317 1767 410 1819 cap.
430 1769 617 1806 XXXIX.

183 1866 361 1936 Ἠμὲραι
380 1868 422 1909 δέ
438 1881 510 1921 σφι
535 1865 797 1923 οἷντικατημέ-

140 1937 245 1963 νοισι
285 1922 364 1976 ἤδη
401 1924 631 1979 ἐγεγόνεσαν
671 1924 795 1977 ὅκτω]

139 1980 288 2017 Eadem
314 1983 454 2019 locutio
484 1986 553 2032 IX,
575 1985 643 2025 41.
672 1986 798 2022 Parti-

141 2038 230 2087 cipii
257 2051 370 2075 usum
397 2040 437 2075 in
455 2041 591 2078 talibus
623 2043 730 2091 attigi
750 2041 799 2078 ad

141 2095 210 2142 IX,
236 2096 299 2134 10.
322 2116 372 2124 -
403 2097 462 2132 De
481 2109 575 2134 voce
595 2093 800 2150 εὐφρόνης

142 2149 220 2189 vid.
241 2151 321 2197 VII,
347 2154 412 2193 12.

200 2207 244 2247 αι
264 2206 328 2247 ἐπὶ
358 2207 591 2249 Πλαταιέων
617 2208 799 2263 φέρουσι]

142 2266 168 2304 i.
191 2279 224 2302 e.
256 2277 344 2315 quae
376 2265 547 2304 Plataeas
575 2279 697 2304 versus
729 2267 802 2304 du—

144 2325 240 2359 cunt.
298 2317 434 2370 Δρυός
471 2322 655 2372 Κεφαλαὶ
676 2326 805 2374 ιεαριῖοι

146 2391 291 2430 quercus
346 2380 594 2417 inveniuntur
650 2393 804 2433 quoque

146 2434 249 2486 apud
278 2433 496 2475 Philostrat.
534 2439 641 2475 Icon.
669 2439 717 2486 Π,
751 2441 802 2479 19

145 2493 225 2539 fin.‚
249 2493 325 2544 qui,
346 2500 530 2531 monente
549 2495 693 2532 Iacobs.
714 2507 802 2545 pag.

147 2550 242 2594 512,
268 2556 441 2586 nostrum
471 2551 600 2589 loctun
627 2554 803 2601 respexit,

148 2613 186 2642 et
205 2605 471 2659 Thucyd.‘111‚
493 2605 546 2647 24
571 2614 666 2645 teste
685 2609 805 2645 Wes-

150 2663 328 2713 selingio‚
361 2665 427 2716 qui
455 2665 612 2701 alteram
635 2666 805 2715 appella-

149 2720 294 2756 tionem
313 2734 353 2757 se
373 2734 545 2773 unquam
568 2722 701 2771 legisse
733 2736 806 2758 ne-

154 2782 230 2825 gat.
284 2779 363 2816 Neo
385 2777 487 2829 mihi
518 2778 729 2832 quidquam
747 2779 804 2816 in-

849 1135 986 1172 notuit.
1044 1136 1101 1171 De
1129 1132 1187 1171 his
1206 1145 1295 1171 vero
1326 1132 1513 1179 faucibus,

852 1192 988 1244 quibus
1014 1192 1139 1229 Trium
1161 1192 1318 1241 capitum
1338 1203 1365 1226 s.
1395 1189 1513 1231 Quer-

852 1262 914 1285 cus
936 1251 1089 1298 capitum
1108 1260 1265 1295 nomen,
1282 1247 1512 1283 Pausaniam

850 1306 920 1352 IX,
942 1308 967 1345 2
990 1307 1026 1350 ξ.
1050 1307 1075 1343 2
1096 1305 1278 1355 cogitasse
1295 1309 1400 1354 putat
1411 1304 1515 1338 Kru-

851 1375 892 1399 se
918 1362 1017 1398 Heli.
1042 1362 1089 1407 11,
1126 1334 1166 1401 10
1174 1374 1212 1410 p.
1236 1360 1426 1410 42lseq„
1448 1359 1515 1395 ubi

851 1433 926 1468 την
948 1414 1160 1468 λεωφόρον
1179 1413 1313 1466 (ὁδὸν)
1338 1415 1516 1466 appellat,

853 1487 952 1526 quae
982 1487 1087 1511 nunc
1106 1480 1265 1511 vocetur
1283 1469 1420 1524 ε’τρατη
1442 1474 1517 1511 τοῦ

853 1533 1017 1582 Βίζιρις.
1095 1528 1277 1566 Esceudit
1317 1530 1422 1565 euim
1461 1529 1515 1566 ibi

853 1589 916 1626 via
926 1590 966 1624 in
982 1588 1182 1638 obliquum
1194 1585 1306 1623 ducta
1322 1599 1390 1636 per
1399 1598 1517 1621 mon-

851 1652 933 1682 tem
951 1643 1163 1688 horridum,
1195 1655 1316 1693 eaque
1336 1643 1517 1693 primaria

853 1702 947 1738 olim
966 1702 1027 1739 via
1046 1701 1117 1737 fuit
1139 1713 1160 1736 e
1178 1700 1446 1750 Peloponneso
1475 1699 1518 1735 in

851 1759 1053 1795 Boeotiam
1072 1757 1409 1808 proficiscentibus.
1438 1756 1518 1792 Ita..

854 1828 929 1867 que
969 1813 1217 1865 cogitandum
1254 1813 1323 1849 erit
1358 1811 1405 1849 de
1434 1813 1518 1862 ipso

851 1873 992 1909 montis
1031 1870 1266 1908 Cithaeronis
1295 1870 1386 1918 iugo
1424 1881 1518 1919 pro-

852 1929 1017 1965 minenti
1054 1941 1178 1980 eoque
1226 1926 1422 1977 praecipiti
1471 1938 1517 1962 ac

855 1985 1004 2032 declivi,
1035 1999 1103 2036 per
1137 1983 1241 2036 quod
1271 1984 1333 2021 via
1365 1995 1517 2019 sursum

854 2041 1035 2078 tendebat
1060 2042 1256 2078 obtectum
1287 2039 1517 2092 quercubus,

856 2097 960 2134 unde
990 2098 1076 2134 loco
1108 2109 1265 2133 nomeu.
1327 2096 1426 2140 Quin
1448 2094 1519 2132 acl-

857 2152 933 2191 huc
953 2154 1035 2190 illas
1059 2152 1293 2191 Cithaeronis
1320 2151 1519 2189 declivita-

857 2218 914 2248 tes
951 2211 1050 2262 pinis
1093 2217 1130 2247 et
1169 2209 1396 2261 quercubus,
1438 2209 1520 2245 aliis

862 2266 1049 2304 eiusmodi
1107 2267 1304 2303 arboribus
1359 2267 1521 2303 consitas

860 2338 940 2362 esse
984 2325 1285 2375 peregrinatores
1333 2328 1519 2360 asserunt.

860 2381 923 2418 Ad
979 2380 1218 2418 occidentem
1274 2380 1521 2417 Plataearum

860 2437 964 2475 hunc
1000 2439 1129 2475 locum
1158 2435 1342 2474 iudicarat
1380 2436 1520 2473 Barbie

859 2496 899 2533 iu
913 2508 1054 2546 mappa
1075 2492 1352 2546 geographica3
1383 2493 1521 2530 rectius

860 2566 949 2590 saue
990 2553 1076 2588 Gail
1115 2551 1163 2588 ad
1197 2551 1383 2587 orientem
1422 2551 1520 2586 inter

860 2607 1084 2646 Eleutheras
1153 2614 1266 2659 atque
1322 2605 1519 2658 Erythras.

860 2665 948 2703 vid.
982 2665 1022 2702 C.
1044 2665 1087 2701 O.
1113 2665 1261 2702 Miiller.
1289 2662 1520 2704 Orchomen,

861 2737 899 2774 p.
922 2721 1016 2762 488.
1038 2720 1135 2762 489.
1181 2719 1363 2774 Thucyd.
1385 2723 1414 2771 1,
1439 2724 1465 2761 2
1484 2734 1524 2772 p.

862 2781 945 2821 280
964 2779 1112 2831 Poppo.
