1879 3222
501 172 960 209 CALLIOPE.
1016 172 1097 209 IX.
1343 172 1425 212 337

1489 275 1645 315 Digressu»
1659 279 1695 307 de
1704 278 1762 305 Eu-

1487 318 1554 342 enio
1566 314 1762 350 Apolloniam.

1484 348 1577 376 Sacra
1613 348 1676 375 soti
1712 354 1763 382 pe-

1485 391 1557 410 cora
1577 383 1760 417 Apolloniae·

46 288 112 332 93
287 286 377 326 Τοῦ
409 281 486 324 τὸν
513 279 676 335 πατέρα
692 279 896 335 κατέλαβε
917 280 1119 337 Εὐήνιον
1138 285 1316 338 πρῆγμα
1344 298 1430 325 τοι-

172 348 285 393 όνδε.
332 350 454 392 ’Ἐστι
482 348 528 392 ἐν
558 352 609 404 τῇ
628 347 885 403 Ἀπολλωνίῃ
907 348 1039 405 ταύτῃ
1063 350 1136 402 ἱροὶ
1166 349 1293 406 ἡλίου
1324 349 1427 405 πρό-

169 421 293 474 βατα,
323 416 374 460 τὰ
402 417 478 468 τὰς
506 417 585 474 μὲν
602 416 764 474 ἡμέρας
781 414 980 472 βόσκεται
1012 419 1128 473 παρὰ
1142 417 1353 475 ποταμὸν,
1379 418 1427 471 ὃς
1440 424 1483 459 50

111 615 258 654 adiecto
276 611 413 651 videsis
422 610 556 650 Matth.
572 613 637 649 Gr.
651 613 716 650 Gr.
732 614 769 658 ξ.

110 672 187 713 431
202 686 238 722 p.
254 672 347 711 802.
383 668 621 705 Herodotum
644 671 770 723 sequi-

110 736 171 765 tur
182 730 346 766 Pausan.
364 726 541 774 V1,14§.
556 727 580 767 5
595 733 630 763 et
647 728 692 775 V,
715 730 769 767 22

109 786 146 831 §.
158 787 205 833 23
226 785 290 836 qui
301 783 407 820 idem
418 782 555 820 adiecit
565 786 636 833 τῆς
649 783 689 823 ἒν
701 778 768 822 'lo-

106 842 181 895 νίῳ
194 839 342 895 κόλπῳ,
355 841 540 889 consulto,
551 847 592 876 ut
605 840 766 888 videtur,

106 910 184 949 quo
224 896 364 934 haecce
402 898 490 934 urbs
506 925 518 943 ,
574 895 622 933 ad
661 910 766 934 mare

104 954 343 991 Adriaticum
373 955 441 991 sita
479 954 525 989 ab
555 954 634 990 aliis
665 955 766 991 eius-

107 1010 193 1047 dem
216 1012 379 1048 nominis
390 1011 544 1047 urbibus
556 1009 767 1060 distingue-

104 1075 208 1105 retur
257 1069 526 1119 compluribus,
595 1066 767 1104 Corinthi

106 1125 177 1162 suit
210 1126 379 1173 colonia,
414 1131 507 1162 teste
535 1121 766 1175 Thucydide

104 1182 144 1228 1,
184 1184 258 1229 26,
306 1188 451 1218 remota
483 1179 618 1217 decem
647 1180 767 1218 stadia

107 1238 153 1274 ab
174 1239 257 1275 Aoo
286 1238 427 1287 fluvio,
458 1239 656 1287 sexaginta
685 1238 766 1274 fere

105 1293 225 1331 stadia
247 1307 266 1331 a
289 1296 397 1343 mari,
419 1302 462 1331 ut
482 1295 607 1345 prodit
628 1295 765 1331 Strabo

107 1351 191 1398 (VII
219 1364 308 1402 pag.
337 1354 416 1392 316
448 1365 476 1388 s.
497 1351 577 1392 486
600 1353 644 1387 Β.
678 1352 765 1389 coll.

104 1408 219 1444 Dion.
242 1410 341 1446 Cass.
359 1410 460 1455 XLI⁷
483 1406 557 1455 45)
571 1408 655 1444 loco
676 1421 766 1458 per-

106 1476 221 1515 quam
252 1471 488 1514 opportuno:
523 1462 626 1500 unde
654 1465 766 1501 Cice-

104 1521 207 1557 ronis
240 1522 325 1557 tulit
355 1520 485 1557 landes
524 1521 562 1556 in
596 1519 762 1572 Philipp.

103 1578 180 1624 XI,
207 1580 278 1625 113
305 1579 396 1629 quin
417 1577 547 1614 studiis
568 1578 764 1614 literarum

103 1635 268 1670 multum
300 1633 455 1684 posthac
486 1634 624 1671 floruit.
677 1634 762 1671 vid.

103 1690 364 1727 Cellar.N0tit.
386 1692 433 1738 II,
458 1693 507 1731 13
529 1703 616 1740 pag.
643 1693 761 1732 1026.

101 1747 278 1783 Mannert
299 1748 366 1785 VII
386 1760 474 1798 pag.
497 1748 591 1788 399.
626 1748 760 1798 Poppo

102 1804 142 1846 I,
164 1806 189 1842 2
210 1817 296 1854 pag.
324 1806 411 1845 128,
451 1805 700 1856 Pouqueville
720 1806 760 1841 in

102 1861 230 1896 ltiner.
250 1862 267 1895 I
288 1873 369 1910 cap.
391 1863 458 1900 21.
501 1861 585 1906 Quo
608 1868 759 1898 auctore

104 1915 228 1952 adhuc
248 1917 450 1966 Apolloniae
477 1919 612 1954 veteris
643 1931 760 1970 quae-

104 1970 193 2009 dam
213 1980 420 2009 cernuntur
439 1974 570 2009 ruinae
583 2003 592 2019 ‚
622 1976 757 2025 quibus

102 2042 246 2065 nomen
292 2027 443 2075 Potina,
491 2029 594 2080 quod
634 2032 758 2080 ipsum

104 2099 125 2121 e
144 2092 270 2122 vetere
300 2086 551 2136 appellatione
572 2085 759 2136 deprava—

102 2149 186 2179 tum
206 2155 285 2179 esse
305 2155 420 2178 nemo
440 2155 518 2178 non
538 2144 663 2182 sentit.

298 2231 391 2282 Cap.
411 2231 548 2269 xcm.

147 2307 258 2349 ’Ἐστι
281 2309 323 2350 ἓν
338 2312 389 2364 τῇ
408 2306 650 2366 Ἀπολλωνίῃ
666 2326 702 2350 κ.
722 2326 756 2350 τ.

101 2368 150 2417 λ.]
190 2368 325 2417 Attigit
363 2367 458 2404 haec
491 2369 664 2406 Eustath.
707 2368 756 2406 ad

102 2424 236 2475 Odyss.
273 2425 334 2471 X,
384 2426 461 2465 136
495 2432 531 2462 et
558 2428 640 2465 260
665 2438 753 2476 pag.

105 2482 233 2529 1717,
253 2479 319 2521 44.
340 2493 367 2518 s·
388 2479 481 2528 482,
503 2483 540 2521 9.
581 2482 653 2526 Qui
673 2484 754 2518 He-

103 2536 235 2574 rodoto
282 2544 439 2574 vocatur
476 2533 676 2588 Εὐήνιος,
723 2540 752 2576 is

105 2592 252 2630 Cononi
270 2595 416 2631 Narrat.
443 2597 495 2634 30
523 2601 577 2631 est
599 2591 755 2646 Πειθή-

104 2662 199 2695 νιος.
232 2673 287 2678 —
325 2648 504 2702 πρόβατα
545 2664 640 2687 num
679 2664 756 2688 oves

105 2704 241 2743 suerint
259 2720 305 2743 an
327 2709 443 2755 boves,
472 2707 618 2745 dubitat
636 2709 756 2746 Wes-

104 2761 280 2811 seIIngius
297 2793 307 2811 ,
337 2778 423 2801 cum
452 2766 560 2803 latior
579 2767 625 2803 sit
644 2777 755 2804 voca-

161 2816 380 2859 Hmzono’r.
408 2822 474 2859 IV.

826 612 905 648 buli
934 618 1118 662 potestas,
1149 612 1316 666 indeque
1350 617 1486 656 maluit

826 668 984 705 reddere
1025 682 1120 705 voce
1161 668 1297 708 dubia:
1345 687 1486 722 pecora.

824 726 932 762 Idem
983 725 1160 775 deinceps
1202 727 1364 764 conferri
1404 732 1486 767 vult

825 782 955 820 Schol.
978 782 1025 819 ad
1046 784 1091 819 ΙΙ.
1116 784 1226 832 XIV,
1262 784 1352 825 124.
1401 788 1485 822 Eu—

823 838 942 877 stach.
974 840 1013 875 in
1045 841 1215 877 Erotian.
1247 854 1335 891 pag.
1371 844 1423 882 92
1454 856 1484 880 s.

823 899 906 936 302
928 895 987 933 ed.
1008 898 1142 933 Franc.
1192 899 1256 934 Tu
1286 897 1362 935 vid.
1391 907 1484 938 nott.

825 952 872 989 ad
893 955 932 1001 I,
958 956 1033 994 133
1057 960 1092 990 et
1112 955 1170 1000 ΙΙ,
1198 952 1274 1003 41,
1305 956 1369 991 ubi
1388 954 1484 994 haec

822 1010 1006 1059 legimus:
1037 1007 1107 1058 τοὶς
1130 1011 1228 1060 βοῦς
1246 1009 1315 1058 τοὶς
1335 1012 1485 1062 θηλέας

825 1066 1008 1116 σέβονται
1028 1082 1056 1104 π
1070 1082 1121 1115 ρο
1135 1064 1222 1117 βοῖτ
1238 1083 1301 1107 ων
1321 1067 1483 1108 πάντων

824 1119 1001 1173 μάλιστα,
1025 1125 1269 1169 coll.lV,61.
1290 1125 1383 1162 Inde
1403 1128 1484 1162 No-

823 1187 920 1227 ster,
954 1180 1019 1216 ubi
1040 1194 1116 1216 non
1139 1181 1237 1218 hoves
1258 1182 1323 1218 sed
1345 1196 1419 1220 oves
1432 1184 1485 1220 si-

822 1250 870 1274 ve
892 1250 1018 1287 capras
1040 1238 1200 1287 intelligi
1216 1240 1358 1287 voluit,
1391 1253 1485 1276 con-

822 1294 920 1329 sulto
951 1294 1088 1329 dixisse.
1117 1295 1267 1331 videtur
1286 1293 1333 1334 za*
1364 1293 1486 1335 λεπτοὶ

821 1352 903 1388 τῶν
933 1346 1144 1400 προβάτων
1174 1353 1209 1395 1,
1249 1354 1343 1392 133.
1383 1354 1483 1401 VIII,

824 1408 916 1445 137.
975 1406 1086 1443 Boves
1115 1408 1243 1459 itaque
1272 1409 1484 1459 intelligere

821 1463 974 1510 malim,
1023 1463 1140 1500 modo
1181 1472 1302 1501 certus
1343 1479 1482 1511 essem,

819 1519 858 1554 in
880 1518 937 1556 his
958 1521 1174 1569 regionibus
1203 1522 1320 1558 boum
1346 1535 1483 1573 greges

820 1577 944 1625 pasci,
977 1590 1104 1628 neque
1126 1585 1273 1613 tantum
1295 1582 1408 1615 ovium
1428 1581 1482 1616 si-

820 1645 867 1668 ve
900 1645 1097 1682 caprarum.
1157 1636 1256 1670 Nam
1285 1635 1400 1672 boves
1431 1635 1480 1672 ad

820 1688 919 1725 Solis
939 1690 1083 1726 cultum
1105 1698 1290 1740 spectasse
1323 1693 1404 1744 quis
1426 1699 1481 1729 est

819 1747 885 1797 qui
905 1747 1046 1783 nesciat
1063 1744 1083 1784 P
1118 1749 1175 1784 Eo
1197 1755 1324 1784 autem
1345 1750 1481 1800 opinor

817 1809 962 1853 spectat
992 1817 1146 1856 quoque
1175 1806 1313 1841 Euenii
1341 1819 1478 1856 poena,

818 1860 1018 1896 oculorum
1048 1862 1194 1897 lumine
1232 1863 1388 1912 privati,
1436 1869 1479 1900 ut

817 1917 940 1967 quiin
963 1916 1079 1954 Solem
1107 1932 1138 1954 s.
1164 1918 1273 1955 lucem
1303 1917 1478 1970 delique-

816 1974 875 2010 rit.
899 1996 949 2001 —
986 1973 1049 2010 Ad
1069 1975 1229 2011 verbum
1261 1969 1477 2026 ἀραιρημέ-

815 2044 879 2067 νοι
908 2030 946 2064 in
963 2043 1069 2082 seqq.
1092 2031 1192 2070 conf.
1216 2032 1305 2079 VII,
1327 2034 1380 2073 83
1400 2033 1476 2069 ibi-

815 2097 889 2136 que
914 2093 1008 2124 nott.

870 2139 976 2189 napa*
1024 2137 1206 2193 ποταμὸν
1260 2158 1297 2182 κ.
1335 2157 1368 2182 τ.
1420 2145 1474 2194 k]

813 2198 926 2233 Hunc
948 2199 1108 2234 ssuvium
1137 2200 1249 2236 Aoum
1270 2213 1350 2237 esse
1371 2201 1474 2253 qnod

811 2262 972 2304 ponunt⁷
996 2256 1214 2307 obloquitur
1233 2258 1368 2308 Poppo
1389 2259 1415 2294 l.
1432 2259 1470 2305 L,

813 2323 933 2361 quum
953 2313 1056 2349 Aous
1079 2326 1147 2363 per
1176 2313 1345 2350 mediam
1383 2315 1475 2353 fluat

811 2368 1068 2418 Apolloniam,
1090 2370 1162 2418 vel,
1183 2371 1214 2406 si
1233 2372 1354 2407 maior
1365 2372 1473 2408 Stra-

812 2425 919 2461 bonis
939 2425 1053 2473 fides,
1090 2425 1224 2463 decem
1243 2427 1333 2464 inde
1353 2428 1471 2466 stadia

810 2489 977 2519 remotus
1031 2482 1240 2520 delabatur.
1325 2483 1471 2524 Vomssa

807 2539 967 2575 fluvium
986 2541 1111 2576 vocari
1123 2538 1212 2576 dicit
1221 2541 1471 2592 Pouqueville

810 2596 836 2631 l.
868 2596 892 2631 l.
913 2597 952 2640 I,
985 2609 1043 2646 cp.
1071 2594 1134 2636 14.
1164 2599 1232 2636 21.
1291 2597 1414 2643 Quem
1447 2613 1468 2636 e

809 2651 934 2688 Pindo
964 2652 1151 2702 profluere
1181 2666 1270 2690 cum
1299 2655 1362 2691 alii
1380 2668 1466 2692 me-

810 2715 982 2756 morent,
1018 2708 1232 2748 Herodotus
1252 2710 1464 2750 Lac-monem

810 2767 982 2814 vocavit,
1024 2767 1089 2818 qui
1117 2768 1232 2818 ips1us
1261 2767 1375 2806 Pindi
1408 2769 1465 2808 vi-

1137 2826 1190 2864 22

1485 416 1530 444 Ea
1554 416 1699 451 quomodo
1732 418 1763 443 et

1485 458 1505 478 a
1531 451 1637 486 quibus
1663 453 1762 478 custo-
