1879 3222
256 196 340 237 514
772 197 803 233 I.
832 196 990 233 INDEX
1022 197 1213 236 RERUM.

299 304 396 348 perio
404 313 536 345 everso,
558 303 693 348 legatos
705 303 865 345 mittunt3
886 305 964 349 qui-

300 351 365 384 bus
395 349 456 383 ille
490 350 646 383 fabulam
679 355 807 392 narrat,
844 350 872 391 I,
896 351 962 385 141

299 399 369 429 not.
395 395 440 428 cf.
463 394 492 437 I,
515 394 573 428 76.
604 395 713 438 Iones,
737 395 963 432 continentem

297 440 506 483 habitantes,
542 441 730 485 Harpagus
762 441 902 485 subigit,
935 444 964 485 l,

298 486 376 520 169.
400 506 445 510 -
477 487 576 520 Iones
598 486 765 522 insulares
788 488 860 529 (cf.
886 489 962 529 Vll,

298 531 374 575 95.)
414 531 548 565 Biantis
570 544 597 566 s.
622 533 747 567 Pittaci
770 538 964 568 commento

297 577 416 611 Croesi
439 577 620 621 imperium
644 578 830 624 effugiunt,
855 580 882 622 Ι,
905 579 965 614 27.

295 624 389 668 Cyro
414 623 506 656 ultro
532 635 567 657 se
591 624 729 666 dedunt,
754 625 781 666 Ι,
807 625 884 659 169.
917 643 962 649 -

294 668 402 703 Dario
433 669 599 703 tributum
627 670 789 713 pendunt,
822 672 881 711 111,
905 670 962 703 90.

294 714 354 758 VI,
387 713 443 748 42.
477 720 614 758 pontem
647 715 682 749 in
714 716 800 750 Istro
832 717 962 749 factum

293 760 500 803 custodiunt,
529 761 586 801 IV,
617 761 674 797 98.
708 765 747 795 ut
777 760 964 795 dissolvant

292 817 314 840 a
345 805 486 850 Scythis
517 806 640 840 moniti
670 810 755 848 etc.,
788 806 845 847 lv,
878 806 956 839 133.

292 850 360 885 136
400 863 492 895 seqq.
523 871 569 876 ——
614 851 731 885 Ioniae
777 851 957 885 calamitas

294 901 371 931 orta
400 908 442 930 ex
475 896 570 930 Naxo
602 900 636 930 et
662 897 805 938 Mileto,
839 897 879 938 V,
911 896 957 931 28

289 954 382 985 seqq.
404 960 448 967 —
464 942 581 975 Ioniae
598 942 823 976 defectionem
841 953 862 976 a
874 943 959 976 Per-

289 988 349 1029 sis,
359 987 515 1022 Histiaco
540 987 632 1021 clam
655 988 871 1028 adhortante,
887 989 958 1022 He-

289 1037 409 1067 cataeo
441 1044 523 1067 vero
546 1033 781 1073 dissuadente,
815 1034 958 1068 molitur

286 1078 518 1123 Aristagoras,
536 1078 735 1121 V‚35-38.
759 1079 857 1113 Iones
877 1091 955 1113 cum

285 1124 550 1159 Atheniensibus
583 1124 710 1158 Sardes
752 1130 869 1168 captas
900 1125 954 1159 in-

287 1171 445 1211 cendunt,
479 1170 523 1211 V,
556 1170 635 1204 100.
660 1170 737 1204 101.
772 1171 815 1205 ad
840 1172 955 1214 Ephe-

285 1227 362 1249 sum
388 1215 522 1259 proelio
546 1215 631 1250 victi
648 1216 810 1258 aPersis,
833 1217 868 1250 in
880 1218 954 1251 bel-

282 1261 319 1294 lo
345 1265 575 1305 perseverant,
607 1274 636 1295 c.
680 1262 748 1295 102
780 1273 873 1306 seqq.
908 1263 952 1296 ad

285 1307 440 1351 Cyprum
473 1307 571 1341 Iones
602 1308 705 1350 mari,
736 1308 862 1342 Persae
884 1312 952 1342 ter-

282 1354 323 1386 ra
346 1352 497 1394 vincunt,
524 1365 553 1387 c.
578 1353 645 1387 108
655 1364 747 1396 seqq.
765 1355 869 1388 Cares
892 1355 951 1388 ‹le-

283 1398 443 1432 fectionis
486 1399 599 1433 socios
632 1400 773 1441 habent,
814 1411 843 1433 c.
883 1400 951 1434 117

281 1453 375 1488 seqq.
405 1444 526 1478 Ionum
551 1445 669 1479 classis
700 1445 744 1479 ad
775 1445 949 1488 Miletum,

281 1489 343 1532 VI,
374 1489 409 1524 8.
446 1490 609 1524 militaris
638 1490 850 1532 exercitatio,
886 1502 949 1526 au-

278 1538 374 1570 ctore
395 1535 578 1580 Dionysio,
599 1548 628 1569 c.
655 1537 698 1570 11
723 1548 793 1581 seq.
827 1537 950 1581 ingen-

279 1585 351 1615 tem
381 1581 556 1625 accipiunt
587 1583 734 1625 cladem,
765 1593 787 1616 a
819 1583 948 1617 Samiis

279 1626 416 1667 deserti,
437 1638 467 1661 c.
492 1626 536 1660 14
557 1638 649 1670 seqq.
673 1646 718 1652 —
746 1628 845 1661 Iones
877 1633 948 1662 ter-

278 1671 329 1704 tio
352 1671 389 1704 in
410 1671 609 1705 servitutem
633 1673 782 1713 redacti,
807 1673 863 1712 vl,
886 1673 944 1707 31.

276 1715 335 1750 32.
368 1719 407 1750 ut
429 1720 569 1751 mutuas
589 1717 679 1750 inter
701 1728 740 1751 se
770 1718 944 1760 pactiones

275 1761 416 1802 faciant,
454 1763 499 1796 ab
521 1763 737 1806 Artapherne
757 1764 880 1804 coacti,
913 1775 944 1797 c.

275 1807 334 1840 42.
358 1811 522 1852 tyrannos
539 1819 661 1841 eorum
684 1808 778 1842 eiicit
801 1809 944 1842 Mardo-

274 1852 364 1893 nius,
396 1864 426 1887 c.
459 1852 515 1886 43.
534 1870 582 1877 —-
620 1853 742 1886 Ionum
772 1864 878 1887 naves
907 1854 943 1888 in

275 1897 399 1932 Xerxis
422 1897 545 1939 classe,
570 1898 646 1940 VII,
669 1897 716 1934 94
738 1910 808 1942 seq.
844 1900 943 1934 Iones

273 1955 354 1978 cum
387 1944 500 1978 Xerxe
531 1943 721 1978 militantes
743 1944 940 1979 Themisto-

273 1990 344 2023 cles
388 1990 433 2023 ad
480 1989 710 2024 defectionem
765 1990 941 2033 sollicitat,

273 2034 364 2077 VIII,
389 2035 445 2069 22.
470 2036 516 2069 cf.
541 2036 617 2077 VII,
641 2034 698 2069 51.
727 2035 837 2078 Iones,
861 2048 939 2080 pro-

271 2080 411 2115 ditionis
434 2081 479 2115 ad
503 2081 717 2115 Salaminem
749 2087 939 2125 accusatos,

270 2126 415 2160 adiuvat
450 2127 671 2161 Ariaramnes
703 2128 820 2167 Persa,
846 2128 939 2170 VIII,

270 2171 328 2206 90.
352 2173 504 2207 Graecos
526 2173 571 2206 ad
595 2174 721 2208 Delum
738 2173 938 2216 sollicitant,

270 2221 309 2252 ut
340 2217 477 2255 Ioniam
513 2219 670 2262 liberent,
703 2231 734 2253 c.
757 2218 837 2254 132.
871 2219 936 2261 ΙΧ,

1062 305 1211 341 90-92.
1242 309 1319 351 post
1349 316 1500 350 pugnam
1526 305 1570 340 ad
1604 306 1723 351 Myca-

1064 353 1131 395 len,
1168 353 1228 391 lX,
1250 353 1296 386 98
1319 364 1410 395 seqq.
1440 352 1536 386 Ionia
1557 351 1679 386 iterum
1702 364 1724 387 a

1062 398 1176 433 Persis
1199 398 1325 438 delicit,
1349 399 1407 439 ΙΧ,
1434 398 1509 430 10⁴.
1529 417 1572 422 —
1597 398 1646 430 De
1669 398 1724 432 1⁰⁴·

1063 455 1146 477 num
1179 444 1338 477 libertate
1362 443 1592 477 conservanda
1615 443 1725 476 Grae-

1063 500 1183 522 corum
1214 490 1432 530 deliberatio;
1464 490 1560 522 Iones
1594 488 1726 522 Insula-

1064 546 1119 568 res
1142 534 1176 567 in
1198 546 1379 568 commune
1400 535 1569 569 sociorum
1586 533 1723 577 recepti,

1066 580 1128 619 lx,
1141 579 1207 612 106
1222 586 1290 614 not.
1314 581 1410 614 lones
1423 579 1623 614 mercenarii
1635 580 1725 622 apud

1063 625 1363 665 l'sainmitichuni,
1397 627 1441 667 II,
1463 627 1530 660 153
1553 631 1622 659 not.
1646 624 1723 659 163.

1065 670 1143 703 coll.
1166 674 1237 704 not.
1261 672 1304 704 ad
1328 671 1390 712 ΙΙΙ,
1412 671 1445 705 4.
1485 673 1579 706 vitae
1601 671 1721 704 cultio-

1064 715 1112 749 ris
1136 722 1303 754 auctores,
1322 717 1378 757 IV,
1395 716 1440 750 95
1463 723 1533 751 not.
1557 728 1655 750 sensu
1672 717 1725 749 la-

1067 761 1159 800 tiori,
1196 762 1256 803 IV,
1288 760 1332 794 98
1355 766 1425 796 not.
1446 762 1569 796 Ionum
1593 762 1723 797 foedus,

1059 806 1119 847 VI,
1141 806 1164 840 7
1187 810 1257 841 not.
1286 806 1320 849 *j
1343 818 1424 850 opes
1450 809 1602 848 navales,
1628 808 1685 850 VI,
1701 806 1723 840 8

1058 856 1128 885 not.
1155 852 1231 894 V11,
1255 851 1300 885 94
1325 857 1392 886 not.
1417 854 1511 886 sedes
1536 853 1664 895 priores
1688 852 1723 885 in

1058 897 1206 940 Achaia,
1232 898 1258 939 I,
1284 896 1351 931 145
1375 903 1443 932 not.
1478 899 1555 937 Vll,
1579 897 1635 933 94.
1668 909 1721 933 se-

1058 944 1118 977 des
1140 943 1332 985 duodecim,
1358 944 1434 984 Vll,
1456 943 1500 977 95
1523 947 1593 978 not.

1013 989 1129 1023 Ionius
1155 989 1259 1030 sinus,
1285 990 1341 1028 Vl,
1365 990 1431 1023 127
1455 995 1525 1024 not.

1011 1035 1173 1078 Iphiclus,
1197 1040 1294 1078 pater
1313 1035 1508 1077 Protesilai,
1533 1035 1597 1077 IX,
1621 1033 1699 1069 116.

1011 1081 1217 1125 Iphigeniae
1239 1081 1331 1123 apud
1354 1082 1491 1116 Tauros
1513 1082 1640 1122 cultus,
1662 1080 1723 1123 lv,

1056 1126 1125 1159 103
1155 1130 1225 1162 not.
1257 1126 1313 1170 M¹)

1009 1171 1088 1216 Ipm‘
1143 1169 1293 1215 (Ἰπνοὶ,
1326 1172 1348 1205 i.
1383 1183 1413 1205 e.
1446 1171 1596 1214 Furni),
1627 1171 1722 1204 locus

1054 1216 1195 1261 quidam
1219 1218 1254 1251 in
1277 1217 1376 1252 Pelio
1399 1223 1533 1258 monte,
1558 1217 1633 1261 vn,
1654 1215 1721 1250 188

1053 1267 1124 1298 not.
1148 1263 1227 1307 ***)

1007 1309 1103 1350 Iran,
1128 1309 1204 1348 Vll,
1222 1308 1268 1342 62
1290 1311 1361 1344 not.

1007 1356 1108 1389 [rasa
1147 1351 1338 1398 (Ἴρασα),
1363 1365 1485 1388 nomen
1509 1352 1660 1399 regionis
1683 1352 1719 1387 in

1051 1399 1183 1441 Africa,
1208 1401 1267 1441 IV,
1293 1399 1359 1434 158
1386 1405 1455 1433 not.

1004 1446 1117 1479 Irenes
1135 1445 1399 1489 Spartanorum,
1420 1446 1481 1486 lx,
1504 1443 1549 1479 85
1572 1447 1642 1480 not.

1004 1492 1049 1533 Is,
1084 1491 1228 1581 urb-{ft
1260 1493 1298 1527 fl.
1327 1491 1556 1536 Babyloniae,
1591 1490 1620 1532 1,
1651 1487 1719 1523 179

1049 1541 1120 1571 not.

1003 1584 1179 1627 Isagoras,
1204 1582 1368 1617 Tisandri
1391 1583 1456 1624 fil..
1487 1583 1640 1624 spectata
1662 1580 1718 1614 l'a-

1048 1628 1148 1662 milia
1179 1632 1291 1670 natus,
1325 1629 1364 1670 V,
1400 1627 1457 1662 66.
1492 1627 1532 1668 V,
1569 1626 1615 1659 72
1646 1629 1715 1659 not.

1048 1674 1268 1706 Cleomenem
1308 1674 1454 1716 Spartae
1493 1683 1613 1715 regem
1636 1671 1714 1704 adv.

1046 1718 1259 1751 Clisthenem
1283 1719 1444 1758 advocat,
1475 1721 1508 1751 et
1530 1718 1715 1750 Alcmaeo-

1044 1762 1143 1797 nidas
1164 1763 1308 1797 Athenis
1332 1763 1443 1805 eiicit3
1466 1773 1547 1797 mox
1577 1762 1653 1806 ipse
1676 1773 1714 1796 e-

1044 1809 1164 1850 iectus,
1188 1810 1231 1849 V,
1254 1808 1404 1841 69-73.

998 1854 1176 1888 Ischenous
1199 1858 1295 1895 pater
1319 1854 1501 1898 Pythone,
1524 1851 1601 1893 vn,
1633 1851 1714 1888 181.

1045 1899 1136 1940 vm,
1161 1898 1218 1932 92.

997 1945 1106 1978 Iseion
1128 1956 1155 1978 s.
1180 1944 1281 1978 Isidis
1305 1942 1487 1988 oppidum,
1510 1942 1557 1983 11,
1572 1940 1618 1976 59
1640 1946 1713 1978 not.

997 1992 1072 2031 Isis,
1096 1990 1313 2035 Aegyptiaca
1348 1991 1422 2029 dea,
1455 1987 1601 2022 Graecis
1637 1991 1713 2033 Δη-

1040 2034 1173 2080 μήτηρ,
1196 2035 1243 2078 ΙΙ,
1275 2033 1321 2069 59
1352 2038 1422 2069 not.
1446 2033 1525 2069 156.
1560 2033 1623 2067 Isis
1656 2045 1712 2068 ea-

1041 2084 1121 2115 dem
1146 2092 1237 2125 quae
1260 2082 1375 2122 Ceres,
1399 2080 1445 2120 ΙΙ,
1469 2080 1516 2113 59
1539 2083 1609 2114 not.
1641 2079 1710 2123 ††)

1039 2127 1140 2161 Isidis
1176 2127 1295 2171 imago
1326 2126 1526 2169 muliebris,
1570 2125 1711 2160 bubulis

1039 2174 1205 2207 instructa
1238 2173 1419 2213 cornibus,
1467 2171 1513 2212 ΙΙ,
1551 2170 1595 2204 41
1637 2175 1709 2204 not.

1039 2218 1151 2254 Orum
1174 2223 1208 2255 et
1230 2218 1411 2260 Bubastia,
1433 2217 1618 2252 servandos
1640 2217 1707 2252 La·

309 2421 344 2465 *)
368 2421 457 2456 Add.
480 2421 646 2456 Lehnert.
669 2420 721 2454 De
743 2421 838 2455 foed.
862 2421 969 2456 Ionic-
993 2434 1030 2467 p.
1052 2424 1109 2458 26.

316 2477 363 2521 ⁸‘)
396 2478 478 2513 vid.
507 2479 552 2513 G.
577 2480 762 2512 Hermann.
791 2479 836 2512 ad
863 2479 1016 2522 Euripid.
1041 2479 1196 2524 Iphigen.
1216 2479 1251 2513 in
1267 2479 1373 2513 Tanr.
1393 2490 1428 2524 p.
1451 2476 1579 2511 XXIX
1605 2486 1700 2521 seqq.

225 2522 590 2569 Muraview-Apostol
607 2525 707 2558 Reice
728 2525 813 2558 nach
831 2526 981 2559 Taurien
998 2538 1032 2570 p.
1052 2527 1107 2560 70.
1127 2527 1184 2561 72.

313 2579 374 2622 ‘⁸*)
397 2581 494 2615 Conf.
512 2581 676 2615 Muchar:
699 2581 768 2614 Das
789 2582 859 2615 Bad
876 2582 1019 2617 Gastein
1040 2582 1168 2626 (Griitz
1199 2582 1312 2626 1834.)
1336 2593 1371 2626 p.
1393 2581 1448 2616 25.
1463 2579 1520 2615 26.

313 2634 356 2677 †)
399 2636 449 2669 De
476 2638 550 2680 ipsa
576 2649 661 2672 voce
688 2638 779 2674 conf.
801 2638 955 2673 Lobeck.
983 2640 1074 2674 Diss.
1101 2640 1175 2673 lde
1194 2639 1343 2673 nominn.
1362 2638 1426 2673 Gr.
1454 2636 1493 2670 L·
1513 2634 1699 2679 τῃ(ΠΙΟ-*ὟῙῙ-

225 2680 445 2724 Regiomont.
469 2684 564 2719 1833.
589 2697 622 2728 p.
647 2684 701 2718 13.

313 2736 379 2780 ††)
403 2739 474 2770 Isis
502 2740 748 2782 Aegyptiorum
764 2740 878 2786 lingua
893 2747 946 2775 est
971 2750 1089 2783 terra,
1113 2748 1151 2775 ut
1168 2742 1216 2776 ait
1237 2738 1478 2784 Mythograph.
1502 2738 1697 2779 Vaticanus,

223 2793 322 2827 quem
345 2794 453 2828 nuper
479 2784 573 2817 Bode
590 2785 720 2827 edidit,
742 2788 770 2820 11
789 2790 822 2830 §-
839 2788 894 2822 90.

1846 2628 1855 2940 ..ᾼ-..--..-.-.-.
1852 2599 1854 2614 ..
