<?xml version="1.0" encoding="UTF-8"?>
<!DOCTYPE html PUBLIC "-//W3C//DTD XHTML 1.0 Transitional//EN"
    "http://www.w3.org/TR/xhtml1/DTD/xhtml1-transitional.dtd">
<html xmlns="http://www.w3.org/1999/xhtml" xml:lang="en" lang="en">
 <head>
  <title>
</title>
<meta http-equiv="Content-Type" content="text/html;charset=utf-8" />
  <meta name='ocr-system' content='tesseract 3.04.00' />
  <meta name='ocr-capabilities' content='ocr_page ocr_carea ocr_par ocr_line ocrx_word'/>
</head>
<body>
  <div class='ocr_page' id='page_1' title='image "./musaeherodoto04hero/musaeherodoto04hero_0266.png"; bbox 0 0 1879 3222; ppageno 0'>
   <div class='ocr_carea' id='block_1_1' title="bbox 313 1143 839 1201">
    <p class='ocr_par' dir='ltr' id='par_1_1' title="bbox 313 1143 839 1201">
     <span class='ocr_line' id='line_1_1' title="bbox 313 1143 839 1201; baseline -0.002 -13"><span class='ocrx_word' id='word_1_1' title='bbox 313 1145 378 1188; x_wconf 82' lang='lat'><strong><em>32</em></strong></span> <span class='ocrx_word' id='word_1_2' title='bbox 436 1143 542 1194; x_wconf 81' lang='grc' dir='ltr'><strong><em>τούς</em></strong></span> <span class='ocrx_word' id='word_1_3' title='bbox 567 1143 839 1201; x_wconf 78' lang='grc' dir='ltr'><strong><em>Ἀθηναίους.</em></strong></span> 
     </span>
    </p>
   </div>
   <div class='ocr_carea' id='block_1_2' title="bbox 111 1204 388 1373">
    <p class='ocr_par' dir='ltr' id='par_1_2' title="bbox 111 1204 388 1373">
     <span class='ocr_line' id='line_1_2' title="bbox 114 1204 386 1243; baseline 0.015 -11"><span class='ocrx_word' id='word_1_4' title='bbox 114 1204 226 1239; x_wconf 71' lang='lat' dir='ltr'><strong>Quibus</strong></span> <span class='ocrx_word' id='word_1_5' title='bbox 243 1215 278 1235; x_wconf 80' lang='lat' dir='ltr'><strong><em>ex</em></strong></span> <span class='ocrx_word' id='word_1_6' title='bbox 294 1216 386 1243; x_wconf 78' lang='lat' dir='ltr'><strong>popu-</strong></span> 
     </span>
     <span class='ocr_line' id='line_1_3' title="bbox 112 1240 388 1270; baseline 0.014 -4"><span class='ocrx_word' id='word_1_7' title='bbox 112 1240 148 1267; x_wconf 79' lang='lat' dir='ltr'><strong><em>lis</em></strong></span> <span class='ocrx_word' id='word_1_8' title='bbox 159 1242 388 1270; x_wconf 72' lang='lat' dir='ltr'>conflatusMar-</span> 
     </span>
     <span class='ocr_line' id='line_1_4' title="bbox 134 1275 359 1303; baseline 0.013 -3"><span class='ocrx_word' id='word_1_9' title='bbox 134 1275 191 1301; x_wconf 77' lang='lat' dir='ltr'>onii</span> <span class='ocrx_word' id='word_1_10' title='bbox 212 1276 359 1303; x_wconf 70' lang='lat' dir='ltr'>exercitus</span> 
     </span>
     <span class='ocr_line' id='line_1_5' title="bbox 112 1310 387 1342; baseline 0.011 -8"><span class='ocrx_word' id='word_1_11' title='bbox 112 1312 298 1342; x_wconf 75' lang='lat' dir='ltr'><strong>quantusque</strong></span> <span class='ocrx_word' id='word_1_12' title='bbox 323 1310 387 1337; x_wconf 79' lang='lat' dir='ltr'>eius</span> 
     </span>
     <span class='ocr_line' id='line_1_6' title="bbox 111 1345 349 1373; baseline 0.021 -5"><span class='ocrx_word' id='word_1_13' title='bbox 111 1345 181 1369; x_wconf 80' lang='lat' dir='ltr'>tunc</span> <span class='ocrx_word' id='word_1_14' title='bbox 197 1350 349 1373; x_wconf 80' lang='lat' dir='ltr'><strong>uumerus.</strong></span> 
     </span>
    </p>
   </div>
   <div class='ocr_carea' id='block_1_3' title="bbox 443 158 528 199">
    <p class='ocr_par' dir='ltr' id='par_1_3' title="bbox 443 158 528 199">
     <span class='ocr_line' id='line_1_7' title="bbox 443 158 528 199; baseline 0 0"><span class='ocrx_word' id='word_1_15' title='bbox 443 158 528 199; x_wconf 85' lang='lat'><strong><em>254</em></strong></span> 
     </span>
    </p>
   </div>
   <div class='ocr_carea' id='block_1_4' title="bbox 839 159 1300 199">
    <p class='ocr_par' dir='ltr' id='par_1_4' title="bbox 839 159 1300 199">
     <span class='ocr_line' id='line_1_8' title="bbox 839 159 1300 199; baseline 0.011 -5"><span class='ocrx_word' id='word_1_16' title='bbox 839 159 1300 199; x_wconf 85' lang='lat' dir='ltr'>HERODOTI</span> 
     </span>
    </p>
   </div>
   <div class='ocr_carea' id='block_1_5' title="bbox 415 264 1769 1137">
    <p class='ocr_par' dir='ltr' id='par_1_5' title="bbox 415 264 1769 1137">
     <span class='ocr_line' id='line_1_9' title="bbox 436 264 1696 325; baseline 0.006 -16"><span class='ocrx_word' id='word_1_17' title='bbox 436 264 690 320; x_wconf 82' lang='grc' dir='ltr'><strong><em>Ἑρμιονέας</em></strong></span> <span class='ocrx_word' id='word_1_18' title='bbox 727 281 773 309; x_wconf 90' lang='grc' dir='ltr'><strong><em>τε</em></strong></span> <span class='ocrx_word' id='word_1_19' title='bbox 806 267 881 310; x_wconf 83' lang='grc' dir='ltr'><strong><em>καὶ</em></strong></span> <span class='ocrx_word' id='word_1_20' title='bbox 913 266 1175 322; x_wconf 76' lang='grc' dir='ltr'><strong><em>Ἐρετριέας,</em></strong></span> <span class='ocrx_word' id='word_1_21' title='bbox 1218 271 1291 313; x_wconf 82' lang='grc' dir='ltr'><strong><em>καὶ</em></strong></span> <span class='ocrx_word' id='word_1_22' title='bbox 1330 271 1527 325; x_wconf 80' lang='grc' dir='ltr'><em>Στυρέας</em></span> <span class='ocrx_word' id='word_1_23' title='bbox 1553 288 1597 316; x_wconf 92' lang='grc' dir='ltr'><strong><em>τε</em></strong></span> <span class='ocrx_word' id='word_1_24' title='bbox 1624 275 1696 317; x_wconf 82' lang='grc' dir='ltr'><strong><em>καὶ</em></strong></span> 
     </span>
     <span class='ocr_line' id='line_1_10' title="bbox 442 332 1752 392; baseline 0.005 -16"><span class='ocrx_word' id='word_1_25' title='bbox 442 333 697 383; x_wconf 80' lang='grc' dir='ltr'><strong><em>Χαλκιδέας.</em></strong></span> <span class='ocrx_word' id='word_1_26' title='bbox 753 332 900 377; x_wconf 77' lang='grc' dir='ltr'><strong><em>Ἰνδῶν</em></strong></span> <span class='ocrx_word' id='word_1_27' title='bbox 938 336 984 380; x_wconf 84' lang='grc' dir='ltr'><strong><em>δὲ</em></strong></span> <span class='ocrx_word' id='word_1_28' title='bbox 1028 337 1259 392; x_wconf 80' lang='grc' dir='ltr'><strong><em>ἐχομένους</em></strong></span> <span class='ocrx_word' id='word_1_29' title='bbox 1286 338 1436 390; x_wconf 78' lang='grc' dir='ltr'><strong><em>Σάκας</em></strong></span> <span class='ocrx_word' id='word_1_30' title='bbox 1467 341 1605 391; x_wconf 70' lang='grc' dir='ltr'><strong><em>ἔταξε·</em></strong></span> <span class='ocrx_word' id='word_1_31' title='bbox 1654 345 1752 385; x_wconf 82' lang='grc' dir='ltr'><strong><em>οἳ7ο</em></strong></span> 
     </span>
     <span class='ocr_line' id='line_1_11' title="bbox 440 399 1697 460; baseline 0.006 -16"><span class='ocrx_word' id='word_1_32' title='bbox 440 401 619 457; x_wconf 78' lang='grc' dir='ltr'><strong><em>ἐπέσχον</em></strong></span> <span class='ocrx_word' id='word_1_33' title='bbox 643 399 955 459; x_wconf 74' lang='grc' dir='ltr'><strong><em>Ἀμπρακιήτας</em></strong></span> <span class='ocrx_word' id='word_1_34' title='bbox 972 421 1014 447; x_wconf 85' lang='grc' dir='ltr'><strong><em>τε</em></strong></span> <span class='ocrx_word' id='word_1_35' title='bbox 1044 406 1117 447; x_wconf 85' lang='grc' dir='ltr'><strong><em>καὶ</em></strong></span> <span class='ocrx_word' id='word_1_36' title='bbox 1145 404 1460 460; x_wconf 82' lang='grc' dir='ltr'><strong><em>Ἀνακτορίους,</em></strong></span> <span class='ocrx_word' id='word_1_37' title='bbox 1492 409 1565 450; x_wconf 84' lang='grc' dir='ltr'><strong><em>καὶ</em></strong></span> <span class='ocrx_word' id='word_1_38' title='bbox 1587 412 1697 452; x_wconf 86' lang='grc' dir='ltr'><strong><em>Λευ-</em></strong></span> 
     </span>
     <span class='ocr_line' id='line_1_12' title="bbox 417 470 1697 530; baseline 0.005 -19"><span class='ocrx_word' id='word_1_39' title='bbox 417 471 653 520; x_wconf 87' lang='grc' dir='ltr'><strong><em>7καδίους,</em></strong></span> <span class='ocrx_word' id='word_1_40' title='bbox 695 470 769 513; x_wconf 83' lang='grc' dir='ltr'><strong><em>καὶ</em></strong></span> <span class='ocrx_word' id='word_1_41' title='bbox 798 471 988 522; x_wconf 87' lang='grc' dir='ltr'><strong><em>Παλέας,</em></strong></span> <span class='ocrx_word' id='word_1_42' title='bbox 1026 472 1100 514; x_wconf 84' lang='grc' dir='ltr'><strong><em>καὶ</em></strong></span> <span class='ocrx_word' id='word_1_43' title='bbox 1137 474 1379 530; x_wconf 72' lang='grc' dir='ltr'><strong><em>Αἰγινήτας.</em></strong></span> <span class='ocrx_word' id='word_1_44' title='bbox 1439 476 1621 518; x_wconf 80' lang='grc' dir='ltr'><strong><em>Σακέων</em></strong></span> <span class='ocrx_word' id='word_1_45' title='bbox 1652 476 1697 518; x_wconf 85' lang='grc' dir='ltr'><strong><em>δὲ</em></strong></span> 
     </span>
     <span class='ocr_line' id='line_1_13' title="bbox 443 537 1696 593; baseline 0.004 -13"><span class='ocrx_word' id='word_1_46' title='bbox 443 537 678 592; x_wconf 76' lang='grc' dir='ltr'><strong><em>ἐχομένους</em></strong></span> <span class='ocrx_word' id='word_1_47' title='bbox 707 537 822 589; x_wconf 72' lang='grc' dir='ltr'><strong><em>ἔταξε</em></strong></span> <span class='ocrx_word' id='word_1_48' title='bbox 853 537 979 581; x_wconf 76' lang='grc' dir='ltr'><strong><em>ἀντία</em></strong></span> <span class='ocrx_word' id='word_1_49' title='bbox 1004 538 1249 593; x_wconf 83' lang='grc' dir='ltr'><strong><em>Ἀθηναίων</em></strong></span> <span class='ocrx_word' id='word_1_50' title='bbox 1273 557 1316 583; x_wconf 87' lang='grc' dir='ltr'><strong><em>τε</em></strong></span> <span class='ocrx_word' id='word_1_51' title='bbox 1346 543 1415 584; x_wconf 86' lang='grc' dir='ltr'><strong><em>καὶ</em></strong></span> <span class='ocrx_word' id='word_1_52' title='bbox 1443 542 1696 584; x_wconf 78' lang='grc' dir='ltr'><strong><em>Πλαταιέων</em></strong></span> 
     </span>
     <span class='ocr_line' id='line_1_14' title="bbox 443 604 1696 665; baseline 0.004 -18"><span class='ocrx_word' id='word_1_53' title='bbox 443 605 517 648; x_wconf 86' lang='grc' dir='ltr'><strong><em>καὶ</em></strong></span> <span class='ocrx_word' id='word_1_54' title='bbox 546 604 785 660; x_wconf 75' lang='grc' dir='ltr'><strong><em>,Μεγαρέων</em></strong></span> <span class='ocrx_word' id='word_1_55' title='bbox 814 605 1036 656; x_wconf 81' lang='grc' dir='ltr'><strong><em>Βοιωτούς</em></strong></span> <span class='ocrx_word' id='word_1_56' title='bbox 1074 622 1119 648; x_wconf 88' lang='grc' dir='ltr'><strong><em>τε</em></strong></span> <span class='ocrx_word' id='word_1_57' title='bbox 1149 608 1221 649; x_wconf 83' lang='grc' dir='ltr'><strong><em>καὶ</em></strong></span> <span class='ocrx_word' id='word_1_58' title='bbox 1251 609 1461 662; x_wconf 77' lang='grc' dir='ltr'><strong><em>Λοκρούς,</em></strong></span> <span class='ocrx_word' id='word_1_59' title='bbox 1491 611 1564 652; x_wconf 87' lang='grc' dir='ltr'><strong><em>καὶ</em></strong></span> <span class='ocrx_word' id='word_1_60' title='bbox 1593 614 1696 665; x_wconf 67' lang='grc' dir='ltr'><strong><em>ἰᾺη-</em></strong></span> 
     </span>
     <span class='ocr_line' id='line_1_15' title="bbox 415 672 1694 732; baseline 0.002 -17"><span class='ocrx_word' id='word_1_61' title='bbox 415 672 560 723; x_wconf 88' lang='grc' dir='ltr'><strong><em>8λιέας</em></strong></span> <span class='ocrx_word' id='word_1_62' title='bbox 593 689 636 715; x_wconf 91' lang='grc' dir='ltr'><strong><em>τε</em></strong></span> <span class='ocrx_word' id='word_1_63' title='bbox 664 675 736 715; x_wconf 81' lang='grc' dir='ltr'><strong><em>καὶ</em></strong></span> <span class='ocrx_word' id='word_1_64' title='bbox 771 675 1039 724; x_wconf 81' lang='grc' dir='ltr'><strong><em>Θεσσαλούς,</em></strong></span> <span class='ocrx_word' id='word_1_65' title='bbox 1070 674 1142 716; x_wconf 77' lang='grc' dir='ltr'><strong><em>καὶ</em></strong></span> <span class='ocrx_word' id='word_1_66' title='bbox 1175 675 1362 716; x_wconf 83' lang='grc' dir='ltr'><strong><em>Φωκέων</em></strong></span> <span class='ocrx_word' id='word_1_67' title='bbox 1391 677 1491 726; x_wconf 79' lang='grc' dir='ltr'><strong><em>τοὺς</em></strong></span> <span class='ocrx_word' id='word_1_68' title='bbox 1519 680 1694 732; x_wconf 84' lang='grc' dir='ltr'><strong><em>χιλίους.</em></strong></span> 
     </span>
     <span class='ocr_line' id='line_1_16' title="bbox 447 734 1750 796; baseline 0.001 -13"><span class='ocrx_word' id='word_1_69' title='bbox 447 738 503 783; x_wconf 88' lang='grc' dir='ltr'><strong><em>ου’</em></strong></span> <span class='ocrx_word' id='word_1_70' title='bbox 522 739 605 795; x_wconf 82' lang='grc' dir='ltr'><strong><em>γὰρ</em></strong></span> <span class='ocrx_word' id='word_1_71' title='bbox 637 734 700 782; x_wconf 70' lang='grc' dir='ltr'><strong><em>οἷν</em></strong></span> <span class='ocrx_word' id='word_1_72' title='bbox 731 740 916 790; x_wconf 78' lang='grc' dir='ltr'><strong><em>ἅπαντες</em></strong></span> <span class='ocrx_word' id='word_1_73' title='bbox 946 743 989 783; x_wconf 83' lang='grc' dir='ltr'><strong><em>οἱ</em></strong></span> <span class='ocrx_word' id='word_1_74' title='bbox 1024 742 1193 791; x_wconf 81' lang='grc' dir='ltr'><strong><em>Φωκέες</em></strong></span> <span class='ocrx_word' id='word_1_75' title='bbox 1223 742 1430 796; x_wconf 75' lang='grc' dir='ltr'><strong><em>ἐμήδισαν</em></strong></span> <span class='ocrx_word' id='word_1_76' title='bbox 1453 741 1558 785; x_wconf 73' lang='grc' dir='ltr'><strong><em>ἄλλα</em></strong></span> <span class='ocrx_word' id='word_1_77' title='bbox 1588 752 1750 795; x_wconf 73' lang='grc' dir='ltr'><strong><em>τινεςῖό</em></strong></span> 
     </span>
     <span class='ocr_line' id='line_1_17' title="bbox 444 804 1697 866; baseline 0.002 -16"><span class='ocrx_word' id='word_1_78' title='bbox 444 806 590 851; x_wconf 79' lang='grc' dir='ltr'><strong><em>αὐτῶν</em></strong></span> <span class='ocrx_word' id='word_1_79' title='bbox 628 807 700 850; x_wconf 86' lang='grc' dir='ltr'><strong><em>καὶ</em></strong></span> <span class='ocrx_word' id='word_1_80' title='bbox 744 807 795 849; x_wconf 79' lang='grc' dir='ltr'><strong><em>τὰ</em></strong></span> <span class='ocrx_word' id='word_1_81' title='bbox 820 806 1034 862; x_wconf 81' lang='grc' dir='ltr'><strong><em>Ἑλλήνων</em></strong></span> <span class='ocrx_word' id='word_1_82' title='bbox 1063 804 1222 864; x_wconf 78' lang='grc' dir='ltr'><strong><em>ηὖξον,</em></strong></span> <span class='ocrx_word' id='word_1_83' title='bbox 1265 810 1363 863; x_wconf 86' lang='grc' dir='ltr'><strong><em>περὶ</em></strong></span> <span class='ocrx_word' id='word_1_84' title='bbox 1392 809 1469 853; x_wconf 86' lang='grc' dir='ltr'><strong><em>τὸν</em></strong></span> <span class='ocrx_word' id='word_1_85' title='bbox 1499 814 1697 866; x_wconf 82' lang='grc' dir='ltr'><strong><em>Παρνησ-</em></strong></span> 
     </span>
     <span class='ocr_line' id='line_1_18' title="bbox 443 873 1698 933; baseline 0.002 -15"><span class='ocrx_word' id='word_1_86' title='bbox 443 875 522 919; x_wconf 86' lang='grc' dir='ltr'><strong><em>σὸν</em></strong></span> <span class='ocrx_word' id='word_1_87' title='bbox 552 873 868 929; x_wconf 82' lang='grc' dir='ltr'><strong><em>κατειλημένοι·</em></strong></span> <span class='ocrx_word' id='word_1_88' title='bbox 899 876 971 918; x_wconf 88' lang='grc' dir='ltr'><strong><em>καὶ</em></strong></span> <span class='ocrx_word' id='word_1_89' title='bbox 1001 875 1202 920; x_wconf 76' lang='grc' dir='ltr'><strong><em>ἐνθεῦτεν</em></strong></span> <span class='ocrx_word' id='word_1_90' title='bbox 1232 875 1510 932; x_wconf 73' lang='grc' dir='ltr'><strong><em>ὁρμεοίμενοι,</em></strong></span> <span class='ocrx_word' id='word_1_91' title='bbox 1541 878 1698 933; x_wconf 71' lang='grc' dir='ltr'><strong><em>ἔφερόν</em></strong></span> 
     </span>
     <span class='ocr_line' id='line_1_19' title="bbox 440 936 1769 1001; baseline 0.003 -16"><span class='ocrx_word' id='word_1_92' title='bbox 440 957 486 985; x_wconf 84' lang='grc' dir='ltr'><strong><em>τε</em></strong></span> <span class='ocrx_word' id='word_1_93' title='bbox 515 942 587 984; x_wconf 89' lang='grc' dir='ltr'><strong><em>καὶ</em></strong></span> <span class='ocrx_word' id='word_1_94' title='bbox 616 936 726 997; x_wconf 79' lang='grc' dir='ltr'><strong><em>ἦγον</em></strong></span> <span class='ocrx_word' id='word_1_95' title='bbox 755 942 834 997; x_wconf 87' lang='grc' dir='ltr'><strong><em>τήν</em></strong></span> <span class='ocrx_word' id='word_1_96' title='bbox 873 958 918 985; x_wconf 89' lang='grc' dir='ltr'><strong><em>τε</em></strong></span> <span class='ocrx_word' id='word_1_97' title='bbox 949 945 1216 997; x_wconf 84' lang='grc' dir='ltr'><strong><em>Μαρδονίου</em></strong></span> <span class='ocrx_word' id='word_1_98' title='bbox 1250 945 1453 1001; x_wconf 73' lang='grc' dir='ltr'><strong><em>στρατιήν</em></strong></span> <span class='ocrx_word' id='word_1_99' title='bbox 1493 946 1565 988; x_wconf 87' lang='grc' dir='ltr'><strong><em>καὶ</em></strong></span> <span class='ocrx_word' id='word_1_100' title='bbox 1593 944 1697 996; x_wconf 81' lang='grc' dir='ltr'><strong><em>τούς</em></strong></span> <span class='ocrx_word' id='word_1_101' title='bbox 1765 942 1769 945; x_wconf 56' lang='grc'><strong>’</strong></span> 
     </span>
     <span class='ocr_line' id='line_1_20' title="bbox 439 1007 1752 1066; baseline 0.004 -15"><span class='ocrx_word' id='word_1_102' title='bbox 439 1007 525 1065; x_wconf 87' lang='grc' dir='ltr'><strong><em>μετ’</em></strong></span> <span class='ocrx_word' id='word_1_103' title='bbox 556 1007 694 1051; x_wconf 80' lang='grc' dir='ltr'><strong><em>αὐτοῦ</em></strong></span> <span class='ocrx_word' id='word_1_104' title='bbox 725 1008 876 1061; x_wconf 82' lang='grc' dir='ltr'><strong><em>ἐόντας</em></strong></span> <span class='ocrx_word' id='word_1_105' title='bbox 901 1008 1129 1066; x_wconf 84' lang='grc' dir='ltr'><strong><em>Ἑλλήνων.</em></strong></span> <span class='ocrx_word' id='word_1_106' title='bbox 1173 1011 1288 1064; x_wconf 74' lang='grc' dir='ltr'><strong><em>ἔταξε</em></strong></span> <span class='ocrx_word' id='word_1_107' title='bbox 1319 1013 1365 1055; x_wconf 78' lang='grc' dir='ltr'><strong><em>δὲ</em></strong></span> <span class='ocrx_word' id='word_1_108' title='bbox 1394 1014 1466 1056; x_wconf 85' lang='grc' dir='ltr'><strong><em>καὶ</em></strong></span> <span class='ocrx_word' id='word_1_109' title='bbox 1494 1012 1752 1056; x_wconf 86' lang='grc' dir='ltr'><strong><em>Μακεδό-80</em></strong></span> 
     </span>
     <span class='ocr_line' id='line_1_21' title="bbox 439 1077 1697 1137; baseline 0.005 -19"><span class='ocrx_word' id='word_1_110' title='bbox 439 1091 518 1126; x_wconf 87' lang='grc' dir='ltr'><strong><em>νας</em></strong></span> <span class='ocrx_word' id='word_1_111' title='bbox 560 1092 604 1119; x_wconf 89' lang='grc' dir='ltr'><strong><em>τε</em></strong></span> <span class='ocrx_word' id='word_1_112' title='bbox 648 1077 722 1119; x_wconf 84' lang='grc' dir='ltr'><strong><em>καὶ</em></strong></span> <span class='ocrx_word' id='word_1_113' title='bbox 757 1077 860 1129; x_wconf 79' lang='grc' dir='ltr'><strong><em>τοὺς</em></strong></span> <span class='ocrx_word' id='word_1_114' title='bbox 895 1077 991 1131; x_wconf 86' lang='grc' dir='ltr'><strong><em>περὶ</em></strong></span> <span class='ocrx_word' id='word_1_115' title='bbox 1034 1080 1273 1136; x_wconf 81' lang='grc' dir='ltr'><strong><em>Θεσσαλίην</em></strong></span> <span class='ocrx_word' id='word_1_116' title='bbox 1304 1081 1561 1137; x_wconf 75' lang='grc' dir='ltr'><strong><em>οἰκημένους</em></strong></span> <span class='ocrx_word' id='word_1_117' title='bbox 1589 1081 1697 1124; x_wconf 81' lang='grc' dir='ltr'><strong><em>κατὰ</em></strong></span> 
     </span>
    </p>
   </div>
   <div class='ocr_carea' id='block_1_6' title="bbox 415 1146 1698 1338">
    <p class='ocr_par' dir='ltr' id='par_1_6' title="bbox 415 1146 1698 1338">
     <span class='ocr_line' id='line_1_22' title="bbox 902 1146 1698 1204; baseline 0.003 -15"><span class='ocrx_word' id='word_1_118' title='bbox 902 1148 1049 1189; x_wconf 84' lang='grc' dir='ltr'><strong><em>Ταῦτα</em></strong></span> <span class='ocrx_word' id='word_1_119' title='bbox 1079 1146 1156 1200; x_wconf 75' lang='grc' dir='ltr'><strong><em>μὲν</em></strong></span> <span class='ocrx_word' id='word_1_120' title='bbox 1185 1151 1274 1190; x_wconf 77' lang='grc' dir='ltr'><strong><em>τῶν</em></strong></span> <span class='ocrx_word' id='word_1_121' title='bbox 1311 1147 1476 1191; x_wconf 78' lang='grc' dir='ltr'><strong><em>ἐθνέων</em></strong></span> <span class='ocrx_word' id='word_1_122' title='bbox 1505 1146 1556 1191; x_wconf 76' lang='grc' dir='ltr'><strong><em>τοὶ</em></strong></span> <span class='ocrx_word' id='word_1_123' title='bbox 1582 1148 1698 1204; x_wconf 80' lang='grc' dir='ltr'><strong><em>μέγι-</em></strong></span> 
     </span>
     <span class='ocr_line' id='line_1_23' title="bbox 445 1209 1696 1271; baseline 0.004 -17"><span class='ocrx_word' id='word_1_124' title='bbox 445 1222 522 1254; x_wconf 88' lang='grc' dir='ltr'><strong><em>στα</em></strong></span> <span class='ocrx_word' id='word_1_125' title='bbox 535 1209 774 1267; x_wconf 86' lang='grc' dir='ltr'><strong><em>ὀνόμασται</em></strong></span> <span class='ocrx_word' id='word_1_126' title='bbox 792 1218 880 1257; x_wconf 79' lang='grc' dir='ltr'><strong><em>τῶν</em></strong></span> <span class='ocrx_word' id='word_1_127' title='bbox 891 1213 977 1257; x_wconf 82' lang='grc' dir='ltr'><strong><em>ὑπὸ</em></strong></span> <span class='ocrx_word' id='word_1_128' title='bbox 998 1217 1262 1268; x_wconf 85' lang='grc' dir='ltr'><strong><em>Μαρδονίου</em></strong></span> <span class='ocrx_word' id='word_1_129' title='bbox 1284 1216 1541 1271; x_wconf 83' lang='grc' dir='ltr'><strong><em>ταχθέντων,</em></strong></span> <span class='ocrx_word' id='word_1_130' title='bbox 1553 1215 1605 1259; x_wconf 77' lang='grc' dir='ltr'><strong><em>τά</em></strong></span> <span class='ocrx_word' id='word_1_131' title='bbox 1616 1232 1696 1269; x_wconf 88' lang='grc' dir='ltr'><strong><em>περ</em></strong></span> 
     </span>
     <span class='ocr_line' id='line_1_24' title="bbox 415 1278 1696 1338; baseline 0.005 -18"><span class='ocrx_word' id='word_1_132' title='bbox 415 1279 765 1334; x_wconf 72' lang='grc' dir='ltr'><strong><em>Ξέπιφανέστατοὲ</em></strong></span> <span class='ocrx_word' id='word_1_133' title='bbox 792 1298 835 1324; x_wconf 88' lang='grc' dir='ltr'><strong><em>τε</em></strong></span> <span class='ocrx_word' id='word_1_134' title='bbox 863 1278 918 1337; x_wconf 81' lang='grc' dir='ltr'><strong><em>ἦν</em></strong></span> <span class='ocrx_word' id='word_1_135' title='bbox 947 1282 1019 1324; x_wconf 88' lang='grc' dir='ltr'><strong><em>καὶ</em></strong></span> <span class='ocrx_word' id='word_1_136' title='bbox 1047 1281 1180 1337; x_wconf 85' lang='grc' dir='ltr'><strong><em>λόγου</em></strong></span> <span class='ocrx_word' id='word_1_137' title='bbox 1210 1284 1426 1326; x_wconf 83' lang='grc' dir='ltr'><strong><em>πλείστου.</em></strong></span> <span class='ocrx_word' id='word_1_138' title='bbox 1470 1282 1628 1338; x_wconf 80' lang='grc' dir='ltr'><strong><em>ἐνῆσαν</em></strong></span> <span class='ocrx_word' id='word_1_139' title='bbox 1651 1285 1696 1326; x_wconf 84' lang='grc' dir='ltr'><strong><em>δὲ</em></strong></span> 
     </span>
    </p>
   </div>
   <div class='ocr_carea' id='block_1_7' title="bbox 406 1345 1752 1540">
    <p class='ocr_par' dir='ltr' id='par_1_7' title="bbox 406 1345 1752 1540">
     <span class='ocr_line' id='line_1_25' title="bbox 444 1345 1752 1405; baseline 0.003 -17"><span class='ocrx_word' id='word_1_140' title='bbox 444 1346 518 1389; x_wconf 80' lang='grc' dir='ltr'><strong><em>καὶ</em></strong></span> <span class='ocrx_word' id='word_1_141' title='bbox 553 1345 695 1390; x_wconf 78' lang='grc' dir='ltr'><strong><em>ἄλλων</em></strong></span> <span class='ocrx_word' id='word_1_142' title='bbox 733 1348 897 1392; x_wconf 80' lang='grc' dir='ltr'><strong><em>ἐθνέων</em></strong></span> <span class='ocrx_word' id='word_1_143' title='bbox 926 1348 1081 1403; x_wconf 81' lang='grc' dir='ltr'><strong><em>ἄνδρες</em></strong></span> <span class='ocrx_word' id='word_1_144' title='bbox 1111 1347 1465 1405; x_wconf 72' lang='grc' dir='ltr'><strong><em>ἀναμεμιγμένοι,</em></strong></span> <span class='ocrx_word' id='word_1_145' title='bbox 1512 1353 1752 1405; x_wconf 74' lang='grc' dir='ltr'><strong><em>Φρυγῶνὸὕ</em></strong></span> 
     </span>
     <span class='ocr_line' id='line_1_26' title="bbox 406 1415 1698 1471; baseline 0.003 -15"><span class='ocrx_word' id='word_1_146' title='bbox 406 1427 409 1431; x_wconf 90' lang='grc'><strong><em>·</em></strong></span> <span class='ocrx_word' id='word_1_147' title='bbox 441 1429 485 1456; x_wconf 87' lang='grc' dir='ltr'><strong><em>τε</em></strong></span> <span class='ocrx_word' id='word_1_148' title='bbox 521 1415 593 1457; x_wconf 85' lang='grc' dir='ltr'><strong><em>καὶ</em></strong></span> <span class='ocrx_word' id='word_1_149' title='bbox 637 1417 851 1471; x_wconf 73' lang='grc' dir='ltr'><strong><em>Θρηίκων,</em></strong></span> <span class='ocrx_word' id='word_1_150' title='bbox 893 1417 967 1460; x_wconf 85' lang='grc' dir='ltr'><strong><em>καὶ</em></strong></span> <span class='ocrx_word' id='word_1_151' title='bbox 996 1421 1169 1460; x_wconf 76' lang='grc' dir='ltr'><strong><em>Μυσῶν</em></strong></span> <span class='ocrx_word' id='word_1_152' title='bbox 1199 1433 1243 1460; x_wconf 84' lang='grc' dir='ltr'><strong><em>τε</em></strong></span> <span class='ocrx_word' id='word_1_153' title='bbox 1272 1418 1345 1460; x_wconf 85' lang='grc' dir='ltr'><strong><em>καὶ</em></strong></span> <span class='ocrx_word' id='word_1_154' title='bbox 1376 1416 1593 1471; x_wconf 87' lang='grc' dir='ltr'><strong><em>Παιόνων,</em></strong></span> <span class='ocrx_word' id='word_1_155' title='bbox 1624 1418 1698 1461; x_wconf 87' lang='grc' dir='ltr'><strong><em>καὶ</em></strong></span> 
     </span>
     <span class='ocr_line' id='line_1_27' title="bbox 444 1480 1699 1540; baseline 0.004 -16"><span class='ocrx_word' id='word_1_156' title='bbox 444 1484 534 1525; x_wconf 79' lang='grc' dir='ltr'><strong><em>τῶν</em></strong></span> <span class='ocrx_word' id='word_1_157' title='bbox 564 1480 730 1526; x_wconf 80' lang='grc' dir='ltr'><strong><em>ἄλλων·</em></strong></span> <span class='ocrx_word' id='word_1_158' title='bbox 762 1483 809 1527; x_wconf 87' lang='grc' dir='ltr'><strong><em>ἐν</em></strong></span> <span class='ocrx_word' id='word_1_159' title='bbox 839 1484 906 1539; x_wconf 82' lang='grc' dir='ltr'><strong><em>δὲ,</em></strong></span> <span class='ocrx_word' id='word_1_160' title='bbox 936 1485 1010 1528; x_wconf 82' lang='grc' dir='ltr'><strong><em>καὶ</em></strong></span> <span class='ocrx_word' id='word_1_161' title='bbox 1038 1483 1268 1529; x_wconf 78' lang='grc' dir='ltr'><strong><em>Αἰθιόπων</em></strong></span> <span class='ocrx_word' id='word_1_162' title='bbox 1296 1501 1340 1528; x_wconf 90' lang='grc' dir='ltr'><strong><em>τε</em></strong></span> <span class='ocrx_word' id='word_1_163' title='bbox 1355 1485 1427 1528; x_wconf 85' lang='grc' dir='ltr'><strong><em>καὶ</em></strong></span> <span class='ocrx_word' id='word_1_164' title='bbox 1447 1487 1699 1540; x_wconf 82' lang='grc' dir='ltr'><strong><em>Αἰγυπτίων</em></strong></span> 
     </span>
    </p>
   </div>
   <div class='ocr_carea' id='block_1_8' title="bbox 386 1636 657 1641">
    <p class='ocr_par' dir='ltr' id='par_1_8' title="bbox 386 1636 657 1641">
     <span class='ocr_line' id='line_1_28' title="bbox 386 1636 657 1641; baseline 0 0"><span class='ocrx_word' id='word_1_165' title='bbox 386 1636 657 1641; x_wconf 95' lang='lat' dir='ltr'><strong><em> </em></strong></span> 
     </span>
    </p>
   </div>
   <div class='ocr_carea' id='block_1_9' title="bbox 383 1715 1044 2784">
    <p class='ocr_par' dir='ltr' id='par_1_9' title="bbox 383 1715 1044 2391">
     <span class='ocr_line' id='line_1_29' title="bbox 442 1715 1043 1773; baseline 0.003 -15"><span class='ocrx_word' id='word_1_166' title='bbox 442 1715 644 1766; x_wconf 81' lang='grc' dir='ltr'><strong><em>Βοιωτούς</em></strong></span> <span class='ocrx_word' id='word_1_167' title='bbox 689 1734 730 1759; x_wconf 90' lang='grc' dir='ltr'><strong><em>τε</em></strong></span> <span class='ocrx_word' id='word_1_168' title='bbox 759 1719 828 1759; x_wconf 82' lang='grc' dir='ltr'><strong><em>καὶ</em></strong></span> <span class='ocrx_word' id='word_1_169' title='bbox 856 1718 1043 1773; x_wconf 72' lang='grc' dir='ltr'><strong><em>Λοκρούς</em></strong></span> 
     </span>
     <span class='ocr_line' id='line_1_30' title="bbox 384 1774 1042 1828; baseline -0.005 -13"><span class='ocrx_word' id='word_1_170' title='bbox 384 1775 453 1815; x_wconf 80' lang='grc' dir='ltr'><strong><em>καὶ</em></strong></span> <span class='ocrx_word' id='word_1_171' title='bbox 486 1774 700 1828; x_wconf 80' lang='grc' dir='ltr'><strong><em>Μηλιέας]</em></strong></span> <span class='ocrx_word' id='word_1_172' title='bbox 738 1776 825 1813; x_wconf 70' lang='lat' dir='ltr'><strong>Vid.</strong></span> <span class='ocrx_word' id='word_1_173' title='bbox 854 1778 952 1825; x_wconf 76' lang='lat' dir='ltr'><strong><em>Vm,</em></strong></span> <span class='ocrx_word' id='word_1_174' title='bbox 974 1780 1042 1818; x_wconf 82' lang='grc'><strong><em>66.</em></strong></span> 
     </span>
     <span class='ocr_line' id='line_1_31' title="bbox 383 1831 1042 1882; baseline 0 -12"><span class='ocrx_word' id='word_1_175' title='bbox 383 1834 442 1870; x_wconf 82' lang='lat' dir='ltr'><strong><em>De</em></strong></span> <span class='ocrx_word' id='word_1_176' title='bbox 482 1831 672 1869; x_wconf 81' lang='lat' dir='ltr'>Thessalis</span> <span class='ocrx_word' id='word_1_177' title='bbox 710 1834 790 1882; x_wconf 82' lang='lat' dir='ltr'>regi</span> <span class='ocrx_word' id='word_1_178' title='bbox 831 1833 1042 1871; x_wconf 81' lang='lat' dir='ltr'>faventibus</span> 
     </span>
     <span class='ocr_line' id='line_1_32' title="bbox 384 1889 1042 1940; baseline 0 -14"><span class='ocrx_word' id='word_1_179' title='bbox 384 1889 466 1934; x_wconf 89' lang='lat' dir='ltr'>VII,</span> <span class='ocrx_word' id='word_1_180' title='bbox 489 1891 563 1929; x_wconf 79' lang='lat'><strong><em>172</em></strong></span> <span class='ocrx_word' id='word_1_181' title='bbox 573 1902 652 1940; x_wconf 74' lang='lat' dir='ltr'><strong>seq.</strong></span> <span class='ocrx_word' id='word_1_182' title='bbox 669 1889 766 1937; x_wconf 83' lang='lat' dir='ltr'>VIII,</span> <span class='ocrx_word' id='word_1_183' title='bbox 780 1892 853 1939; x_wconf 80' lang='lat'><strong><em>303</em></strong></span> <span class='ocrx_word' id='word_1_184' title='bbox 885 1889 932 1926; x_wconf 87' lang='lat' dir='ltr'><strong><em>de</em></strong></span> <span class='ocrx_word' id='word_1_185' title='bbox 944 1889 1042 1927; x_wconf 80' lang='lat' dir='ltr'><em>Pho-</em></span> 
     </span>
     <span class='ocr_line' id='line_1_33' title="bbox 385 1945 1042 1994; baseline 0.002 -12"><span class='ocrx_word' id='word_1_186' title='bbox 385 1945 542 1982; x_wconf 77' lang='lat' dir='ltr'><em>censibus</em></span> <span class='ocrx_word' id='word_1_187' title='bbox 570 1947 638 1994; x_wconf 85' lang='lat' dir='ltr'><strong><em>IX,</em></strong></span> <span class='ocrx_word' id='word_1_188' title='bbox 674 1948 738 1985; x_wconf 82' lang='grc'><strong><em>17.</em></strong></span> <span class='ocrx_word' id='word_1_189' title='bbox 771 1948 834 1985; x_wconf 87' lang='grc'><strong><em>18.</em></strong></span> <span class='ocrx_word' id='word_1_190' title='bbox 869 1967 924 1974; x_wconf 91' lang='lat'><strong><em>—-</em></strong></span> <span class='ocrx_word' id='word_1_191' title='bbox 979 1946 1042 1983; x_wconf 88' lang='lat' dir='ltr'><strong><em>Ad</em></strong></span> 
     </span>
     <span class='ocr_line' id='line_1_34' title="bbox 385 1999 1044 2052; baseline 0.002 -13"><span class='ocrx_word' id='word_1_192' title='bbox 385 2002 546 2039; x_wconf 77' lang='lat' dir='ltr'>verbum</span> <span class='ocrx_word' id='word_1_193' title='bbox 557 1999 827 2052; x_wconf 82' lang='grc' dir='ltr'><strong><em>κατειλημένοι</em></strong></span> <span class='ocrx_word' id='word_1_194' title='bbox 843 2003 890 2050; x_wconf 88' lang='grc' dir='ltr'><strong><em>(ἰ.</em></strong></span> <span class='ocrx_word' id='word_1_195' title='bbox 908 2016 940 2039; x_wconf 91' lang='lat' dir='ltr'><strong><em>e.</em></strong></span> <span class='ocrx_word' id='word_1_196' title='bbox 953 2016 1044 2040; x_wconf 85' lang='lat' dir='ltr'><em>com-</em></span> 
     </span>
     <span class='ocr_line' id='line_1_35' title="bbox 384 2056 1041 2109; baseline 0.002 -16"><span class='ocrx_word' id='word_1_197' title='bbox 384 2057 502 2109; x_wconf 78' lang='lat' dir='ltr'><em>pulsi,</em></span> <span class='ocrx_word' id='word_1_198' title='bbox 534 2057 715 2107; x_wconf 79' lang='lat' dir='ltr'><em>conclusi)</em></span> <span class='ocrx_word' id='word_1_199' title='bbox 744 2056 820 2095; x_wconf 88' lang='lat' dir='ltr'><strong>vid.</strong></span> <span class='ocrx_word' id='word_1_200' title='bbox 853 2060 950 2106; x_wconf 83' lang='lat' dir='ltr'>VIII,</span> <span class='ocrx_word' id='word_1_201' title='bbox 974 2061 1041 2100; x_wconf 83' lang='grc'><strong><em>27.</em></strong></span> 
     </span>
     <span class='ocr_line' id='line_1_36' title="bbox 386 2114 1041 2167; baseline 0.003 -17"><span class='ocrx_word' id='word_1_202' title='bbox 386 2115 462 2158; x_wconf 85' lang='grc' dir='ltr'><strong><em>ΙΧ,</em></strong></span> <span class='ocrx_word' id='word_1_203' title='bbox 486 2116 553 2153; x_wconf 87' lang='lat'><strong><em>70.</em></strong></span> <span class='ocrx_word' id='word_1_204' title='bbox 595 2114 709 2150; x_wconf 89' lang='lat' dir='ltr'>Cuius</span> <span class='ocrx_word' id='word_1_205' title='bbox 730 2115 815 2151; x_wconf 87' lang='lat' dir='ltr'>Ioco</span> <span class='ocrx_word' id='word_1_206' title='bbox 842 2115 944 2167; x_wconf 89' lang='lat' dir='ltr'>quod</span> <span class='ocrx_word' id='word_1_207' title='bbox 965 2115 1041 2152; x_wconf 91' lang='lat' dir='ltr'><strong><em>duo</em></strong></span> 
     </span>
     <span class='ocr_line' id='line_1_37' title="bbox 388 2169 1041 2222; baseline 0 -15"><span class='ocrx_word' id='word_1_208' title='bbox 388 2169 664 2207; x_wconf 80' lang='lat' dir='ltr'><strong>codd.afferuut</strong></span> <span class='ocrx_word' id='word_1_209' title='bbox 681 2171 990 2222; x_wconf 82' lang='grc' dir='ltr'><strong><em>κατειλημμένοι,</em></strong></span> <span class='ocrx_word' id='word_1_210' title='bbox 1001 2171 1041 2208; x_wconf 91' lang='lat' dir='ltr'><strong><em>id</em></strong></span> 
     </span>
     <span class='ocr_line' id='line_1_38' title="bbox 386 2228 1041 2278; baseline 0.005 -15"><span class='ocrx_word' id='word_1_211' title='bbox 386 2228 488 2263; x_wconf 81' lang='lat' dir='ltr'>male</span> <span class='ocrx_word' id='word_1_212' title='bbox 515 2234 641 2263; x_wconf 82' lang='lat' dir='ltr'><strong>tuetur</strong></span> <span class='ocrx_word' id='word_1_213' title='bbox 670 2228 752 2263; x_wconf 71' lang='lat' dir='ltr'>Gaii</span> <span class='ocrx_word' id='word_1_214' title='bbox 768 2229 822 2263; x_wconf 88' lang='lat' dir='ltr'><strong><em>Le</em></strong></span> <span class='ocrx_word' id='word_1_215' title='bbox 838 2228 968 2278; x_wconf 77' lang='lat' dir='ltr'><strong>philol.</strong></span> <span class='ocrx_word' id='word_1_216' title='bbox 990 2229 1041 2266; x_wconf 92' lang='lat' dir='ltr'><strong><em>IV</em></strong></span> 
     </span>
     <span class='ocr_line' id='line_1_39' title="bbox 386 2283 1041 2335; baseline -0.002 -13"><span class='ocrx_word' id='word_1_217' title='bbox 386 2296 425 2334; x_wconf 87' lang='lat' dir='ltr'><strong><em>p.</em></strong></span> <span class='ocrx_word' id='word_1_218' title='bbox 449 2283 529 2324; x_wconf 81' lang='grc'><strong><em>354</em></strong></span> <span class='ocrx_word' id='word_1_219' title='bbox 544 2297 623 2335; x_wconf 82' lang='lat' dir='ltr'><strong><em>seq.</em></strong></span> <span class='ocrx_word' id='word_1_220' title='bbox 646 2290 759 2335; x_wconf 83' lang='lat' dir='ltr'><strong>atque</strong></span> <span class='ocrx_word' id='word_1_221' title='bbox 771 2284 907 2321; x_wconf 76' lang='lat' dir='ltr'>eodem</span> <span class='ocrx_word' id='word_1_222' title='bbox 927 2297 1041 2321; x_wconf 81' lang='lat' dir='ltr'>seusu</span> 
     </span>
     <span class='ocr_line' id='line_1_40' title="bbox 388 2335 1042 2391; baseline 0.005 -16"><span class='ocrx_word' id='word_1_223' title='bbox 388 2352 463 2390; x_wconf 86' lang='lat' dir='ltr'><strong><em>quo</em></strong></span> <span class='ocrx_word' id='word_1_224' title='bbox 485 2335 581 2378; x_wconf 76' lang='grc' dir='ltr'><strong><em>α’πολ</em></strong></span> <span class='ocrx_word' id='word_1_225' title='bbox 591 2339 797 2390; x_wconf 85' lang='grc' dir='ltr'><strong><em>ελαμμένοι</em></strong></span> <span class='ocrx_word' id='word_1_226' title='bbox 812 2343 901 2390; x_wconf 85' lang='lat' dir='ltr'>poni</span> <span class='ocrx_word' id='word_1_227' title='bbox 922 2348 1042 2391; x_wconf 74' lang='lat' dir='ltr'><strong>putat.</strong></span> 
     </span>
    </p>

    <p class='ocr_par' dir='ltr' id='par_1_10' title="bbox 387 2389 1042 2784">
     <span class='ocr_line' id='line_1_41' title="bbox 445 2389 1041 2448; baseline -0.003 -14"><span class='ocrx_word' id='word_1_228' title='bbox 445 2391 586 2446; x_wconf 77' lang='grc' dir='ltr'><strong><em>ἔφερόν</em></strong></span> <span class='ocrx_word' id='word_1_229' title='bbox 604 2410 643 2434; x_wconf 90' lang='grc' dir='ltr'><strong><em>τε</em></strong></span> <span class='ocrx_word' id='word_1_230' title='bbox 660 2395 727 2435; x_wconf 86' lang='grc' dir='ltr'><strong><em>καὶ</em></strong></span> <span class='ocrx_word' id='word_1_231' title='bbox 752 2389 871 2448; x_wconf 76' lang='grc' dir='ltr'><strong><em>ἦγον]</em></strong></span> <span class='ocrx_word' id='word_1_232' title='bbox 895 2399 950 2433; x_wconf 83' lang='lat' dir='ltr'><strong><em>De</em></strong></span> <span class='ocrx_word' id='word_1_233' title='bbox 970 2396 1041 2433; x_wconf 81' lang='lat' dir='ltr'><strong><em>hac</em></strong></span> 
     </span>
     <span class='ocr_line' id='line_1_42' title="bbox 389 2451 1040 2501; baseline 0.009 -14"><span class='ocrx_word' id='word_1_234' title='bbox 389 2452 579 2489; x_wconf 83' lang='lat' dir='ltr'>locutione</span> <span class='ocrx_word' id='word_1_235' title='bbox 612 2451 690 2490; x_wconf 84' lang='lat' dir='ltr'><strong>vid.</strong></span> <span class='ocrx_word' id='word_1_236' title='bbox 723 2454 800 2490; x_wconf 82' lang='lat' dir='ltr'><strong>citt.</strong></span> <span class='ocrx_word' id='word_1_237' title='bbox 825 2454 873 2490; x_wconf 86' lang='lat' dir='ltr'><strong><em>ad</em></strong></span> <span class='ocrx_word' id='word_1_238' title='bbox 902 2456 965 2501; x_wconf 84' lang='lat'>111,</span> <span class='ocrx_word' id='word_1_239' title='bbox 989 2455 1040 2493; x_wconf 81' lang='lat'><strong><em>39</em></strong></span> 
     </span>
     <span class='ocr_line' id='line_1_43' title="bbox 389 2506 1041 2561; baseline 0.008 -19"><span class='ocrx_word' id='word_1_240' title='bbox 389 2507 454 2546; x_wconf 82' lang='lat' dir='ltr'><strong><em>fin.</em></strong></span> <span class='ocrx_word' id='word_1_241' title='bbox 512 2509 635 2545; x_wconf 83' lang='lat' dir='ltr'>Verba</span> <span class='ocrx_word' id='word_1_242' title='bbox 655 2506 747 2556; x_wconf 67' lang='grc' dir='ltr'><strong><em>τούς</em></strong></span> <span class='ocrx_word' id='word_1_243' title='bbox 772 2509 859 2561; x_wconf 79' lang='grc' dir='ltr'><strong><em>περὶ</em></strong></span> <span class='ocrx_word' id='word_1_244' title='bbox 892 2512 1041 2549; x_wconf 84' lang='grc' dir='ltr'><strong><em>Θεσσα-</em></strong></span> 
     </span>
     <span class='ocr_line' id='line_1_44' title="bbox 388 2563 1041 2617; baseline 0.003 -17"><span class='ocrx_word' id='word_1_245' title='bbox 388 2563 476 2612; x_wconf 81' lang='grc' dir='ltr'><strong><em>λίην</em></strong></span> <span class='ocrx_word' id='word_1_246' title='bbox 501 2564 733 2615; x_wconf 82' lang='grc' dir='ltr'><strong><em>οἰκημένους</em></strong></span> <span class='ocrx_word' id='word_1_247' title='bbox 762 2568 881 2617; x_wconf 72' lang='lat' dir='ltr'>attigit</span> <span class='ocrx_word' id='word_1_248' title='bbox 909 2565 1041 2603; x_wconf 73' lang='lat' dir='ltr'><strong>Matth.</strong></span> 
     </span>
     <span class='ocr_line' id='line_1_45' title="bbox 390 2619 1041 2673; baseline 0.008 -19"><span class='ocrx_word' id='word_1_249' title='bbox 390 2619 457 2655; x_wconf 85' lang='lat' dir='ltr'><strong><em>Gr.</em></strong></span> <span class='ocrx_word' id='word_1_250' title='bbox 478 2621 541 2657; x_wconf 84' lang='lat' dir='ltr'><strong><em>Gr.</em></strong></span> <span class='ocrx_word' id='word_1_251' title='bbox 562 2623 597 2665; x_wconf 59' lang='grc' dir='ltr'><strong><em>ξ.</em></strong></span> <span class='ocrx_word' id='word_1_252' title='bbox 622 2622 713 2670; x_wconf 84' lang='grc'><strong><em>589,</em></strong></span> <span class='ocrx_word' id='word_1_253' title='bbox 734 2636 765 2659; x_wconf 84' lang='lat' dir='ltr'><strong><em>c.</em></strong></span> <span class='ocrx_word' id='word_1_254' title='bbox 787 2636 824 2673; x_wconf 88' lang='lat' dir='ltr'><strong><em>p.</em></strong></span> <span class='ocrx_word' id='word_1_255' title='bbox 846 2625 962 2664; x_wconf 82' lang='lat'><strong>1177.</strong></span> <span class='ocrx_word' id='word_1_256' title='bbox 991 2624 1041 2659; x_wconf 88' lang='lat' dir='ltr'><strong><em>Et</em></strong></span> 
     </span>
     <span class='ocr_line' id='line_1_46' title="bbox 388 2677 1042 2729; baseline 0.006 -18"><span class='ocrx_word' id='word_1_257' title='bbox 388 2681 490 2711; x_wconf 84' lang='lat' dir='ltr'>recte</span> <span class='ocrx_word' id='word_1_258' title='bbox 513 2677 605 2712; x_wconf 67' lang='lat' dir='ltr'><strong>Gall.</strong></span> <span class='ocrx_word' id='word_1_259' title='bbox 626 2678 650 2715; x_wconf 87' lang='lat' dir='ltr'><strong><em>I.</em></strong></span> <span class='ocrx_word' id='word_1_260' title='bbox 674 2678 697 2716; x_wconf 90' lang='grc' dir='ltr'><strong><em>Ι.</em></strong></span> <span class='ocrx_word' id='word_1_261' title='bbox 720 2692 805 2729; x_wconf 81' lang='lat' dir='ltr'><strong>pag.</strong></span> <span class='ocrx_word' id='word_1_262' title='bbox 827 2682 905 2720; x_wconf 80' lang='lat'><strong><em>291</em></strong></span> <span class='ocrx_word' id='word_1_263' title='bbox 929 2680 1042 2716; x_wconf 81' lang='lat' dir='ltr'>intel-</span> 
     </span>
     <span class='ocr_line' id='line_1_47' title="bbox 387 2731 1041 2784; baseline 0.006 -14"><span class='ocrx_word' id='word_1_264' title='bbox 387 2731 481 2770; x_wconf 78' lang='lat' dir='ltr'><strong>lexit</strong></span> <span class='ocrx_word' id='word_1_265' title='bbox 524 2731 727 2772; x_wconf 77' lang='lat' dir='ltr'><em>Thessaliae</em></span> <span class='ocrx_word' id='word_1_266' title='bbox 765 2735 911 2784; x_wconf 77' lang='lat' dir='ltr'><em>incolas,</em></span> <span class='ocrx_word' id='word_1_267' title='bbox 952 2737 1041 2774; x_wconf 77' lang='lat' dir='ltr'><em>dans</em></span> 
     </span>
    </p>
   </div>
   <div class='ocr_carea' id='block_1_10' title="bbox 1097 1721 1755 2165">
    <p class='ocr_par' dir='ltr' id='par_1_11' title="bbox 1097 1721 1755 2165">
     <span class='ocr_line' id='line_1_48' title="bbox 1099 1721 1752 1762; baseline 0.006 -4"><span class='ocrx_word' id='word_1_268' title='bbox 1099 1721 1268 1759; x_wconf 79' lang='lat' dir='ltr'><em>l’e&#39;tendue</em></span> <span class='ocrx_word' id='word_1_269' title='bbox 1299 1721 1398 1759; x_wconf 79' lang='lat' dir='ltr'><em>dela</em></span> <span class='ocrx_word' id='word_1_270' title='bbox 1433 1722 1619 1762; x_wconf 42' lang='lat' dir='ltr'><strong><em>Thessalia).</em></strong></span> <span class='ocrx_word' id='word_1_271' title='bbox 1659 1724 1752 1762; x_wconf 84' lang='lat' dir='ltr'><strong><em>Ma-</em></strong></span> 
     </span>
     <span class='ocr_line' id='line_1_49' title="bbox 1100 1779 1751 1829; baseline 0.003 -14"><span class='ocrx_word' id='word_1_272' title='bbox 1100 1779 1237 1815; x_wconf 75' lang='lat' dir='ltr'><em>cedones</em></span> <span class='ocrx_word' id='word_1_273' title='bbox 1267 1785 1393 1814; x_wconf 63' lang='lat' dir='ltr'>autem</span> <span class='ocrx_word' id='word_1_274' title='bbox 1429 1781 1672 1829; x_wconf 81' lang='lat' dir='ltr'>probabiliter</span> <span class='ocrx_word' id='word_1_275' title='bbox 1698 1782 1751 1818; x_wconf 85' lang='lat' dir='ltr'>illi</span> 
     </span>
     <span class='ocr_line' id='line_1_50' title="bbox 1098 1835 1755 1888; baseline 0.005 -18"><span class='ocrx_word' id='word_1_276' title='bbox 1098 1842 1203 1882; x_wconf 86' lang='lat' dir='ltr'><strong>sunt,</strong></span> <span class='ocrx_word' id='word_1_277' title='bbox 1235 1836 1298 1886; x_wconf 87' lang='lat' dir='ltr'><strong><em>qui</em></strong></span> <span class='ocrx_word' id='word_1_278' title='bbox 1320 1835 1584 1873; x_wconf 73' lang='lat' dir='ltr'>Alexandrum</span> <span class='ocrx_word' id='word_1_279' title='bbox 1616 1850 1755 1888; x_wconf 85' lang='lat' dir='ltr'><strong>seque-</strong></span> 
     </span>
     <span class='ocr_line' id='line_1_51' title="bbox 1098 1892 1755 1942; baseline 0.006 -16"><span class='ocrx_word' id='word_1_280' title='bbox 1098 1892 1257 1938; x_wconf 75' lang='lat' dir='ltr'>bantur,</span> <span class='ocrx_word' id='word_1_281' title='bbox 1316 1904 1431 1942; x_wconf 84' lang='lat' dir='ltr'>quem</span> <span class='ocrx_word' id='word_1_282' title='bbox 1473 1893 1513 1928; x_wconf 90' lang='lat' dir='ltr'><strong><em>iu</em></strong></span> <span class='ocrx_word' id='word_1_283' title='bbox 1552 1895 1755 1930; x_wconf 77' lang='lat' dir='ltr'>Persarum</span> 
     </span>
     <span class='ocr_line' id='line_1_52' title="bbox 1098 1948 1754 1998; baseline 0.003 -14"><span class='ocrx_word' id='word_1_284' title='bbox 1098 1948 1266 1984; x_wconf 81' lang='lat' dir='ltr'>exercitu</span> <span class='ocrx_word' id='word_1_285' title='bbox 1278 1949 1439 1984; x_wconf 85' lang='lat' dir='ltr'>vidimus</span> <span class='ocrx_word' id='word_1_286' title='bbox 1449 1949 1528 1995; x_wconf 69' lang='lat' dir='ltr'>vll,</span> <span class='ocrx_word' id='word_1_287' title='bbox 1550 1952 1637 1990; x_wconf 70' lang='lat'><strong>137.</strong></span> <span class='ocrx_word' id='word_1_288' title='bbox 1654 1951 1754 1998; x_wconf 84' lang='lat' dir='ltr'>vul,</span> 
     </span>
     <span class='ocr_line' id='line_1_53' title="bbox 1101 2004 1754 2055; baseline -0.002 -12"><span class='ocrx_word' id='word_1_289' title='bbox 1101 2004 1179 2043; x_wconf 83' lang='lat'><strong><em>140</em></strong></span> <span class='ocrx_word' id='word_1_290' title='bbox 1200 2017 1280 2055; x_wconf 81' lang='lat' dir='ltr'><strong>seq.</strong></span> <span class='ocrx_word' id='word_1_291' title='bbox 1310 2005 1395 2040; x_wconf 83' lang='lat' dir='ltr'><strong>coll.</strong></span> <span class='ocrx_word' id='word_1_292' title='bbox 1417 2006 1484 2052; x_wconf 79' lang='lat' dir='ltr'><strong><em>IX,</em></strong></span> <span class='ocrx_word' id='word_1_293' title='bbox 1500 2004 1567 2045; x_wconf 90' lang='grc'><strong><em>44.</em></strong></span> <span class='ocrx_word' id='word_1_294' title='bbox 1613 2007 1711 2042; x_wconf 82' lang='lat' dir='ltr'><strong><em>Nam</em></strong></span> <span class='ocrx_word' id='word_1_295' title='bbox 1733 2019 1754 2043; x_wconf 84' lang='lat' dir='ltr'>a</span> 
     </span>
     <span class='ocr_line' id='line_1_54' title="bbox 1097 2059 1753 2099; baseline 0.006 -4"><span class='ocrx_word' id='word_1_296' title='bbox 1097 2059 1296 2096; x_wconf 73' lang='lat' dir='ltr'>mardonio</span> <span class='ocrx_word' id='word_1_297' title='bbox 1319 2062 1394 2097; x_wconf 74' lang='lat' dir='ltr'><strong><em>ium</em></strong></span> <span class='ocrx_word' id='word_1_298' title='bbox 1407 2063 1528 2098; x_wconf 82' lang='lat' dir='ltr'><strong>Persis</strong></span> <span class='ocrx_word' id='word_1_299' title='bbox 1547 2062 1753 2099; x_wconf 45' lang='lat' dir='ltr'><strong>fueresub-</strong></span> 
     </span>
     <span class='ocr_line' id='line_1_55' title="bbox 1097 2118 1753 2165; baseline 0.006 -12"><span class='ocrx_word' id='word_1_300' title='bbox 1097 2118 1184 2153; x_wconf 79' lang='lat' dir='ltr'>iecti</span> <span class='ocrx_word' id='word_1_301' title='bbox 1207 2118 1311 2153; x_wconf 81' lang='lat' dir='ltr'>Darii</span> <span class='ocrx_word' id='word_1_302' title='bbox 1338 2118 1453 2165; x_wconf 81' lang='lat' dir='ltr'>iussu,</span> <span class='ocrx_word' id='word_1_303' title='bbox 1481 2124 1523 2154; x_wconf 91' lang='lat' dir='ltr'><strong><em>ut</em></strong></span> <span class='ocrx_word' id='word_1_304' title='bbox 1542 2119 1655 2156; x_wconf 79' lang='lat' dir='ltr'>refert</span> <span class='ocrx_word' id='word_1_305' title='bbox 1672 2121 1753 2156; x_wconf 90' lang='lat' dir='ltr'><strong><em>No-</em></strong></span> 
     </span>
    </p>
   </div>
   <div class='ocr_carea' id='block_1_11' title="bbox 1096 2171 1342 2222">
    <p class='ocr_par' dir='ltr' id='par_1_12' title="bbox 1096 2171 1342 2222">
     <span class='ocr_line' id='line_1_56' title="bbox 1096 2171 1342 2222; baseline -0.008 -10"><span class='ocrx_word' id='word_1_306' title='bbox 1096 2180 1171 2212; x_wconf 82' lang='lat' dir='ltr'><strong>ster</strong></span> <span class='ocrx_word' id='word_1_307' title='bbox 1192 2174 1254 2222; x_wconf 87' lang='lat' dir='ltr'><strong><em>Vl,</em></strong></span> <span class='ocrx_word' id='word_1_308' title='bbox 1275 2171 1342 2212; x_wconf 90' lang='grc'><strong><em>44.</em></strong></span> 
     </span>
    </p>
   </div>
   <div class='ocr_carea' id='block_1_12' title="bbox 1279 2295 1565 2346">
    <p class='ocr_par' dir='ltr' id='par_1_13' title="bbox 1279 2295 1565 2346">
     <span class='ocr_line' id='line_1_57' title="bbox 1279 2295 1565 2346; baseline 0.01 -15"><span class='ocrx_word' id='word_1_309' title='bbox 1279 2295 1371 2346; x_wconf 76' lang='lat' dir='ltr'><strong><em>Cap.</em></strong></span> <span class='ocrx_word' id='word_1_310' title='bbox 1402 2297 1565 2335; x_wconf 79' lang='lat' dir='ltr'><strong>xxxn.</strong></span> 
     </span>
    </p>
   </div>
   <div class='ocr_carea' id='block_1_13' title="bbox 1096 2398 1748 2788">
    <p class='ocr_par' dir='ltr' id='par_1_14' title="bbox 1097 2398 1748 2674">
     <span class='ocr_line' id='line_1_58' title="bbox 1158 2398 1748 2449; baseline -0.002 -13"><span class='ocrx_word' id='word_1_311' title='bbox 1158 2399 1344 2448; x_wconf 74' lang='grc' dir='ltr'><strong><em>Φρυγῶν]</em></strong></span> <span class='ocrx_word' id='word_1_312' title='bbox 1376 2400 1430 2433; x_wconf 71' lang='lat' dir='ltr'><strong><em>De</em></strong></span> <span class='ocrx_word' id='word_1_313' title='bbox 1454 2398 1652 2449; x_wconf 77' lang='lat' dir='ltr'><strong><em>Phrygibus</em></strong></span> <span class='ocrx_word' id='word_1_314' title='bbox 1671 2398 1748 2435; x_wconf 83' lang='lat' dir='ltr'><strong><em>vid.</em></strong></span> 
     </span>
     <span class='ocr_line' id='line_1_59' title="bbox 1097 2454 1745 2501; baseline 0.003 -11"><span class='ocrx_word' id='word_1_315' title='bbox 1097 2455 1177 2500; x_wconf 73' lang='lat' dir='ltr'>Vll,</span> <span class='ocrx_word' id='word_1_316' title='bbox 1206 2458 1278 2500; x_wconf 76' lang='lat'><strong><em>733</em></strong></span> <span class='ocrx_word' id='word_1_317' title='bbox 1332 2454 1379 2490; x_wconf 89' lang='lat' dir='ltr'><strong><em>de</em></strong></span> <span class='ocrx_word' id='word_1_318' title='bbox 1431 2454 1628 2492; x_wconf 70' lang='lat' dir='ltr'><strong><em>Thracibus</em></strong></span> <span class='ocrx_word' id='word_1_319' title='bbox 1667 2456 1745 2501; x_wconf 87' lang='lat' dir='ltr'>VII,</span> 
     </span>
     <span class='ocr_line' id='line_1_60' title="bbox 1101 2510 1746 2560; baseline 0.002 -14"><span class='ocrx_word' id='word_1_320' title='bbox 1101 2512 1200 2557; x_wconf 81' lang='lat'>1853</span> <span class='ocrx_word' id='word_1_321' title='bbox 1250 2510 1296 2546; x_wconf 89' lang='lat' dir='ltr'><strong><em>de</em></strong></span> <span class='ocrx_word' id='word_1_322' title='bbox 1330 2510 1448 2560; x_wconf 72' lang='lat' dir='ltr'><strong><em>IIIysz&#39;s</em></strong></span> <span class='ocrx_word' id='word_1_323' title='bbox 1486 2511 1530 2560; x_wconf 85' lang='lat' dir='ltr'><strong><em>V,</em></strong></span> <span class='ocrx_word' id='word_1_324' title='bbox 1569 2512 1641 2556; x_wconf 85' lang='lat'><strong><em>74;</em></strong></span> <span class='ocrx_word' id='word_1_325' title='bbox 1700 2512 1746 2547; x_wconf 81' lang='lat' dir='ltr'><strong><em>de</em></strong></span> 
     </span>
     <span class='ocr_line' id='line_1_61' title="bbox 1098 2565 1747 2615; baseline 0.002 -12"><span class='ocrx_word' id='word_1_326' title='bbox 1098 2567 1293 2604; x_wconf 73' lang='lat' dir='ltr'><em>Paeonibus</em></span> <span class='ocrx_word' id='word_1_327' title='bbox 1311 2569 1391 2614; x_wconf 81' lang='lat' dir='ltr'>vll,</span> <span class='ocrx_word' id='word_1_328' title='bbox 1416 2566 1516 2615; x_wconf 78' lang='lat'>1853</span> <span class='ocrx_word' id='word_1_329' title='bbox 1537 2565 1583 2603; x_wconf 89' lang='lat' dir='ltr'><strong><em>de</em></strong></span> <span class='ocrx_word' id='word_1_330' title='bbox 1602 2567 1747 2604; x_wconf 68' lang='lat' dir='ltr'><em>Aethio-</em></span> 
     </span>
     <span class='ocr_line' id='line_1_62' title="bbox 1108 2621 1748 2674; baseline 0.002 -15"><span class='ocrx_word' id='word_1_331' title='bbox 1108 2625 1198 2660; x_wconf 76' lang='lat' dir='ltr'><strong><em>›ibus</em></strong></span> <span class='ocrx_word' id='word_1_332' title='bbox 1219 2625 1296 2671; x_wconf 84' lang='lat' dir='ltr'>Vll,</span> <span class='ocrx_word' id='word_1_333' title='bbox 1319 2625 1385 2664; x_wconf 84' lang='lat'><strong><em>69.</em></strong></span> <span class='ocrx_word' id='word_1_334' title='bbox 1405 2625 1478 2670; x_wconf 80' lang='lat'><strong><em>703</em></strong></span> <span class='ocrx_word' id='word_1_335' title='bbox 1497 2621 1546 2660; x_wconf 80' lang='lat' dir='ltr'><strong><em>de</em></strong></span> <span class='ocrx_word' id='word_1_336' title='bbox 1563 2624 1748 2674; x_wconf 72' lang='lat' dir='ltr'><em>Aegyptiis</em></span> 
     </span>
    </p>

    <p class='ocr_par' dir='ltr' id='par_1_15' title="bbox 1096 2677 1747 2788">
     <span class='ocr_line' id='line_1_63' title="bbox 1129 2677 1747 2730; baseline 0 -14"><span class='ocrx_word' id='word_1_337' title='bbox 1129 2682 1176 2728; x_wconf 90' lang='lat'><strong><em>11,</em></strong></span> <span class='ocrx_word' id='word_1_338' title='bbox 1197 2682 1263 2720; x_wconf 83' lang='lat'><strong><em>89.</em></strong></span> <span class='ocrx_word' id='word_1_339' title='bbox 1320 2679 1514 2715; x_wconf 69' lang='lat' dir='ltr'>Pet-tinent</span> <span class='ocrx_word' id='word_1_340' title='bbox 1546 2677 1634 2726; x_wconf 86' lang='lat' dir='ltr'>huc,</span> <span class='ocrx_word' id='word_1_341' title='bbox 1665 2681 1747 2730; x_wconf 89' lang='lat' dir='ltr'>opi-</span> 
     </span>
     <span class='ocr_line' id='line_1_64' title="bbox 1096 2734 1746 2788; baseline 0.003 -16"><span class='ocrx_word' id='word_1_342' title='bbox 1096 2749 1178 2786; x_wconf 84' lang='lat' dir='ltr'>nor,</span> <span class='ocrx_word' id='word_1_343' title='bbox 1208 2734 1387 2788; x_wconf 85' lang='lat' dir='ltr'>Aeschyli</span> <span class='ocrx_word' id='word_1_344' title='bbox 1412 2735 1526 2773; x_wconf 78' lang='lat' dir='ltr'>verba</span> <span class='ocrx_word' id='word_1_345' title='bbox 1552 2737 1591 2772; x_wconf 76' lang='lat' dir='ltr'><strong><em>In</em></strong></span> <span class='ocrx_word' id='word_1_346' title='bbox 1624 2737 1746 2774; x_wconf 71' lang='lat' dir='ltr'>PersIS</span> 
     </span>
    </p>
   </div>
  </div>
 </body>
</html>
