1996 3238
526 233 583 274 98

935 228 1387 265 HERODOTI

497 337 666 383 Ξπάλαι
696 337 864 388 οἴκεον,
905 334 1109 390 Ἀρκάδες
1134 353 1201 387 τε,
1241 337 1315 379 καὶ
1347 333 1602 388 Κυνούριοι.
1653 335 1703 377 ἓν
1741 336 1788 379 δὲ

527 408 670 457 ἔθνος,
701 402 750 448 τὸ
779 402 995 459 Ἀχαϊκόν,
1022 405 1068 448 ἐκ
1097 405 1175 460 μὲν
1211 402 1558 459 Πελοποννήσου
1597 401 1679 444 οὐκ
1709 402 1789 454 ἐξε-

525 471 713 529 χώρησε,
751 470 797 514 ἐκ
826 471 905 526 μέν
933 487 1002 513 τοι
1028 476 1104 528 τῆς
1133 473 1332 515 ἑωυτῶν·
1371 472 1499 514 οἰκέει
1536 469 1582 514 δὲ
1611 469 1691 525 τήν
1716 469 1790 513 ἀλ.-

527 541 719 595 λοτρίην.
749 538 802 581 τὰ
832 539 878 581 δὲ
908 539 1038 583 λοιπὰ
1068 541 1199 584 ἔθνεα
1230 543 1319 582 τῶν
1349 538 1454 582 ἑπτά
1485 538 1676 592 τέσσερα,
1693 536 1791 594 ἐπή-

495 605 640 651 3λυδοὶ
671 607 774 658 ἐστι,
805 607 996 661 Δωριέες
1032 623 1097 659 τε,
1137 608 1210 651 καὶ
1241 606 1440 658 Αἰτωλοὶ,
1469 606 1542 649 καὶ
1572 606 1788 660 Δρύοπες,
1802 613 1847 647 80

523 675 598 719 καὶ
626 674 827 732 Λήμνιοι.

521 884 708 941 Ἀρκᾶδες
731 903 770 928 τε
790 888 858 928 καὶ
884 887 1125 943 Κυνούριοι]

468 946 654 982 Pausania
696 947 719 985 l.
748 946 774 982 l.
806 953 960 983 auctore
995 954 1126 997 gentes

467 1003 777 1052 Peloponnesum
806 1003 1013 1040 incolentes
1040 1010 1129 1040 sunt

467 1059 622 1096 Arcades
644 1059 827 1107 indigenae
847 1067 960 1111 atque
981 1060 1127 1109 Achaei,

469 1116 535 1167 qui
563 1128 584 1151 a
611 1116 773 1152 Doribus
806 1115 896 1152 sede
936 1130 1004 1153 sua
1038 1130 1128 1153 cum

467 1172 566 1222 pulsi
581 1178 722 1219 essent,
752 1185 832 1208 non
854 1174 992 1223 egressi
1013 1175 1127 1209 Pelo-

467 1240 637 1278 ponneso
677 1241 762 1264 eam
801 1230 955 1266 Ionibus
1001 1231 1127 1266 eiectis

466 1296 575 1320 oram
594 1291 777 1332 tenuere,
809 1298 907 1336 quae
935 1286 1027 1322 olim
1046 1287 1128 1322 Ae-

466 1341 588 1389 gialus
616 1340 716 1378 dicta
742 1353 846 1378 nunc
876 1342 923 1378 ab
954 1341 1011 1379 his
1041 1343 1128 1393 ipsis

464 1395 628 1433 Achaeis
649 1395 825 1433 Achaeae
852 1411 997 1435 nomen
1017 1411 1129 1435 acce-

465 1453 534 1503 pit.
583 1453 739 1490 Arcades
765 1467 856 1491 vero
888 1454 994 1491 idem
1025 1455 1131 1493 addit

466 1508 621 1546 easdem
665 1523 817 1561 semper
855 1513 1030 1562 regiones
1070 1519 1131 1549 te·-

464 1566 612 1603 nuisse:
636 1579 802 1618 quocum
818 1570 1052 1605 conveniunt
1071 1575 1131 1605 te-

464 1622 642 1659 stimonia
656 1622 839 1660 Herodoti
854 1625 901 1671 11,
915 1627 1006 1673 171,
1019 1623 1129 1661 Thu-

465 1677 611 1729 cydidis
629 1680 668 1726 Ι,
703 1682 729 1719 2
750 1680 932 1727 aliorum,
955 1694 1049 1731 quos
1070 1681 1129 1717 af-

466 1734 564 1770 ferre
584 1734 716 1785 pudet.
765 1737 941 1788 Namque
961 1736 1127 1774 Arcades

465 1792 660 1828 montibus
691 1791 764 1828 suis
786 1793 927 1842 pellere
955 1806 1033 1829 non
1056 1807 1128 1844 po-

466 1853 621 1884 tuerunt
649 1849 768 1884 Dores
807 1856 871 1886 aut
908 1851 1126 1898 noluerunt,

468 1905 610 1955 quippe
640 1905 824 1955 religione
855 1905 1021 1957 quadam
1056 1908 1128 1944 ob-

466 1961 607 1997 stricti:
649 1973 725 2012 quo
765 1969 907 2012 spectat
942 1964 1128 2013 Polyaeni

466 2018 630 2053 narratio
659 2019 696 2062 l,
726 2019 753 2057 7
785 2019 871 2058 coll.
903 2018 1060 2057 Diodor.
1090 2021 1126 2056 Π

466 2086 506 2124 p.
526 2073 606 2115 635
628 2073 793 2111 Wessel.

522 2183 564 2224 ἐκ
594 2181 666 2235 μὲν
707 2182 1023 2236 Πελοποννήσου
1051 2181 1125 2225 οὐκ

464 2236 681 2291 ἐξεχώρησε
697 2256 735 2280 κ.
764 2256 797 2281 τ.
819 2243 870 2291 L]
897 2243 1001 2287 Quae
1021 2241 1125 2280 hunc

465 2298 506 2333 in
536 2296 695 2334 modum
716 2301 896 2348 expressit
920 2300 1125 2336 Pausanias

465 2353 562 2390 1.l.:
606 2349 655 2393 οὐ
693 2353 826 2405 μέντοι
863 2352 1127 2406 Πελοποννή-

467 2421 538 2448 σου
562 2424 606 2461 ys
639 2407 904 2462 ἐξεχώρησαν,
936 2407 1033 2449 ἄλλά
1063 2411 1123 2451 ἕκ-

466 2463 653 2516 βαλόντες
681 2464 823 2513 Ἴωνας
848 2465 1032 2518 νέμονται
1059 2464 1124 2506 τὸν

465 2520 661 2573 Αἰγιαλόν
687 2520 731 2562 τό
759 2518 948 2574 ἆρχαῖον,
977 2526 1054 2562 νῦν
1081 2521 1124 2562 δὲ

467 2573 549 2616 dno*
579 2581 655 2616 τῶν
678 2575 843 2630 Ἀχαιῶν
877 2577 1029 2620 τούτων
1055 2595 1125 2619 κα-

466 2630 686 2683 λούμενονς
717 2637 854 2687 quibus
872 2638 1022 2687 respicit
1041 2639 1123 2673 He—

465 2688 648 2726 rodotea:
685 2691 803 2731 οἰκέει
834 2691 876 2732 δὲ
901 2691 976 2744 τήν
1007 2688 1121 2732 ἄλλο·

464 2746 578 2796 τρίην
591 2747 616 2782 i.
628 2759 661 2787 e.
682 2748 866 2786 Achaiam.
895 2752 952 2786 De
960 2748 1121 2787 Achaeis

464 2802 564 2840 cons.
591 2803 732 2841 Herod.
753 2806 791 2853 1,
832 2804 924 2846 145.
955 2807 1122 2845 Pausan.

886 674 1096 730 Δωριέων
1125 674 1218 729 μὲν,
1249 675 1405 718 πολλαί
1433 690 1477 717 τε
1507 673 1582 718 καὶ
1616 672 1791 730 δόκιμοι

1183 891 1264 939 V11,
1289 893 1326 932 1.
1351 891 1479 929 Strab.
1501 891 1590 929 VIII
1604 906 1640 942 p.
1663 891 1745 932 514
1759 893 1846 934 B.S.

1183 961 1223 998 p.
1244 950 1340 989 333.
1358 949 1436 989 588
1453 950 1498 985 Β.
1519 962 1547 987 s,
1570 962 1608 999 p.
1631 950 1724 989 383.

1240 1001 1288 1042 τοὶ
1311 1002 1354 1044 δὲ
1384 1002 1504 1044 λοιποὶ
1523 1004 1645 1045 ἔθνεα
1666 1026 1719 1032 -—-
1743 1000 1846 1054 ε’πή-

1183 1057 1284 1099 λυὸοἱ
1302 1060 1400 1110 {on}
1430 1061 1493 1099 Ad
1513 1074 1649 1099 vocem
1669 1056 1846 1111 ἐπήλυδα

1185 1118 1286 1154 conf.
1320 1116 1457 1154 Matth.
1497 1119 1564 1155 Gr.
1600 1119 1665 1156 Gr.
1702 1118 1739 1162 §.
1767 1119 1846 1157 112

1182 1180 1264 1212 not.
1300 1176 1318 1213 1
1361 1187 1447 1224 pag.
1479 1176 1574 1215 228.
1614 1176 1847 1224 Frequentat

1184 1243 1270 1266 eam
1291 1243 1445 1282 quoque
1465 1232 1670 1267 Pausanias
1691 1230 1753 1277 lv,
1780 1228 1846 1277 34,

1188 1289 1225 1326 1.
1253 1287 1310 1334 ΙΙ,
1348 1287 1372 1328 5
1407 1288 1444 1332 §.
1476 1291 1515 1328 2.
1554 1289 1708 1335 1X‚29
1739 1288 1776 1332 §.
1809 1288 1846 1333 1,

1185 1356 1283 1394 quae
1304 1345 1471 1380 excitans
1493 1344 1634 1381 Siebel.
1664 1344 1704 1378 iu
1729 1341 1844 1379 indic.

1185 1412 1215 1435 s.
1246 1413 1283 1437 v.
1315 1399 1496 1436 amandat
1523 1399 1571 1436 ad
1602 1397 1761 1436 Lobeck
1797 1397 1846 1435 ad

1187 1453 1371 1506 Sophocl.
1393 1456 1500 1493 Aiac.
1521 1469 1609 1506 pag.
1630 1458 1724 1495 271.
1761 1456 1847 1505 Ap-

1185 1513 1309 1562 prime
1348 1519 1477 1549 autem
1511 1511 1588 1549 huc
1618 1513 1708 1549 facit
1742 1510 1847 1548 idem

1185 1569 1392 1606 Pausanias
1429 1570 1513 1606 loco
1543 1581 1656 1620 supra
1690 1567 1845 1605 laudato

1185 1627 1237 1661 sic
1258 1626 1452 1662 scribens:
1484 1622 1530 1663 τοὶ
1555 1624 1598 1664 δὲ
1625 1622 1745 1664 λοιπὰ
1775 1622 1845 1675 (sc.

1184 1679 1279 1732 γένη
1319 1678 1394 1731 τήν
1433 1677 1747 1730 Πελοπόννησον
1784 1680 1846 1719 οἰ-

1183 1738 1350 1786 κοῦντα)
1391 1733 1598 1788 ἐπηλύδων
1637 1736 1743 1776 ἐστὶν
1773 1732 1846 1775 οἷν-

1183 1790 1365 1845 θρώπων
1387 1806 1430 1830 ac
1451 1793 1537 1831 dein
1562 1794 1704 1844 profert
1723 1793 1845 1844 Dryo-

1177 1863 1252 1900 pes,
1284 1850 1482 1895 Dorienses,
1500 1852 1583 1887 illos
1605 1864 1625 1886 e
1645 1851 1844 1897 Parnasso,

1183 1905 1253 1943 hos
1284 1920 1333 1943 ex
1354 1908 1447 1944 Oeta
1468 1909 1655 1957 ingressos
1669 1908 1707 1943 in
1729 1907 1846 1943 Pelo-

1182 1975 1398 2013 ponnesum
1412 1978 1421 2011 3
1443 1971 1525 2000 tum
1540 1963 1648 2000 Eleos
1664 1976 1713 2000 ex
1723 1964 1845 2000 Aeto-

1182 2020 1230 2056 lia
1253 2019 1442 2068 advectos,
1463 2022 1578 2071 igitur
1589 2020 1739 2057 Aetolos.
1768 2019 1845 2056 Le-

1182 2077 1292 2113 mnias
1333 2078 1460 2114 omisit
1509 2078 1679 2129 itemque
1721 2075 1843 2126 Cynu-

1181 2145 1262 2170 reos.

1239 2186 1428 2240 Δωριέων
1448 2185 1520 2239 μὲν
1545 2187 1688 2227 πολλαί
1714 2202 1755 2226 τε
1773 2186 1842 2227 καὶ

1182 2240 1341 2295 δόκιμοι
1371 2241 1510 2292 πόλις]
1559 2245 1659 2282 Satis
1706 2251 1842 2281 notum

1181 2307 1255 2348 est,
1277 2303 1394 2337 Dores
1415 2301 1671 2351 Peloponnesi
1689 2307 1762 2338 tres
1781 2308 1841 2338 te·-

1179 2358 1305 2393 nuisse
1325 2363 1448 2407 partes
1474 2358 1741 2408 amplissimas:
1763 2359 1841 2394 Ar-

1179 2411 1360 2462 golidem‚
1393 2415 1623 2460 Laconiam,
1656 2415 1840 2451 Messeni-

1181 2481 1260 2516 am3
1317 2471 1450 2507 incolis
1494 2471 1702 2521 prioribus,
1743 2483 1838 2522 quos

1179 2525 1353 2563 Achaeos
1383 2526 1495 2564 fuisse
1535 2528 1732 2573 novimus,
1772 2533 1838 2564 aut

1179 2583 1306 2619 eiectis
1326 2589 1389 2619 aut
1408 2583 1604 2630 subiectis,
1624 2585 1663 2620 in
1683 2584 1836 2633 pei-ioe-

1177 2651 1313 2675 corum
1349 2639 1428 2678 scil.
1473 2646 1613 2676 statum
1660 2638 1834 2679 redactis.

1177 2694 1262 2732 vid.
1284 2694 1425 2732 Herod.
1456 2696 1563 2744 V111,
1597 2698 1663 2736 31.
1711 2697 1747 2743 l,
1779 2697 1834 2738 56

1176 2752 1305 2803 ibique
1331 2759 1425 2792 nott,
1462 2759 1498 2789 et
1535 2764 1633 2804 quae
1664 2751 1712 2788 ad
1747 2750 1786 2789 h.
1805 2753 1834 2795 l.

1175 2809 1353 2847 excitavit
1385 2806 1635 2847 Valckenaer.
1673 2809 1828 2847 Isocrat.
