1879 3222
166 833 204 861 nd
223 833 351 869 ephoros
375 842 444 862 ora-

166 867 277 895 tionem
301 867 413 895 habent

166 901 284 937 plenam
307 902 446 941 querela-

169 942 233 961 rum
267 936 303 961 ob
334 935 446 963 auxilia

169 967 296 995 nondum
309 969 409 996 missa.

487 185 570 224 212

885 182 1344 219 HERODOTI

459 299 481 333 2
499 303 580 335 σαν
610 289 652 341 ἐς
681 293 936 344 Σαλαμῖνα·
969 290 1011 341 ἐς
1041 289 1347 346 Λακεδαίμονά
1383 306 1426 334 τε
1456 291 1645 346 ἔπεμπον
1675 290 1746 346 ἆγ-

487 358 651 415 γέλους,
693 356 781 411 ἅμα
810 357 887 411 μὲν
915 359 1215 413 μεμψομένους
1235 364 1346 401 τοῖσι
1363 359 1746 413 Λακεδαιμονίοισι

496 426 562 470 ὅτι
578 425 794 477 περιεῖδον
807 423 1045 479 ἐμβαλόντα
1059 425 1135 468 τόν
1154 425 1377 480 βάρβαρον
1394 425 1436 476 ἐς
1455 424 1746 481 τῆνἈττικὴν,
1756 431 1802 464 70

497 491 584 536 ἀλλ’
609 491 662 535 ου’
682 492 787 547 μετὰ
811 495 956 547 σφέων
975 491 1186 546 ἠντίασαν
1211 492 1251 542 ἒς
1277 492 1354 547 τὴν
1374 494 1598 548 Βοιωτίην.

1658 492 1746 547 ἅμα

496 561 541 604 δὲ
571 558 903 615 ὑπομνήσοντας
932 559 1014 602 ὅσα
1044 570 1122 612 σφι
1149 557 1352 614 ὑπέσχετο
1383 560 1405 604 ὁ
1427 560 1595 616 Πέρσης
1624 575 1747 613 μετα-

493 631 676 684 βαλοῦσι
693 629 859 670 δώσειν·
881 628 1086 681 προεῖπαί
1105 642 1160 674 τε,
1183 626 1250 668 ὅτι
1272 627 1308 669 εἰ
1325 626 1382 683 μὴ
1402 625 1612 682 ἀμυνεῦσι
1631 625 1748 681 Ἀθη-

493 697 674 744 ναίοισι,
714 693 772 745 ὥς
809 695 879 737 καὶ
931 694 1055 736 αὐτοί
1093 710 1190 735 τινα
1232 691 1424 748 ἀλεωρήν
1469 692 1744 749 εὑρήσονται.

403 771 436 816 7
492 763 546 804 Οἱ
573 760 655 816 γάρ
675 761 726 816 δὴ
754 760 1093 814 Λακεδαιμόνιοι
1118 759 1296 814 ὅρταζόν
1313 777 1355 804 τε
1375 765 1535 804 τοῦτον
1555 759 1631 802 τὸν
1654 758 1745 813 χρό-
1756 764 1802 799 75

499 845 602 877 νον,
640 830 819 882 ιιαί’σφι
848 824 903 884 ἦν
927 827 1172 870 Ὑακίνθια·
1201 828 1300 880 περὶ
1329 831 1529 871 πλείστου
1560 825 1602 869 δ’
1639 823 1747 880 ἦγον

502 896 554 938 τὰ
583 899 663 937 τοῦ
691 900 804 938 θεοῦ
832 895 1086 949 πορσύνειν·
1117 894 1205 949 ἅμα
1223 896 1269 939 δὲ
1297 894 1346 939 τὸ
1370 894 1505 950 τεῖχός
1526 905 1606 949 σφι
1632 892 1680 936 τὸ
1701 891 1766 948 ἐν

499 966 561 1020 τῷ
587 960 746 1022 Ἰσθμῷ
771 964 976 1020 ἐτείχεον,
1005 963 1077 1007 καὶ
1107 963 1187 1019 ἤδη
1216 962 1406 1016 ἐπάλξεις
1435 962 1658 1021 ἐλάμβανε.

493 1125 532 1173 ἐς
548 1119 832 1176 Λακεδαίμονά
841 1140 881 1164 τε
899 1121 1090 1176 ἔπεμπον]

437 1182 682 1226 Schaeferus,
726 1195 843 1233 quem
876 1181 1010 1221 matth.
1056 1188 1092 1218 et

436 1238 606 1276 Bekker.
644 1245 880 1289 sequuntur,
923 1251 972 1274 ex
1011 1250 1089 1274 uno

438 1294 630 1334 Sancrofti
660 1295 756 1331 libro
789 1293 944 1331 dederat
974 1293 1092 1345 ἔπεμ-

436 1361 536 1403 ψαν.
566 1350 758 1402 Equidem
780 1351 966 1396 revocavi,
989 1349 1092 1403 quod

399 1418 401 1421 '
437 1409 573 1459 reliqui
593 1409 677 1444 libri
696 1408 880 1448 ferebant.
937 1409 995 1443 De
1014 1409 1094 1457 ipsa

437 1466 638 1515 legatione*
664 1464 767 1500 conf.
808 1465 908 1500 Plut.
939 1463 1092 1500 Aristid.

439 1524 505 1568 10,
527 1521 591 1572 qui
620 1521 744 1558 solum
767 1519 971 1557 Aristidem
999 1523 1094 1556 mis-

436 1590 524 1614 sum
543 1590 621 1614 esse
641 1577 768 1613 refert.
790 1599 841 1604 --
870 1578 990 1613 Usum
1010 1589 1094 1626 par-

436 1634 574 1670 ticulae
604 1647 644 1670 τε
673 1633 790 1668 semel
817 1633 959 1683 positae
989 1633 1095 1682 attigi

439 1688 488 1726 ad
509 1689 599 1735 V11,
625 1689 717 1727 188.

495 1745 698 1796 προεῖπαι]
722 1744 792 1790 ,,Ιη
802 1746 1092 1793 προεῖπανιῃῑι-

440 1800 602 1839 tandum
624 1801 881 1850 suspicabatur
901 1800 1090 1835 Koenius:

437 1861 616 1908 praeterea
626 1856 931 1900 denuntz'arunt‚ni
939 1857 1094 1892 venirent

440 1913 705 1951 Atheniensibus
745 1913 901 1959 auxilio,
941 1912 1000 1948 lios
1028 1911 1097 1948 sibi

440 1973 533 2020 ipsos
556 1973 712 2005 tutamen
747 1969 921 2018 quoddam
941 1971 1098 2017 paratu-

440 2038 518 2063 ros:
555 2026 607 2062 sio
639 2023 840 2060 redderem
870 2023 1097 2070 Herodotea,

443 2080 497 2128 ὥς
535 2079 601 2120 καὶ
640 2076 754 2119 αὕτοί
790 2096 878 2120 τινα
917 2076 1098 2131 α’λεωρήν

445 2135 702 2188 εὑρήσονται,
732 2136 771 2173 id
809 2144 863 2174 est
903 2132 1098 2187 ἀποστρο-

442 2190 528 2245 φὴν
560 2190 835 2244 ἓτοιμοῖσονται
858 2194 919 2230 vel
940 2192 1097 2241 ἐκπορί-

443 2263 590 2289 σονται.
654 2251 736 2286 Hoc
778 2249 989 2300 significatu
1028 2249 1097 2284 sibi

437 2307 595 2357 parandi
613 2306 674 2343 vel
708 2304 928 2356 adipiscendi
956 2305 1095 2341 veteri-

444 2364 511 2400 bus
532 2363 811 2414 frequentatum
830 2359 1014 2412 εῑῗρέσθαι
1027 2360 1095 2395 ad-

442 2418 565 2455 hibuit
592 2419 787 2470 aliquoties
825 2416 968 2457 Herod,
999 2417 1095 2452 infra

444 2476 499 2512 bis
527 2489 560 2512 c.
582 2477 634 2514 26
655 2481 691 2510 et
711 2476 764 2515 28
793 2471 951 2513 ’Ἀδειαν
985 2470 1097 2524 εὗρέ-

446 2535 543 2569 σθαι
561 2531 622 2567 vel
651 2526 815 2581 εἰρήνην
848 2530 908 2566 vel
939 2524 1097 2580 οἷγαθόν

446 2601 502 2633 τι,
543 2588 748 2623 locutiones
785 2593 872 2624 sunt
905 2586 1099 2622 usitatissi—

447 2654 552 2678 mae:
577 2641 764 2692 εὑρέσθαι
778 2657 884 2693 παρα
897 2644 975 2681 τῶν
990 2644 1098 2681 θεῶν

448 2700 529 2736 τῶν
567 2694 773 2747 παρόντων
807 2701 941 2737 κακῶν
971 2693 1099 2737 ἐπαλ-

447 2749 571 2806 λαγην
597 2753 691 2790 dixit
719 2756 870 2792 Isocrat.
900 2756 940 2791 in
976 2755 1097 2804 Evag.

1148 1137 1236 1176 pag.
1263 1127 1334 1165 191
1359 1125 1391 1160 Ε
1415 1124 1493 1175 [cp.
1515 1123 1539 1165 5
1570 1125 1606 1170 ξ.
1631 1122 1695 1174 14]
1730 1122 1802 1160 vid.

1147 1183 1282 1218 Dawes
1297 1182 1335 1217 iu
1351 1182 1454 1218 Misc.
1473 1182 1560 1218 Crit.
1582 1193 1668 1232 pag.
1681 1179 1803 1222 258.“

1154 1238 1212 1275 Va
1225 1238 1264 1274 lc
1278 1236 1299 1273 k
1313 1250 1376 1275 en.
1409 1236 1627 1288 Schweigh.
1647 1239 1687 1272 in
1706 1238 1802 1275 Lex.

1148 1293 1290 1332 Herod.
1344 1293 1583 1330 reddendum
1635 1294 1802 1330 censuit:

1147 1350 1317 1401 „aliquod
1341 1350 1568 1387 levamentum
1596 1350 1664 1387 sihi
1688 1362 1803 1399 para-

1147 1407 1254 1454 bunt,
1284 1407 1329 1443 ils
1350 1410 1469 1443 savent
1501 1410 1640 1443 trouver
1660 1405 1804 1455 quelque

1148 1464 1427 1512 soulagement.“
1482 1461 1562 1500 Sed
1592 1475 1681 1499 cum
1700 1463 1804 1498 Koe-

1147 1521 1212 1556 nio
1244 1526 1286 1556 ut
1312 1532 1470 1570 reponas
1503 1522 1721 1570 προεῖπαν,
1763 1516 1803 1554 id

1147 1577 1307 1612 minime
1344 1588 1464 1626 opus;
1504 1588 1623 1627 quum
1659 1575 1803 1611 subitus

1147 1631 1187 1668 h.
1201 1633 1223 1668 Ι.
1243 1633 1290 1668 sit
1310 1634 1487 1668 orationis
1501 1633 1687 1677 transitus,
1709 1642 1804 1680 qua-

1147 1688 1224 1724 lem
1247 1688 1333 1722 alibi
1361 1700 1515 1738 quoque
1548 1688 1587 1723 iu
1618 1685 1674 1723 his
1701 1687 1803 1723 libris

1143 1744 1362 1794 reperimus.
1430 1744 1503 1788 Qui
1550 1744 1653 1779 enim
1691 1755 1803 1792 supra

1148 1799 1294 1836 dixerat
1310 1799 1485 1849 ἔπεμπον
1508 1794 1706 1850 ἀγγέλους,
1726 1800 1803 1835 iam

1150 1856 1246 1893 dixit
1265 1859 1452 1904 apozima
1478 1868 1521 1891 ac
1550 1857 1581 1892 si
1607 1867 1806 1906 praegres-

1151 1925 1236 1950 sum
1258 1918 1352 1949 esset
1372 1910 1551 1950 ἐκέλευον
1579 1926 1670 1958 τους
1685 1907 1807 1978 αγγέ-

1152 1971 1257 2015 λους.
1292 1987 1343 1995 ·—
1374 1966 1436 2004 Ad
1456 1963 1686 2018 particulas
1673 1963 1733 2007 ότι
1751 1988 1807 1995 --

1153 2023 1232 2071 ὥς,
1272 2037 1434 2076 quarum
1475 2024 1592 2061 altera
1625 2022 1804 2070 abundat,

1152 2080 1228 2118 vid.
1255 2079 1390 2118 Matth.
1411 2082 1478 2118 Gr.
1499 2082 1564 2117 Gr.
1587 2081 1623 2125 §.
1645 2082 1748 2129 628,
1780 2082 1805 2120 3

1151 2150 1240 2189 pag.
1261 2139 1376 2177 1282.

1376 2193 1468 2243 Cap.
1497 2192 1579 2230 VII.

1205 2246 1430 2297 Ὑακίνθια]
1458 2249 1593 2299 Attigit
1612 2244 1805 2287 Plutarch,

1149 2305 1185 2340 11
1215 2317 1301 2355 pag.
1321 2306 1400 2345 873
1430 2306 1476 2341 E.
1515 2306 1572 2341 De
1602 2305 1683 2354 ipso
1711 2303 1805 2340 festo

1151 2360 1226 2398 vid.
1248 2367 1343 2397 nott.
1373 2360 1421 2398 ad
1440 2362 1529 2409 vll,
1559 2363 1651 2400 206.
1701 2360 1805 2405 Quae

1151 2424 1383 2469 sequuntur:
1431 2417 1614 2456 πλείστου
1650 2411 1682 2455 δ’
1704 2409 1804 2466 ἦγον

1152 2471 1199 2512 τοὶ
1232 2476 1304 2512 τοῦ
1333 2476 1436 2513 θεοῦ
1466 2469 1680 2524 πορσύνειν
1708 2471 1747 2517 (ἰ.
1771 2484 1805 2508 e.

1152 2532 1298 2566 maximi
1325 2529 1509 2580 faciebant
1544 2540 1614 2565 rem
1650 2527 1805 2564 divinam

1154 2600 1277 2623 curare
1299 2599 1327 2624 5.
1349 2587 1638 2631 administrare),
1670 2590 1806 2620 tracta-

1153 2644 1188 2680 vi
1210 2642 1257 2679 ad
1280 2643 1311 2679 V
1323 2672 1331 2687 ,
1355 2645 1421 2683 63.

1207 2697 1274 2737 καὶ
1288 2695 1367 2749 ἥδη
1382 2692 1560 2744 ἐπάλξεις
1576 2692 1802 2746 ἐλάμβανε]

1153 2756 1228 2792 Pro
1248 2754 1315 2794 καὶ
1343 2750 1407 2804 δή,
1427 2752 1530 2805 quod
1549 2765 1637 2790 cum
1657 2751 1803 2790 Schae-
