1879 3222
0 3055 6 3222 l

519 203 911 241 CALLIOPE.
971 205 1047 242 IX.

1333 205 1414 247 241

162 314 388 367 ,,δννευέιν
421 310 744 367 συμβάλλοντα·
784 310 831 353 ἐκ
862 311 907 353 δὲ
935 316 1014 356 τοῦ
1054 315 1415 371 Πελοποννησίου

160 380 503 435 ,,στρατοπέδου,
542 379 620 422 τὸν
649 377 704 421 ἂν
734 377 883 433 σφέων
912 378 1058 424 αὐτῶν
1085 384 1269 436 κρίνωσι
1304 380 1415 426 εἶναι

160 449 392 505 ,,ἅριστον,
430 446 587 492 τοῦτόν
626 448 669 490 οἱ
715 450 1047 502 μουνομαχῆσαι
1083 450 1150 492 ἐπὶ
1188 449 1408 505 διακειμέ-
1424 456 1468 491 25

131 522 317 570 5,,νοισι.
355 515 470 567 ἔδοξέ
497 531 541 558 τε
569 519 682 558 τοῖσι
713 518 1106 568 Πελοποννησίοισι
1135 520 1271 558 ταῦτα
1301 516 1412 561 εἶναι

159 582 382 639 ,,ποιητεά,
420 584 492 625 καὶ
531 583 689 638 ἔταμον
734 582 861 636 ὅρκια
890 582 959 625 ἐπὶ
988 581 1103 638 λόγῳ
1133 586 1312 642 τοιῷδε·
1357 584 1413 641 ἢν

156 651 262 706 ,μὲν
287 650 447 701 “Titios
489 651 645 706 νικήσῃ
685 651 764 694 τὸν
797 651 1168 704 Πελοποννησίων
1206 651 1410 706 ἡγεμόνα,

156 718 376 769 »κατιέναι
403 718 685 772 ἹΙρακλείόας
714 719 782 762 ἐπὶ
815 718 866 761 τοὶ
896 717 1114 770 πατρώϊα·
1145 717 1201 772 ἢν
1233 718 1277 761 δὲ
1293 735 1413 774 νικη-

154 788 264 841 ,,θῇ,
305 785 356 828 τὰ
404 786 587 841 ἔμπαλιν
621 785 902 841 ἿῘρακλείδας
932 785 1302 839 ἀπαλλάσσεσθαι,
1340 786 1469 828 καὶ30

154 851 365 908 ,,οὲποῖγειν
400 854 480 910 τήν
517 855 743 910 στρατιὴν,
783 853 939 897 ἑκατόν
967 869 1011 896 τε
1040 853 1169 896 ἐτέων
1197 853 1254 910 μή
1288 856 1413 910 ζητῆ-

116 927 263 974 ,6,,σαι
292 921 480 965 κάτοδον
510 922 552 972 ἐς
567 921 918 978 Πελοπόννησον.
952 924 1192 978 προεκρίθη
1217 937 1260 964 τε
1283 921 1336 978 δὴ
1366 922 1414 966 ἐκ

154 986 360 1040 ,,πα’ντων
390 989 625 1046 συμμάχων
655 990 883 1046 ἐθελοντής
897 989 1097 1046 ’Ἐχεμος,
1137 990 1160 1033 ὁ
1189 988 1414 1045 Ἠερόπου,

99 1170 160 1201 tur
189 1164 253 1201 tali
272 1164 501 1212 mutatione,
537 1165 639 1202 libris
663 1164 758 1202 scri-

98 1222 172 1271 ptis
200 1223 421 1272 praesertim
436 1223 573 1259 invitis.
608 1223 665 1258 De
683 1235 757 1259 vo-

99 1278 185 1313 cula
206 1272 262 1316 ιὸν
282 1280 431 1315 monuit
451 1277 587 1316 matth.
610 1279 675 1316 Gr.
689 1280 756 1316 Gr.

99 1334 136 1379 ᾗ.
158 1334 238 1375 625
258 1348 296 1385 p.
330 1338 451 1376 1273.

153 1389 217 1429 ἐπὶ
244 1390 550 1442 διακειμένοισι]
583 1392 606 1430 i.
625 1406 658 1428 e.
680 1404 758 1428 cer-

98 1447 145 1482 tis
169 1448 377 1496 quibusdam
404 1450 590 1499 propositis
620 1449 757 1497 legibus

98 1516 128 1540 s.
149 1503 417 1553 conditionibus,
440 1505 486 1541 de
504 1507 638 1558 quibus
658 1507 756 1541 iuter

97 1566 277 1612 utrosque
297 1570 538 1599 convenerat.
569 1563 755 1599 CitatHe-

98 1615 254 1653 rodotea
274 1617 444 1655 Eustath.
466 1619 513 1655 ad
533 1620 577 1656 11.
597 1633 635 1669 p.
658 1620 751 1666 233,

98 1675 189 1713 335.
213 1676 304 1721 177,
327 1674 364 1715 5.
404 1675 517 1712 Haud
538 1676 644 1711 aliter
663 1675 754 1710 Plu-

98 1728 218 1766 tarch.
243 1730 361 1767 Thes.
391 1734 440 1772 17
467 1730 532 1771 ἐπὶ
558 1735 641 1777 τοῖς
669 1729 753 1782 ὁρι-

99 1790 268 1825 σθεῖσιν.
307 1789 405 1824 Mor.
443 1789 478 1824 ΙΙ
506 1803 545 1839 p.
589 1790 670 1829 808
703 1788 752 1824 A.

98 1841 163 1881 ἐπὶ
184 1845 281 1897 πᾶσι
306 1842 486 1892 δικαίοις.
545 1844 607 1880 Ad
638 1857 753 1893 argu-

100 1906 276 1935 mentum
317 1901 390 1937 loci
435 1903 488 1939 sic
531 1901 617 1938 Val
633 1901 753 1938 chen.

101 1956 233 2003 „Quae
254 1955 300 1992 de
320 1958 434 2008 Hyllo
454 1964 654 1994 narrantur
676 1959 756 1992 He-

103 2011 244 2048 raclida
265 2014 371 2049 certis
387 2014 455 2049 sub
478 2013 755 2050 conditionibus

103 2067 152 2104 ad
181 2070 371 2118 singulare
410 2077 602 2106 certamen
641 2070 756 2105 Pelo-

101 2127 370 2175 ponnesiorum
395 2127 757 2176 praestantissimum

99 2189 342 2232 provocante,
360 2184 569 2233 comparari
581 2188 758 2232 poterunt

102 2251 192 2275 cum
211 2238 368 2277 Diodor.
399 2240 476 2276 Sic.
497 2240 558 2286 IV,
581 2239 646 2279 58.
679 2237 757 2275 Sed

103 2296 208 2332 iuxta
223 2295 447 2344 Diodorum,
460 2297 573 2347 Hyllo
585 2294 755 2342 cadente,

103 2352 203 2388 intra
232 2366 350 2390 annos
378 2354 652 2404 quinquaginta
679 2364 756 2388 non

102 2416 379 2446 reverterentur
398 2411 435 2445 in
448 2410 756 2459 Peloponnesum

103 2465 346 2503 Heraclidae:
369 2467 491 2503 verius
511 2467 574 2502 ille
589 2467 757 2516 scripsis-

104 2528 159 2559 set
192 2536 281 2560 cum
306 2521 498 2559 Herodoto
526 2520 634 2569 ἐντὸς
660 2522 757 2560 ἐτῶν

108 2577 260 2629 ἑκατὸν,
290 2579 415 2616 iudice
442 2580 522 2616 viro
538 2591 687 2615 summo
709 2577 757 2615 ad

106 2635 258 2676 Diodor.
283 2637 392 2674 Conf.
412 2637 550 2672 Meurs.
569 2637 628 2671 De
652 2647 756 2685 regn.

110 2691 247 2731 Laced.
277 2706 358 2744 cap.
392 2694 459 2734 7.“
518 2693 659 2738 Quibus
689 2692 757 2729 ad-

113 2745 220 2797 dam,
260 2763 356 2802 quae
402 2749 756 2798 Wesselz’ngius

111 2803 159 2840 ad
178 2805 283 2842 illum
303 2805 457 2843 Diodori
476 2808 603 2845 locum
618 2806 759 2843 adscri-

165 2862 384 2900 Hmtono‘r.
402 2864 468 2901 IV.

811 1165 903 1216 psit:
925 1164 1172 1217 „Frequentis
1194 1165 1285 1202 olim
1300 1177 1388 1203 usus
1407 1165 1470 1202 in-

811 1229 869 1258 ter
889 1221 1107 1259 dissidentes
1128 1235 1235 1272 reges
1265 1223 1470 1273 singularia

812 1285 919 1315 erant
949 1280 1178 1326 certamina,
1206 1280 1320 1329 longe
1340 1280 1470 1330 profe-

814 1342 874 1371 cto
904 1333 1121 1371 honestiora
1158 1342 1195 1371 et
1222 1336 1342 1385 magis
1373 1350 1393 1372 e
1427 1349 1469 1372 re

814 1392 968 1440 civium,
1001 1404 1117 1444 qnam
1142 1404 1239 1445 quae
1258 1393 1374 1442 vulgo
1394 1393 1469 1430 levi

812 1461 923 1499 saepe
953 1462 1001 1484 ex
1037 1461 1148 1485 causa
1175 1449 1274 1485 inter
1305 1450 1470 1499 privatos

810 1512 1026 1543 sumuntur.
1097 1506 1287 1555 Exempla
1326 1507 1470 1556 princi-

809 1574 916 1612 pum,
949 1569 992 1598 ut
1014 1562 1256 1612 popularium
1293 1563 1470 1612 sanguini

808 1625 1043 1668 parceretur,
1086 1620 1184 1654 inter
1229 1631 1269 1655 se
1305 1631 1470 1668 congre-

811 1674 998 1710 dientium
1017 1687 1096 1710 nou
1119 1673 1241 1711 addo:
1262 1674 1350 1711 su'nt
1366 1676 1472 1712 enim

810 1732 850 1767 iu
879 1729 936 1767 his
964 1731 1066 1767 libris
1099 1730 1202 1768 haud
1237 1744 1321 1767 rara
1361 1739 1398 1769 et
1421 1733 1468 1769 ab

808 1789 1097 1838 incomparabili
1116 1790 1164 1824 Is.
1192 1787 1403 1830 Casaubon,
1421 1788 1470 1826 ad

810 1844 951 1883 Athen.
987 1845 1051 1893 lv,
1078 1848 1126 1885 13
1157 1843 1358 1895 diligenter
1387 1847 1469 1882 col-

811 1902 945 1938 lecta.“
978 1924 1027 1928 —
1080 1900 1141 1937 Ad
1181 1902 1297 1938 verba
1327 1900 1470 1953 ἔταμον

812 1954 928 2010 ὅρκια
956 1957 1057 1995 conf.
1086 1958 1149 2005 IV,
1175 1960 1242 1998 70.
1270 1958 1351 2006 VII,
1375 1962 1468 1999 132.

869 2009 1006 2053 ἑκατόν
1021 2028 1061 2052 τε
1088 2013 1232 2062 ἐτέων]
1266 2015 1291 2050 i.
1316 2028 1349 2051 e.
1370 2017 1468 2053 intra

812 2073 943 2106 centum
964 2083 1086 2109 αηηοε.
1142 2071 1220 2106 Nec
1251 2071 1358 2106 aliter
1374 2072 1468 2107 sim-

813 2126 902 2175 plex
922 2126 1109 2175 genitivus
1129 2126 1177 2172 II,
1202 2126 1294 2166 115.
1316 2127 1378 2174 VI,
1400 2127 1469 2168 58,

812 2184 855 2218 Iu
900 2195 1088 2219 annorum
1118 2189 1273 2218 centum
1305 2195 1468 2221 numero

813 2240 986 2288 congruit
1006 2252 1094 2275 cum
1114 2237 1306 2276 Herodoto
1335 2238 1469 2278 Schol-

813 2295 994 2347 Thucyd.
1014 2297 1043 2342 1,
1070 2298 1142 2343 '123
1185 2297 1249 2347 qui
1265 2294 1336 2333 hac
1358 2295 1404 2333 de
1426 2310 1467 2333 re

814 2354 982 2403 egerint,
1012 2353 1138 2402 plures
1162 2351 1291 2390 laudat
1310 2354 1470 2390 Wesse-

812 2410 905 2459 ling.
931 2408 978 2446 ad
999 2407 1155 2447 Diodor.
1177 2409 1203 2446 l.
1224 2410 1250 2446 l.

855 2463 1057 2517 ’Ἑχεμοςὸ
1076 2461 1276 2517 Ἠερόπου
1291 2467 1362 2505 τοῦ
1382 2468 1467 2518 Φιγ-

811 2520 919 2575 γέος]
963 2525 1100 2560 Omnes
1128 2523 1213 2558 libri
1232 2523 1357 2573 scripti
1381 2525 1466 2573 Φη-

811 2577 916 2631 γέος,
958 2579 1061 2631 quod
1100 2578 1188 2615 inde
1225 2578 1465 2616 retinendum

813 2635 917 2672 duxi.
947 2638 1044 2672 Nam
1067 2649 1086 2671 e
1106 2636 1292 2672 Pausania
1319 2636 1416 2684 Vm,
1438 2634 1464 2676 4

813 2694 850 2738 ξ.
872 2695 911 2740 7,
927 2693 992 2728 ubi
1015 2693 1078 2728 ille
1098 2699 1255 2730 vocatur
1283 2689 1464 2743 Κηφεὺς,

813 2748 915 2799 apud
937 2747 1173 2786 Herodotum
1190 2749 1375 2800 corrigere
1396 2762 1468 2787 vo-

812 2807 895 2843 lunt
916 2804 1090 2858 Κηφέος,
1110 2805 1291 2844 suadente
1312 2819 1466 2859 quoque
