1996 3238
498 217 583 258 204
898 215 1354 255 HERODOTI

499 322 750 380 »οὐδαμόθι
777 326 1006 376 τοσοῦτος,
1046 324 1147 368 οὔτε
1186 324 1301 381 χώρη
1339 323 1489 368 κάλλεϊ
1514 325 1587 368 καὶ
1617 323 1750 383 α’ρετῇ
1806 331 1887 372 690

496 393 633 449 ,,μέγα
650 390 982 447 ὑπερφέρουσα,
1016 391 1067 435 τὰ
1098 390 1219 447 ἡμεῖς
1250 392 1493 448 δεξάμενοι,
1525 393 1804 449 ἐθέλοιμενόο

469 460 585 514 3,,ὂὲν
609 462 865 517 μηδίσαντες
893 462 1222 504 καταδουλῶσαι
1251 461 1330 517 τήν
1353 459 1549 503 Ἑλλάδα.
1599 459 1751 504 Πολλά

498 546 569 583 ,,τε
598 530 680 585 γὰρ
710 529 782 572 καὶ
812 529 976 583 μεγάλα
1009 528 1096 571 ἐστὶ
1123 528 1176 571 τοὶ
1198 529 1497 573 διακωλύοντα
1527 532 1664 572 ταῦτα
1694 529 1752 585 μὴ

497 597 709 650 ,,ποιέειν,
739 595 844 653 μηδ’
877 596 931 652 ἢν
961 596 1188 651 ἐθέλωμεν.
1244 601 1393 650 πρῶτα
1423 597 1502 653 μὲν
1531 596 1604 639 καὶ
1632 597 1751 652 μέγι-

500 677 629 718 ,,στα,
665 668 753 708 τῶν
780 668 899 708 θεῶν
926 663 978 706 τὰ
1000 662 1222 719 ἀγάλματα
1251 667 1324 708 καὶ
1350 665 1400 708 τοὶ
1443 664 1655 720 οἰκήματα
1683 663 1751 718 ἐμ-

500 733 806 788 ,,πεπρησμένα
826 748 869 775 τε
890 732 962 774 καὶ
981 731 1323 787 συγκεχωσμένα·
1354 738 1467 776 τοῖσι
1495 731 1628 786 ἡμέας
1649 730 1752 774 οἷνα-
1764 737 1808 772 55

501 804 693 856 ,,γκαίως
710 802 791 856 ἔχει
812 799 1038 854 τιμωρέειν
1069 799 1110 850 ἐς
1138 798 1191 842 τὰ
1219 799 1394 854 μέγιστα
1413 803 1596 856 μᾶλλον,
1626 798 1654 854 ἤ
1671 814 1750 853 περ

471 867 781 924 4,,ὁμολογέειν
820 872 880 922 τῷ
924 870 1059 910 ταῦτα
1101 866 1387 922 ἐργασαμένῳ.
1445 863 1566 919 αὖτις
1596 869 1664 921 δὲ,
1703 871 1753 914 τὸ

501 935 772 992 ,,Ἑλληνικὸν
810 935 884 978 ἐὸν
925 933 1113 990 ὅμαιμόν
1152 951 1195 978 τε
1234 936 1306 978 καὶ
1336 934 1642 992 ὁμόγλωσσον,
1680 937 1754 980 καὶ

497 1008 642 1059 ,,θετ5ν
672 1001 888 1059 ἱδρύματά
916 1019 959 1046 τε
989 1002 1117 1046 κοινὰ
1145 1003 1216 1046 καὶ
1237 1005 1413 1046 θυσίαι.
1444 1004 1555 1060 ἤθεά
1577 1024 1621 1051 τε
1651 1006 1755 1063 ὁμό-

497 1087 689 1126 ,,τροπα·
720 1076 809 1115 τῶν
837 1070 1052 1124 προδότας
1070 1070 1273 1126 γενέσθαι
1297 1069 1563 1127 Ἀθηναίους
1589 1074 1669 1119 οὐκ
1699 1076 1756 1119 ἂν

472 1137 580 1195 5,,εῧ
610 1140 710 1195 ἔχοι.
770 1138 1000 1182 ἐπίστασθέ
1030 1154 1073 1181 τε
1091 1138 1228 1190 οὕτω,
1261 1140 1297 1181 εἰ
1327 1140 1383 1195 μή
1401 1141 1616 1195 πρότερον
1631 1143 1752 1197 ἐτυγ-
1765 1151 1810 1184 60

497 1207 672 1264 ,,χάνετε
715 1206 1007 1261 ἐπιστάμενοι,
1044 1205 1126 1249 ἐστ’
1163 1205 1220 1250 ἂν
1255 1208 1328 1250 καὶ
1365 1206 1424 1259 εἷς
1463 1213 1591 1266 περιῇ
1617 1209 1755 1265 Ἀθη-

497 1277 674 1329 ,,ναίων,
693 1274 868 1330 μηδαμὰ
889 1273 1241 1330 ὁμολογήσοντας
1260 1273 1395 1331 ἡμέας
1417 1278 1568 1332 Ξέρξῃ.
1595 1274 1756 1332 ’Τμέων

496 1344 672 1399 ,μέντοι
690 1341 890 1398 ἀγοίμεθα
920 1341 998 1398 τὴν
1028 1344 1263 1398 προνοίην,
1294 1343 1374 1398 τήν
1406 1343 1446 1394 ἐς
1474 1343 1608 1399 ἡμέας
1639 1345 1756 1400 ἔχου-

496 1422 635 1464 ,,σαν,
680 1408 747 1453 ὅτι
775 1412 994 1464 προείδετε
1020 1409 1169 1467 ἡμέων
1200 1411 1594 1467 οἰκοφθορημένων
1623 1412 1755 1462 οὕτω,

447 1479 638 1532 ,6,,ὥστε
669 1478 903 1533 ἐπιθρέψαι
941 1477 1106 1523 ἐθέλειν
1135 1477 1280 1534 ἡμέων
1309 1477 1414 1528 τούς
1443 1478 1624 1530 οἰκέτας.
1682 1479 1812 1522 καὶ65

495 1545 628 1604 ,ῥμῖν
657 1548 736 1605 μὲν
764 1546 791 1605 ἡ
821 1547 946 1604 χάρις
974 1545 1319 1604 ἐκπεπλήρωται·
1350 1545 1476 1604 ἡμέες
1504 1547 1655 1604 μέντοι
1689 1551 1756 1591 λι-

493 1747 807 1800 ὖπερφέρουσα]
855 1747 882 1784 ἱ.
913 1760 945 1784 e.
975 1745 1093 1784 excel-

439 1806 526 1853 lens,
562 1807 737 1856 insignis,
765 1811 807 1840 ut
827 1805 894 1850 IX,
926 1805 992 1843 96.
1027 1803 1091 1850 lV,

438 1863 492 1903 75
506 1863 686 1899 colhnott.
701 1861 748 1898 ad
758 1861 905 1907 IV,125
919 1858 1094 1896 etMatth.

438 1919 505 1955 Gr.
528 1920 591 1955 Gr.
615 1920 651 1965 ξ.
672 1918 752 1959 385
777 1931 813 1967 p.
837 1919 931 1957 672.
983 1914 1094 1961 Quod

437 1976 608 2027 sequitur
626 1971 687 2023 τὰ,
708 1987 787 2011 non
807 1980 886 2009 tam
905 1971 952 2009 ad
972 1985 1096 2008 unum

437 2028 586 2084 χώρην,
624 2044 739 2083 quam
771 2029 820 2066 ad
850 2042 1007 2066 omnem
1036 2042 1100 2065 re-

437 2089 547 2139 spicit
576 2088 804 2125 sententiam
824 2098 1099 2137 praegressam.

440 2169 492 2174 —
510 2143 571 2180 Ad
590 2145 846 2181 locutionem:
878 2145 1014 2192 πρῶτα
1029 2141 1099 2191 μὲν

436 2222 494 2229 —-
509 2194 622 2247 αὖτις
643 2198 685 2239 δὲ
705 2199 782 2238 vid.
804 2198 945 2236 Herod.
966 2200 1034 2243 IX,
1046 2199 1099 2238 78

437 2265 475 2295 et
495 2256 630 2296 Matth.
667 2259 732 2294 Gr.
765 2258 831 2293 Gr.
859 2268 947 2307 pag.
979 2252 1099 2300 1204,

437 2315 503 2366 qui
522 2313 624 2351 idem
646 2315 682 2359 ξ.
706 2313 786 2354 578
807 2314 854 2349 D.
875 2325 962 2363 pag.
992 2309 1097 2349 1146

438 2369 487 2407 ad
507 2384 618 2408 voces
638 2369 678 2416 ἐς
698 2366 744 2408 τοὶ
769 2367 929 2421 μέγιστα
951 2366 1097 2404 consuli

438 2425 565 2469 dffloet.
598 2427 768 2478 συγχοῦν
788 2426 888 2462 valet
924 2424 1099 2461 destruere

437 2484 491 2520 ita
521 2491 563 2520 ut
598 2479 727 2520 omnib
762 2481 918 2519 confusa
952 2481 1099 2516 iaceant

434 2553 506 2577 nec
527 2541 599 2577 nisi
627 2541 760 2576 ruinae
790 2538 990 2588 supersint.
1040 2535 1097 2572 Cf.

434 2595 507 2644 lx,
532 2600 595 2637 13.
653 2594 837 2633 Nonnihil
867 2594 976 2631 distat
995 2593 1094 2640 VIII,

438 2655 506 2699 71,
535 2654 599 2689 ubi
617 2652 692 2692 vid.
715 2659 811 2689 nott.

495 2704 563 2748 ἐόν
585 2705 758 2760 ὅμαιμόν
770 2723 809 2748 τε
819 2705 884 2747 καὶ
899 2701 1098 2759 ὁμόγλωσ-

437 2765 528 2813 σον]
560 2766 662 2801 Voce
680 2762 849 2816 ὅμαιμος
866 2765 1000 2801 Noster
1019 2763 1098 2798 uti-

434 2822 533 2871 tur1‚
546 2821 637 2863 151.
650 2823 698 2870 ΙΙ,
715 2821 780 2862 49.
813 2822 949 2872 Attigit
969 2817 1098 2858 Bach-

1147 1757 1280 1783 mann.
1294 1742 1341 1781 ad
1352 1740 1811 1796 Lycophron.Alexandr.

1154 1804 1231 1842 168
1244 1815 1280 1851 p.
1299 1801 1365 1841 48.
1393 1822 1448 1829 —-
1493 1800 1555 1837 Ad
1576 1798 1684 1848 ἤθεα
1713 1795 1811 1850 ὁμό-

1149 1873 1276 1909 τροπα
1298 1856 1374 1896 vid.
1395 1864 1490 1894 nott.
1522 1857 1570 1893 ad
1589 1858 1637 1902 II,
1657 1855 1724 1895 49.

1210 1913 1244 1952 εἰ
1280 1910 1332 1964 μὴ
1367 1910 1582 1965 πρότερον]
1620 1910 1812 1949 Saucrofti

1150 1971 1246 2007 liber
1257 1970 1292 2008 εἰ
1308 1967 1362 2020 μή
1387 1985 1409 2008 κ
1421 1968 1471 2008 αὶ
1491 1966 1694 2020 πρότερον,
1708 1966 1812 2019 quod

1155 2027 1297 2077 recepit
1321 2027 1500 2076 Stegerus
1531 2025 1811 2076 (Ephem.1en.

1160 2086 1264 2124 1828
1287 2095 1344 2122 nr.
1365 2085 1441 2122 186
1458 2097 1493 2133 p.
1515 2082 1598 2131 46)
1630 2082 1813 2132 probante

1158 2153 1312 2177 censore
1340 2140 1523 2190 Lipsiensi
1556 2140 1659 2179 1833
1686 2151 1723 2187 p.
1745 2136 1813 2176 44.

1158 2196 1224 2236 45.
1271 2194 1367 2232 Mihi
1406 2194 1504 2231 istud
1533 2193 1598 2232 καὶ
1640 2207 1660 2230 e
1689 2194 1813 2243 glossa

1157 2252 1309 2289 fluxisse
1320 2251 1481 2289 videtur.
1494 2272 1549 2277 —
1569 2248 1630 2286 Ad
1652 2250 1813 2286 verbum

1155 2304 1344 2359 οἷγᾶμεθα
1373 2308 1474 2346 conf.
1498 2313 1594 2344 nott.
1617 2305 1664 2342 ad
1683 2307 1745 2353 IV,
1759 2304 1812 2346 46

1155 2372 1192 2401 et
1212 2363 1259 2401 ad
1281 2362 1434 2409 οἰκέτας
1454 2371 1549 2403 nott.
1564 2362 1611 2400 ad
1629 2363 1726 2410 VIII,
1743 2361 1814 2402 41.

1209 2419 1328 2471 ἡμέες
1369 2419 1502 2471 μέντοι
1539 2415 1812 2469 λιπαρήσομεν

1157 2473 1300 2530 οὕτω]
1329 2475 1547 2527 Schweigb.
1585 2476 1751 2527 supplet?
1771 2472 1812 2512 ἕ-

1155 2548 1303 2584 χοντες,
1326 2535 1376 2571 ita
1397 2536 1670 2584 interpretans:
1700 2531 1812 2568 nosin

1152 2591 1214 2628 hoc
1236 2595 1356 2639 statu,
1399 2604 1475 2643 quo
1495 2602 1646 2635 sumus,
1673 2599 1811 2624 manere

1149 2649 1462 2698 perseverabimus,
1502 2646 1718 2684 durabimus.
1749 2642 1811 2680 Cf.

1153 2706 1217 2752 lx,
1242 2704 1310 2746 45.
1341 2704 1403 2741 Ad
1423 2704 1560 2741 verba:
1584 2703 1659 2739 νῦν
1678 2697 1720 2739 δὲ
1737 2695 1811 2738 οὕ*-

1153 2776 1207 2800 τω
1229 2758 1396 2811 ἐχόντων
1417 2758 1538 2811 (quum
1559 2771 1613 2795 res
1630 2759 1683 2794 ita
1697 2753 1811 2794 selu}-

1153 2818 1270 2867 beant)
1300 2817 1402 2856 conf.
1431 2813 1567 2854 Matth.
1589 2815 1654 2855 Gr.
1684 2814 1751 2851 Gr.
1771 2812 1809 2859 §-
