1879 3222
471 188 554 227 26⁰

864 169 1375 220 unnono'rr

443 293 617 350 θῆμισυ.
676 290 757 335 οὐκ
781 288 1085 347 ἀνασχομένων
1121 293 1164 335 δὲ
1194 293 1282 333 τῶν
1307 287 1531 343 Ἀργείων,
1561 286 1647 330 ἀλλ’
1669 285 1720 330 ἆ-

471 359 662 406 πιόντων
684 358 743 409 ὦς
773 359 999 414 ἐμαίνοντο
1018 363 1163 416 πολλῷ
1186 360 1361 407 πλεῦνες
1379 360 1464 399 τῶν
1483 359 1719 410 γυναικῶν,

473 428 586 474 οὕτω
627 426 680 482 δή
715 425 978 478 ὑποστάντες
1003 426 1055 469 τά
1089 425 1112 469 ὁ
1139 427 1406 479 Μελάμπους
1442 424 1722 477 προετείνετο,

446 497 606 553 4ἥῖσαν
637 493 848 546 δώσοντές
878 497 920 538 οῖ
948 497 1095 537 ταῦτα.
1135 492 1158 535 ὁ
1190 492 1235 535 δὲ
1268 492 1459 534 ἐνθαῦτα
1490 489 1541 545 δὴ
1571 489 1777 543 {noae-35

471 579 602 620 γεται,
632 559 769 617 ὁρέων
799 560 961 612 αὐτούς
980 559 1306 615 τετραμμένους,
1329 558 1428 613 φάς,
1459 556 1542 614 ,,ἦν
1571 558 1626 612 μὴ
1648 556 1720 599 καὶ

472 635 558 689 ,,τῷ
597 628 788 686 ἀδελφεῷ
827 631 980 672 Βίαντι
1009 630 1221 684 μεταδῶσι
1257 624 1304 668 τὸ
1342 623 1621 682 τριτημόριον
1650 628 1724 679 τῆς

474 699 743 754 ,,βασιλη“ί“ης,
776 694 826 740 οὐ
855 694 1052 751 ποιήσειν
1082 694 1134 737 τοὶ
1161 692 1435 749 βούλονται.“
1495 693 1538 735 οἱ
1573 693 1619 735 δὲ
1638 691 1725 746 Ἀρ-

419 905 521 959 quod
542 906 665 956 ipsum
684 901 798 953 paulo
818 901 984 948 interius,
1006 902 1071 938 ubi

419 965 473 1000 illi
493 961 754 1013 προετείνατο,
778 957 949 995 exhibuit
964 959 1073 995 Gais-

419 1017 517 1056 ford.
538 1019 594 1054 De
622 1018 702 1068 ipso
726 1016 841 1053 verbo
862 1016 962 1054 conf.
980 1022 1076 1053 nott.

421 1074 470 1113 ad
485 1075 565 1122 Vll,
592 1076 682 1114 160.

475 1154 577 1198 οὕτω
611 1153 661 1207 δή
685 1151 954 1204 ὑποστάντες]
993 1156 1016 1191 i.
1039 1168 1072 1193 e.

418 1216 468 1252 ita
497 1228 525 1252 s.
547 1221 629 1251 tum
651 1212 807 1250 demum
825 1213 957 1262 ArgIvi
976 1212 1074 1248 reci-

418 1273 576 1323 pientes,
598 1282 695 1322 quae
714 1269 927 1319 Melampus
944 1281 1073 1318 propo-

418 1329 504 1375 suit,
523 1340 551 1365 s.
571 1328 612 1363 in
627 1324 855 1363 conditionem
874 1338 897 1361 a
917 1323 1074 1361 RIelam-

397 1423 399 1427 ,
411 1383 503 1434 pade
517 1384 730 1433 propositam
751 1383 995 1419 consentientes
1010 1394 1074 1418 ac-

415 1441 598 1484 cesserunt,
619 1439 702 1477 haec
720 1440 789 1488 ipsi
806 1438 941 1474 daturi.
962 1436 1074 1474 Haud

416 1497 524 1533 aliter
543 1495 621 1532 fere
641 1491 861 1544 ὕφιστοίναι
891 1495 956 1540 Ill,
983 1496 1074 1534 127.

419 1553 511 1592 128.
568 1553 625 1587 De
645 1552 788 1587 voculis
811 1547 915 1589 οὕτω
941 1547 991 1600 δὴ
1025 1550 1074 1589 cf.

421 1608 533 1644 allata
553 1606 602 1643 ad
621 1608 690 1653 lx,
713 1609 752 1646 6.
796 1607 968 1657 Sequens
983 1605 1076 1644 ἐπο-

422 1661 570 1715 ρέγεται
588 1660 839 1698 reddiderim:
868 1662 973 1711 plura
992 1661 1076 1697 adeo

419 1720 534 1769 petiit,
555 1725 703 1769 praeter
723 1730 778 1764 ea,
801 1729 897 1768 quae
918 1719 992 1753 iam
1007 1730 1076 1766 pe-

423 1775 545 1822 tierat,
568 1773 668 1810 aliud
683 1772 772 1825 quid
787 1774 856 1809 sibi
872 1773 1076 1823 postulans.

423 1832 482 1867 Ea
505 1831 608 1866 enim
638 1830 920 1880 praepositionis
950 1828 1013 1868 ἐπὶ
1039 1830 1078 1864 in

425 1887 550 1924 verbis
570 1887 784 1937 compositis
806 1892 859 1922 est
873 1887 940 1932 vis,
956 1886 1079 1921 utali-

426 1942 520 1995 quid
554 1941 641 1979 addi
669 1943 730 1979 vel
769 1943 898 1991 augeri
926 1941 1080 1978 indicet.

428 1999 539 2036 Conf.
569 2011 666 2050 quae
685 1999 815 2035 notavi
836 1999 876 2034 in
904 1998 1081 2034 Creuzeri

425 2056 569 2092 Melett.
590 2056 642 2091 111
661 2068 699 2105 p.
723 2056 790 2095 61.
827 2053 888 2091 Ad
916 2062 1082 2091 structu-

427 2125 511 2148 ram
547 2111 652 2149 verbi
690 2107 942 2163 μεταδιδόναι
981 2111 1080 2150 conf.

424 2169 523 2217 vm,
545 2167 583 2208 5.

481 2247 525 2290 τό
555 2245 804 2302 τριτημόριον
829 2252 898 2301 τῆς
921 2251 1080 2301 βασιλη-

428 2304 511 2358 ῒης]
551 2309 637 2344 Νοιι
668 2308 754 2344 satis
783 2320 992 2357 congruere
1022 2308 1081 2343 vi-

429 2363 565 2400 dentur
584 2361 798 2400 Herodotea
812 2376 900 2400 cum
915 2364 969 2410 iis,
985 2375 1081 2414 quae

428 2426 577 2456 enarrat
596 2418 783 2457 Diodorus
801 2420 864 2466 IV,
882 2421 946 2466 68,
967 2420 1082 2468 Argi-

429 2489 494 2514 vos
514 2477 592 2513 scil.
607 2475 836 2527 Melampodi
850 2477 1009 2525 gratiam
1021 2488 1082 2511 re-

429 2531 635 2581 pendentes
647 2531 738 2570 duas
747 2534 854 2583 regni
867 2539 988 2582 partes
1004 2545 1082 2568 esse

431 2588 606 2637 largitos,
636 2588 918 2639 Melampodem
956 2595 1083 2624 autem

431 2655 520 2679 cum
547 2646 680 2682 Biante
710 2646 822 2682 fratre
846 2657 954 2682 suam
975 2657 1084 2681 com-

432 2699 640 2736 municasse
656 2703 883 2751 portionem.
910 2702 988 2737 Nec
999 2713 1082 2737 ma-

434 2756 489 2806 gis
521 2759 697 2794 convenit
727 2757 881 2795 Pindari
920 2755 1082 2795 scholia-

1127 907 1182 938 sta
1201 901 1311 938 Nem.
1333 900 1402 946 IX,
1424 900 1476 939 30
1499 894 1780 947 Melampodem

1128 958 1316 1000 scribens,
1360 962 1562 1007 postquam
1606 946 1781 990 mercede

1131 1021 1241 1066 pacta
1282 1013 1442 1049 duarum
1482 1012 1588 1061 regni
1618 1011 1781 1060 partium

1133 1071 1311 1107 mulieres
1341 1069 1466 1105 surore
1494 1069 1660 1117 [agitatas
1689 1079 1782 1116 pur-

1135 1134 1268 1177 gasset,
1289 1138 1452 1163 servasse
1471 1125 1541 1160 sibi
1569 1121 1782 1169 dimidium,

1129 1185 1290 1220 alterum
1314 1183 1411 1219 ultro
1422 1181 1548 1217 Bianti
1568 1178 1783 1216 conceden-

1129 1247 1227 1277 tem:
1277 1240 1329 1275 ita
1368 1245 1410 1274 ut
1439 1250 1553 1274 omne
1580 1236 1784 1285 imperium

1131 1303 1225 1333 esset
1243 1295 1482 1346 tripartitum,
1503 1295 1599 1329 inter
1621 1292 1784 1328 Melam-

1129 1351 1301 1404 podidas⁷
1322 1350 1514 1388 Biantidas
1534 1356 1570 1386 et
1588 1346 1785 1385 Proetidas

1133 1409 1308 1448 divisum.
1386 1407 1564 1443 Dissentit
1621 1403 1785 1456 denique

1129 1466 1334 1502 Pausanias
1354 1465 1401 1510 ΙΙ,
1417 1464 1464 1502 18
1487 1465 1523 1508 ξ.
1536 1461 1562 1502 4
1581 1461 1785 1498 mulierum

1132 1535 1153 1558 a
1188 1522 1313 1558 surore
1340 1526 1554 1557 sanaturum
1583 1517 1682 1555 hanc
1701 1518 1786 1553 Me·-

1131 1576 1301 1628 lampodi
1346 1576 1505 1627 gratiam
1534 1575 1698 1612 scribens
1738 1573 1784 1608 ab

1131 1636 1360 1682 Anaxagora
1383 1645 1462 1668 esse
1482 1632 1650 1677 relatam,
1668 1635 1709 1665 ut
1720 1641 1784 1665 ae-

1133 1690 1215 1739 quis
1244 1701 1332 1724 cum
1364 1689 1442 1737 ipso
1464 1688 1652 1738 ipsiusque
1674 1686 1785 1722 fratre

1131 1746 1266 1781 Biante
1291 1744 1456 1794 partibus
1486 1755 1648 1792 regnum
1678 1755 1786 1778 com—

1133 1802 1358 1838 municaret.
1416 1798 1495 1836 Sed
1537 1800 1618 1850 quis
1646 1810 1786 1850 quaeso

1134 1858 1173 1894 in
1205 1858 1339 1893 talibus
1373 1856 1502 1891 omnia
1530 1856 1599 1891 sibi
1637 1867 1788 1905 prorsus

1136 1926 1344 1963 congruere
1378 1907 1639 1962 exspectabit?
1704 1909 1788 1948 Ad-

1136 1969 1224 2007 dam
1245 1967 1422 2020 equidem
1438 1966 1790 2017 Schweighaeuseri

1135 2033 1290 2063 notam:
1320 2026 1501 2073 „Praeter
1531 2023 1714 2061 dimidium
1735 2036 1790 2061 re·

1136 2085 1211 2132 gni,
1229 2081 1331 2134 quod
1349 2082 1419 2118 sibi
1437 2082 1647 2130 Melampus
1656 2086 1790 2131 postu-

1136 2140 1289 2183 laverat,
1310 2140 1462 2187 insuper
1486 2137 1591 2173 fratri
1618 2148 1687 2174 suo
1717 2149 1790 2187 po-

1135 2195 1286 2232 stulavit
1323 2195 1461 2230 tertiam
1507 2195 1611 2242 regni
1641 2196 1789 2243 partem,

1135 2264 1275 2301 nempe
1312 2251 1462 2286 tertiam
1493 2257 1640 2300 partem
1672 2247 1788 2286 dimi-

1136 2306 1225 2344 diati
1238 2309 1356 2357 regni,
1368 2305 1470 2358 quod
1489 2307 1637 2357 Argivis
1656 2319 1789 2357 super-

1137 2370 1242 2411 esset,
1267 2362 1437 2415 adeoque
1467 2370 1614 2400 sextam
1641 2369 1787 2413 partem

1136 2422 1261 2457 totius.
1318 2421 1448 2469 Igitur,
1477 2417 1787 2471 quandoquidem

1137 2476 1342 2513 conditioni
1361 2477 1655 2526 subscripserunt
1672 2475 1787 2524 Argi-

1136 2534 1186 2580 vi,
1209 2534 1351 2582 accepit
1371 2534 1580 2583 Melampus
1601 2543 1688 2567 cum
1709 2530 1785 2566 sra-

1137 2596 1192 2626 tre
1212 2596 1373 2641 quatuor
1390 2596 1512 2625 sextas
1527 2594 1660 2638 partes,
1681 2585 1719 2623 id
1731 2592 1785 2623 est

1138 2644 1229 2682 duas
1261 2644 1307 2682 de
1336 2645 1450 2682 tribus
1483 2644 1647 2693 partibus
1676 2644 1787 2680 totius

1139 2703 1258 2752 regni,
1289 2707 1329 2738 nt
1357 2699 1543 2737 Diodorus
1573 2700 1652 2738 Sic.
1677 2701 1728 2737 ait
1749 2705 1785 2736 et

1137 2757 1293 2797 Pindari
1312 2755 1576 2796 Scholiastes.“
