<?xml version="1.0" encoding="UTF-8"?>
<!DOCTYPE html PUBLIC "-//W3C//DTD XHTML 1.0 Transitional//EN"
    "http://www.w3.org/TR/xhtml1/DTD/xhtml1-transitional.dtd">
<html xmlns="http://www.w3.org/1999/xhtml" xml:lang="en" lang="en">
 <head>
  <title>
</title>
<meta http-equiv="Content-Type" content="text/html;charset=utf-8" />
  <meta name='ocr-system' content='tesseract 3.04.00' />
  <meta name='ocr-capabilities' content='ocr_page ocr_carea ocr_par ocr_line ocrx_word'/>
</head>
<body>
  <div class='ocr_page' id='page_1' title='image "./musaeherodoto04hero/musaeherodoto04hero_0091.png"; bbox 0 0 1996 3238; ppageno 0'>
   <div class='ocr_carea' id='block_1_1' title="bbox 541 211 1078 250">
    <p class='ocr_par' dir='ltr' id='par_1_1' title="bbox 541 211 1078 250">
     <span class='ocr_line' id='line_1_1' title="bbox 541 211 1078 250; baseline -0.004 -2"><span class='ocrx_word' id='word_1_1' title='bbox 541 211 889 250; x_wconf 86' lang='lat' dir='ltr'><strong>URANIA.</strong></span> <span class='ocrx_word' id='word_1_2' title='bbox 948 211 1078 248; x_wconf 85' lang='lat' dir='ltr'>V111.</span> 
     </span>
    </p>
   </div>
   <div class='ocr_carea' id='block_1_2' title="bbox 1392 209 1448 249">
    <p class='ocr_par' dir='ltr' id='par_1_2' title="bbox 1392 209 1448 249">
     <span class='ocr_line' id='line_1_2' title="bbox 1392 209 1448 249; baseline -0.018 0"><span class='ocrx_word' id='word_1_3' title='bbox 1392 209 1448 249; x_wconf 79' lang='lat'>81</span> 
     </span>
    </p>
   </div>
   <div class='ocr_carea' id='block_1_3' title="bbox 158 316 1513 581">
    <p class='ocr_par' dir='ltr' id='par_1_3' title="bbox 158 316 1513 581">
     <span class='ocr_line' id='line_1_3' title="bbox 186 316 1513 378; baseline -0.008 -10"><span class='ocrx_word' id='word_1_4' title='bbox 186 323 340 378; x_wconf 76' lang='grc' dir='ltr'><strong><em>ἀνδρί·</em></strong></span> <span class='ocrx_word' id='word_1_5' title='bbox 396 320 528 365; x_wconf 83' lang='grc' dir='ltr'><strong><em>πόλιν</em></strong></span> <span class='ocrx_word' id='word_1_6' title='bbox 565 320 650 376; x_wconf 79' lang='grc' dir='ltr'>γὰρ</span> <span class='ocrx_word' id='word_1_7' title='bbox 695 318 774 363; x_wconf 81' lang='grc' dir='ltr'>τόν</span> <span class='ocrx_word' id='word_1_8' title='bbox 806 318 1096 373; x_wconf 79' lang='grc' dir='ltr'><em>Θεμιστοκλέα</em></span> <span class='ocrx_word' id='word_1_9' title='bbox 1137 316 1453 375; x_wconf 83' lang='grc' dir='ltr'><strong><em>παρεχόμενον,</em></strong></span> <span class='ocrx_word' id='word_1_10' title='bbox 1468 323 1513 359; x_wconf 89' lang='grc'>85</span> 
     </span>
     <span class='ocr_line' id='line_1_4' title="bbox 158 385 1456 444; baseline -0.004 -10"><span class='ocrx_word' id='word_1_11' title='bbox 158 392 310 437; x_wconf 69' lang='grc' dir='ltr'>Ξοῦτω</span> <span class='ocrx_word' id='word_1_12' title='bbox 345 388 510 432; x_wconf 78' lang='grc' dir='ltr'><strong><em>ἐκέλευε</em></strong></span> <span class='ocrx_word' id='word_1_13' title='bbox 543 387 722 444; x_wconf 75' lang='grc' dir='ltr'><strong><em>γνώμας</em></strong></span> <span class='ocrx_word' id='word_1_14' title='bbox 763 386 1099 443; x_wconf 83' lang='grc' dir='ltr'><strong><em>συμβάλλεσθαι.</em></strong></span> <span class='ocrx_word' id='word_1_15' title='bbox 1157 392 1295 431; x_wconf 86' lang='grc' dir='ltr'><strong><em>ταῦτα</em></strong></span> <span class='ocrx_word' id='word_1_16' title='bbox 1334 385 1380 430; x_wconf 82' lang='grc' dir='ltr'>δέ</span> <span class='ocrx_word' id='word_1_17' title='bbox 1410 387 1456 430; x_wconf 85' lang='grc' dir='ltr'>οἱ</span> 
     </span>
     <span class='ocr_line' id='line_1_5' title="bbox 188 453 1451 515; baseline -0.006 -10"><span class='ocrx_word' id='word_1_18' title='bbox 188 460 414 515; x_wconf 79' lang='grc' dir='ltr'><em>προέφερε,</em></span> <span class='ocrx_word' id='word_1_19' title='bbox 446 457 514 500; x_wconf 85' lang='grc' dir='ltr'><strong><em>ὅτι</em></strong></span> <span class='ocrx_word' id='word_1_20' title='bbox 541 454 768 513; x_wconf 78' lang='grc' dir='ltr'><strong><em>ἡλώκεσάν</em></strong></span> <span class='ocrx_word' id='word_1_21' title='bbox 797 471 840 497; x_wconf 92' lang='grc' dir='ltr'>τε</span> <span class='ocrx_word' id='word_1_22' title='bbox 870 455 941 498; x_wconf 79' lang='grc' dir='ltr'>καὶ</span> <span class='ocrx_word' id='word_1_23' title='bbox 969 455 1216 509; x_wconf 79' lang='grc' dir='ltr'><strong><em>κατείχοντο</em></strong></span> <span class='ocrx_word' id='word_1_24' title='bbox 1248 459 1294 498; x_wconf 83' lang='grc' dir='ltr'>αῖ</span> <span class='ocrx_word' id='word_1_25' title='bbox 1319 453 1451 512; x_wconf 79' lang='grc' dir='ltr'>Ἀθῆ-</span> 
     </span>
     <span class='ocr_line' id='line_1_6' title="bbox 185 522 1452 581; baseline -0.003 -9"><span class='ocrx_word' id='word_1_26' title='bbox 185 544 268 572; x_wconf 87' lang='grc' dir='ltr'><strong><em>ναι.</em></strong></span> <span class='ocrx_word' id='word_1_27' title='bbox 332 525 439 569; x_wconf 83' lang='grc' dir='ltr'><strong><em>Τότε</em></strong></span> <span class='ocrx_word' id='word_1_28' title='bbox 485 523 538 581; x_wconf 78' lang='grc' dir='ltr'>δή</span> <span class='ocrx_word' id='word_1_29' title='bbox 578 523 601 568; x_wconf 91' lang='grc' dir='ltr'>ὁ</span> <span class='ocrx_word' id='word_1_30' title='bbox 650 523 963 580; x_wconf 81' lang='grc' dir='ltr'><strong><em>Θεμιστοκλέης</em></strong></span> <span class='ocrx_word' id='word_1_31' title='bbox 993 522 1143 566; x_wconf 87' lang='grc' dir='ltr'><strong><em>κεῖνόν</em></strong></span> <span class='ocrx_word' id='word_1_32' title='bbox 1171 539 1216 567; x_wconf 89' lang='grc' dir='ltr'>τε</span> <span class='ocrx_word' id='word_1_33' title='bbox 1245 524 1317 567; x_wconf 78' lang='grc' dir='ltr'>καὶ</span> <span class='ocrx_word' id='word_1_34' title='bbox 1346 523 1452 576; x_wconf 83' lang='grc' dir='ltr'>τούς</span> 
     </span>
    </p>
   </div>
   <div class='ocr_carea' id='block_1_4' title="bbox 128 660 399 667">
    <p class='ocr_par' dir='ltr' id='par_1_4' title="bbox 128 660 399 667">
     <span class='ocr_line' id='line_1_7' title="bbox 128 660 399 667; baseline 0 2571"><span class='ocrx_word' id='word_1_35' title='bbox 128 660 399 667; x_wconf 95' lang='lat' dir='ltr'> </span> 
     </span>
    </p>
   </div>
   <div class='ocr_carea' id='block_1_5' title="bbox 127 740 815 2942">
    <p class='ocr_par' dir='ltr' id='par_1_5' title="bbox 127 740 815 2942">
     <span class='ocr_line' id='line_1_8' title="bbox 127 740 789 797; baseline -0.011 -12"><span class='ocrx_word' id='word_1_36' title='bbox 127 749 343 797; x_wconf 84' lang='grc' dir='ltr'><strong><em>προθεῖναι</em></strong></span> <span class='ocrx_word' id='word_1_37' title='bbox 372 740 515 795; x_wconf 75' lang='grc' dir='ltr'><strong><em>λόγον,</em></strong></span> <span class='ocrx_word' id='word_1_38' title='bbox 549 742 653 796; x_wconf 90' lang='lat' dir='ltr'>quod</span> <span class='ocrx_word' id='word_1_39' title='bbox 679 745 789 780; x_wconf 86' lang='lat' dir='ltr'>inve-</span> 
     </span>
     <span class='ocr_line' id='line_1_9' title="bbox 128 803 792 851; baseline -0.005 -12"><span class='ocrx_word' id='word_1_40' title='bbox 128 805 231 840; x_wconf 82' lang='lat' dir='ltr'><strong>nitur</strong></span> <span class='ocrx_word' id='word_1_41' title='bbox 249 804 357 851; x_wconf 89' lang='lat' dir='ltr'>V111,</span> <span class='ocrx_word' id='word_1_42' title='bbox 390 803 466 843; x_wconf 83' lang='lat'>59:</span> <span class='ocrx_word' id='word_1_43' title='bbox 504 804 694 838; x_wconf 72' lang='lat' dir='ltr'>sententias</span> <span class='ocrx_word' id='word_1_44' title='bbox 721 814 792 837; x_wconf 83' lang='lat' dir='ltr'>va-</span> 
     </span>
     <span class='ocr_line' id='line_1_10' title="bbox 129 858 793 909; baseline -0.006 -12"><span class='ocrx_word' id='word_1_45' title='bbox 129 862 205 897; x_wconf 75' lang='lat' dir='ltr'>rias</span> <span class='ocrx_word' id='word_1_46' title='bbox 235 862 360 897; x_wconf 78' lang='lat' dir='ltr'>iterum</span> <span class='ocrx_word' id='word_1_47' title='bbox 391 858 520 909; x_wconf 79' lang='lat' dir='ltr'>populo</span> <span class='ocrx_word' id='word_1_48' title='bbox 541 870 728 909; x_wconf 76' lang='lat' dir='ltr'><strong><em>proponere</em></strong></span> <span class='ocrx_word' id='word_1_49' title='bbox 756 863 793 894; x_wconf 78' lang='lat' dir='ltr'>et</span> 
     </span>
     <span class='ocr_line' id='line_1_11' title="bbox 130 915 793 967; baseline -0.009 -11"><span class='ocrx_word' id='word_1_50' title='bbox 130 915 412 967; x_wconf 75' lang='grc' dir='ltr'><strong><em>ε’πιψηφίζεινε</em></strong></span> <span class='ocrx_word' id='word_1_51' title='bbox 445 928 548 965; x_wconf 79' lang='lat' dir='ltr'>super</span> <span class='ocrx_word' id='word_1_52' title='bbox 577 915 650 952; x_wconf 73' lang='lat' dir='ltr'>illis</span> <span class='ocrx_word' id='word_1_53' title='bbox 675 927 793 964; x_wconf 79' lang='lat' dir='ltr'>popu-</span> 
     </span>
     <span class='ocr_line' id='line_1_12' title="bbox 131 970 794 1023; baseline -0.005 -13"><span class='ocrx_word' id='word_1_54' title='bbox 131 973 203 1010; x_wconf 86' lang='lat' dir='ltr'>lum</span> <span class='ocrx_word' id='word_1_55' title='bbox 221 975 258 1010; x_wconf 80' lang='lat' dir='ltr'>in</span> <span class='ocrx_word' id='word_1_56' title='bbox 274 973 454 1023; x_wconf 78' lang='lat' dir='ltr'>suffragia</span> <span class='ocrx_word' id='word_1_57' title='bbox 465 975 613 1008; x_wconf 73' lang='lat' dir='ltr'>mittere.</span> <span class='ocrx_word' id='word_1_58' title='bbox 643 970 794 1019; x_wconf 82' lang='lat' dir='ltr'>„Athe-</span> 
     </span>
     <span class='ocr_line' id='line_1_13' title="bbox 130 1027 793 1081; baseline -0.003 -15"><span class='ocrx_word' id='word_1_59' title='bbox 130 1030 209 1077; x_wconf 81' lang='lat' dir='ltr'>nis,</span> <span class='ocrx_word' id='word_1_60' title='bbox 229 1031 282 1066; x_wconf 81' lang='lat' dir='ltr'>ita</span> <span class='ocrx_word' id='word_1_61' title='bbox 312 1030 436 1081; x_wconf 84' lang='lat' dir='ltr'>pergit</span> <span class='ocrx_word' id='word_1_62' title='bbox 474 1027 793 1077; x_wconf 55' lang='lat' dir='ltr'>Vahkenaer„</span> 
     </span>
     <span class='ocr_line' id='line_1_14' title="bbox 129 1085 795 1137; baseline -0.003 -14"><span class='ocrx_word' id='word_1_63' title='bbox 129 1087 318 1137; x_wconf 81' lang='lat' dir='ltr'>Prytanes</span> <span class='ocrx_word' id='word_1_64' title='bbox 350 1086 503 1123; x_wconf 86' lang='lat' dir='ltr'>comitia</span> <span class='ocrx_word' id='word_1_65' title='bbox 532 1085 704 1122; x_wconf 86' lang='lat' dir='ltr'>solebant</span> <span class='ocrx_word' id='word_1_66' title='bbox 731 1086 795 1121; x_wconf 91' lang='lat' dir='ltr'>in-</span> 
     </span>
     <span class='ocr_line' id='line_1_15' title="bbox 132 1141 795 1193; baseline -0.002 -14"><span class='ocrx_word' id='word_1_67' title='bbox 132 1142 257 1180; x_wconf 84' lang='lat' dir='ltr'><strong>dicere</strong></span> <span class='ocrx_word' id='word_1_68' title='bbox 273 1144 359 1193; x_wconf 74' lang='lat' dir='ltr'>fixa</span> <span class='ocrx_word' id='word_1_69' title='bbox 384 1142 529 1190; x_wconf 83' lang='lat' dir='ltr'>tabula,</span> <span class='ocrx_word' id='word_1_70' title='bbox 561 1155 671 1192; x_wconf 83' lang='lat' dir='ltr'>quae,</span> <span class='ocrx_word' id='word_1_71' title='bbox 708 1141 795 1192; x_wconf 82' lang='lat' dir='ltr'>quid</span> 
     </span>
     <span class='ocr_line' id='line_1_16' title="bbox 131 1200 797 1246; baseline -0.003 -9"><span class='ocrx_word' id='word_1_72' title='bbox 131 1201 169 1237; x_wconf 83' lang='lat' dir='ltr'>in</span> <span class='ocrx_word' id='word_1_73' title='bbox 196 1200 484 1238; x_wconf 76' lang='lat' dir='ltr'><em>deliberationem</em></span> <span class='ocrx_word' id='word_1_74' title='bbox 501 1201 650 1246; x_wconf 77' lang='lat' dir='ltr'>veni-ret,</span> <span class='ocrx_word' id='word_1_75' title='bbox 680 1201 797 1236; x_wconf 82' lang='lat' dir='ltr'>conti-</span> 
     </span>
     <span class='ocr_line' id='line_1_17' title="bbox 131 1252 795 1308; baseline 0 -14"><span class='ocrx_word' id='word_1_76' title='bbox 131 1257 237 1294; x_wconf 82' lang='lat' dir='ltr'>nebat</span> <span class='ocrx_word' id='word_1_77' title='bbox 283 1257 520 1306; x_wconf 82' lang='grc' dir='ltr'><strong><em>[προθεῖναι</em></strong></span> <span class='ocrx_word' id='word_1_78' title='bbox 555 1252 626 1295; x_wconf 77' lang='grc' dir='ltr'>τόν</span> <span class='ocrx_word' id='word_1_79' title='bbox 654 1253 795 1308; x_wconf 80' lang='grc' dir='ltr'><strong><em>λόγον]</em></strong></span> 
     </span>
     <span class='ocr_line' id='line_1_18' title="bbox 132 1312 799 1350; baseline -0.003 0"><span class='ocrx_word' id='word_1_80' title='bbox 132 1313 396 1350; x_wconf 81' lang='lat' dir='ltr'>Hemsterhus.</span> <span class='ocrx_word' id='word_1_81' title='bbox 437 1312 486 1350; x_wconf 89' lang='lat' dir='ltr'>ad</span> <span class='ocrx_word' id='word_1_82' title='bbox 529 1313 690 1350; x_wconf 85' lang='lat' dir='ltr'>Lucian.</span> <span class='ocrx_word' id='word_1_83' title='bbox 720 1314 799 1349; x_wconf 87' lang='lat' dir='ltr'>Ne-</span> 
     </span>
     <span class='ocr_line' id='line_1_19' title="bbox 133 1370 794 1421; baseline 0.002 -13"><span class='ocrx_word' id='word_1_84' title='bbox 133 1377 327 1421; x_wconf 87' lang='lat' dir='ltr'>cyomant.</span> <span class='ocrx_word' id='word_1_85' title='bbox 374 1371 424 1409; x_wconf 94' lang='grc'>19</span> <span class='ocrx_word' id='word_1_86' title='bbox 464 1370 533 1419; x_wconf 91' lang='grc' dir='ltr'>[Τ.</span> <span class='ocrx_word' id='word_1_87' title='bbox 563 1370 617 1405; x_wconf 95' lang='lat' dir='ltr'>III</span> <span class='ocrx_word' id='word_1_88' title='bbox 652 1383 688 1420; x_wconf 91' lang='lat' dir='ltr'>p.</span> <span class='ocrx_word' id='word_1_89' title='bbox 718 1371 794 1409; x_wconf 83' lang='grc'>361</span> 
     </span>
     <span class='ocr_line' id='line_1_20' title="bbox 133 1427 798 1479; baseline -0.003 -15"><span class='ocrx_word' id='word_1_90' title='bbox 133 1429 230 1479; x_wconf 74' lang='lat' dir='ltr'>seq]</span> <span class='ocrx_word' id='word_1_91' title='bbox 253 1429 297 1463; x_wconf 90' lang='lat' dir='ltr'>In</span> <span class='ocrx_word' id='word_1_92' title='bbox 328 1439 452 1463; x_wconf 88' lang='lat' dir='ltr'>unum</span> <span class='ocrx_word' id='word_1_93' title='bbox 483 1433 613 1463; x_wconf 86' lang='lat' dir='ltr'>coacto</span> <span class='ocrx_word' id='word_1_94' title='bbox 642 1427 798 1476; x_wconf 88' lang='lat' dir='ltr'>populo,</span> 
     </span>
     <span class='ocr_line' id='line_1_21' title="bbox 135 1484 801 1536; baseline -0.003 -16"><span class='ocrx_word' id='word_1_95' title='bbox 135 1486 201 1536; x_wconf 87' lang='lat' dir='ltr'>qui</span> <span class='ocrx_word' id='word_1_96' title='bbox 235 1491 319 1520; x_wconf 89' lang='lat' dir='ltr'>tum</span> <span class='ocrx_word' id='word_1_97' title='bbox 354 1490 460 1520; x_wconf 85' lang='lat' dir='ltr'>erant</span> <span class='ocrx_word' id='word_1_98' title='bbox 488 1484 586 1520; x_wconf 85' lang='lat' dir='ltr'>inter</span> <span class='ocrx_word' id='word_1_99' title='bbox 615 1484 801 1534; x_wconf 89' lang='lat' dir='ltr'>Prytanes</span> 
     </span>
     <span class='ocr_line' id='line_1_22' title="bbox 134 1535 800 1588; baseline -0.002 -10"><span class='ocrx_word' id='word_1_100' title='bbox 134 1539 313 1588; x_wconf 79' lang='lat' dir='ltr'>Pmedri,</span> <span class='ocrx_word' id='word_1_101' title='bbox 337 1541 399 1577; x_wconf 82' lang='lat' dir='ltr'>vel</span> <span class='ocrx_word' id='word_1_102' title='bbox 420 1554 440 1576; x_wconf 87' lang='lat' dir='ltr'>e</span> <span class='ocrx_word' id='word_1_103' title='bbox 460 1539 637 1577; x_wconf 87' lang='lat' dir='ltr'>Proedris</span> <span class='ocrx_word' id='word_1_104' title='bbox 660 1535 800 1579; x_wconf 73' lang='grc' dir='ltr'><strong><em>ὁἘπι-</em></strong></span> 
     </span>
     <span class='ocr_line' id='line_1_23' title="bbox 137 1593 801 1648; baseline -0.006 -12"><span class='ocrx_word' id='word_1_105' title='bbox 137 1593 282 1648; x_wconf 80' lang='grc' dir='ltr'><strong><em>στοῖτης</em></strong></span> <span class='ocrx_word' id='word_1_106' title='bbox 296 1598 435 1633; x_wconf 85' lang='lat' dir='ltr'>iterum</span> <span class='ocrx_word' id='word_1_107' title='bbox 456 1597 706 1648; x_wconf 82' lang='lat' dir='ltr'>proponebat,</span> <span class='ocrx_word' id='word_1_108' title='bbox 724 1608 801 1647; x_wconf 87' lang='lat' dir='ltr'>qua</span> 
     </span>
     <span class='ocr_line' id='line_1_24' title="bbox 137 1652 802 1703; baseline -0.003 -12"><span class='ocrx_word' id='word_1_109' title='bbox 137 1653 185 1691; x_wconf 91' lang='lat' dir='ltr'>de</span> <span class='ocrx_word' id='word_1_110' title='bbox 214 1667 254 1690; x_wconf 89' lang='lat' dir='ltr'>re</span> <span class='ocrx_word' id='word_1_111' title='bbox 276 1660 371 1690; x_wconf 84' lang='lat' dir='ltr'>esset</span> <span class='ocrx_word' id='word_1_112' title='bbox 401 1652 619 1703; x_wconf 82' lang='lat' dir='ltr'>agendum3</span> <span class='ocrx_word' id='word_1_113' title='bbox 648 1653 802 1690; x_wconf 80' lang='lat' dir='ltr'>excitati</span> 
     </span>
     <span class='ocr_line' id='line_1_25' title="bbox 136 1711 802 1762; baseline -0.003 -14"><span class='ocrx_word' id='word_1_114' title='bbox 136 1724 232 1748; x_wconf 85' lang='lat' dir='ltr'>voce</span> <span class='ocrx_word' id='word_1_115' title='bbox 251 1711 449 1762; x_wconf 87' lang='lat' dir='ltr'>praeconis</span> <span class='ocrx_word' id='word_1_116' title='bbox 470 1717 635 1747; x_wconf 88' lang='lat' dir='ltr'>oratores</span> <span class='ocrx_word' id='word_1_117' title='bbox 660 1711 701 1746; x_wconf 87' lang='lat' dir='ltr'>in</span> <span class='ocrx_word' id='word_1_118' title='bbox 722 1723 802 1747; x_wconf 85' lang='lat' dir='ltr'>me-</span> 
     </span>
     <span class='ocr_line' id='line_1_26' title="bbox 139 1766 802 1818; baseline -0.003 -13"><span class='ocrx_word' id='word_1_119' title='bbox 139 1767 247 1805; x_wconf 89' lang='lat' dir='ltr'>dium</span> <span class='ocrx_word' id='word_1_120' title='bbox 277 1766 505 1818; x_wconf 83' lang='lat' dir='ltr'><strong>prodibant,</strong></span> <span class='ocrx_word' id='word_1_121' title='bbox 543 1781 627 1804; x_wconf 86' lang='lat' dir='ltr'>rem</span> <span class='ocrx_word' id='word_1_122' title='bbox 656 1780 802 1818; x_wconf 87' lang='lat' dir='ltr'>propo-</span> 
     </span>
     <span class='ocr_line' id='line_1_27' title="bbox 138 1823 803 1862; baseline -0.003 0"><span class='ocrx_word' id='word_1_123' title='bbox 138 1826 250 1862; x_wconf 87' lang='lat' dir='ltr'>sitam</span> <span class='ocrx_word' id='word_1_124' title='bbox 263 1825 406 1862; x_wconf 82' lang='lat' dir='ltr'>civibus</span> <span class='ocrx_word' id='word_1_125' title='bbox 421 1823 623 1861; x_wconf 80' lang='lat' dir='ltr'><strong>suadentes</strong></span> <span class='ocrx_word' id='word_1_126' title='bbox 637 1825 698 1862; x_wconf 89' lang='lat' dir='ltr'>vel</span> <span class='ocrx_word' id='word_1_127' title='bbox 724 1823 803 1861; x_wconf 91' lang='lat' dir='ltr'>dis-</span> 
     </span>
     <span class='ocr_line' id='line_1_28' title="bbox 139 1880 805 1934; baseline -0.003 -15"><span class='ocrx_word' id='word_1_128' title='bbox 139 1880 366 1929; x_wconf 80' lang='lat' dir='ltr'>suadentes3</span> <span class='ocrx_word' id='word_1_129' title='bbox 395 1880 436 1918; x_wconf 92' lang='lat' dir='ltr'>hi</span> <span class='ocrx_word' id='word_1_130' title='bbox 465 1894 619 1918; x_wconf 89' lang='lat' dir='ltr'>causam</span> <span class='ocrx_word' id='word_1_131' title='bbox 644 1882 805 1934; x_wconf 86' lang='lat' dir='ltr'>quisque</span> 
     </span>
     <span class='ocr_line' id='line_1_29' title="bbox 141 1938 806 1989; baseline 0 -14"><span class='ocrx_word' id='word_1_132' title='bbox 141 1951 251 1975; x_wconf 88' lang='lat' dir='ltr'>suam</span> <span class='ocrx_word' id='word_1_133' title='bbox 271 1938 338 1974; x_wconf 80' lang='lat' dir='ltr'>ubl</span> <span class='ocrx_word' id='word_1_134' title='bbox 357 1945 597 1989; x_wconf 83' lang='lat' dir='ltr'>perorasent,</span> <span class='ocrx_word' id='word_1_135' title='bbox 629 1945 714 1975; x_wconf 87' lang='lat' dir='ltr'>tum</span> <span class='ocrx_word' id='word_1_136' title='bbox 732 1951 806 1989; x_wconf 89' lang='lat' dir='ltr'>po-</span> 
     </span>
     <span class='ocr_line' id='line_1_30' title="bbox 141 1995 806 2045; baseline 0.002 -15"><span class='ocrx_word' id='word_1_137' title='bbox 141 1995 253 2045; x_wconf 89' lang='lat' dir='ltr'>pulus</span> <span class='ocrx_word' id='word_1_138' title='bbox 274 2007 386 2031; x_wconf 85' lang='lat' dir='ltr'>causa</span> <span class='ocrx_word' id='word_1_139' title='bbox 412 1997 565 2045; x_wconf 84' lang='lat' dir='ltr'>cognita</span> <span class='ocrx_word' id='word_1_140' title='bbox 585 1996 806 2032; x_wconf 85' lang='lat' dir='ltr'>mittebatur</span> 
     </span>
     <span class='ocr_line' id='line_1_31' title="bbox 142 2049 807 2102; baseline 0 -14"><span class='ocrx_word' id='word_1_141' title='bbox 142 2052 183 2088; x_wconf 89' lang='lat' dir='ltr'>in</span> <span class='ocrx_word' id='word_1_142' title='bbox 204 2049 403 2101; x_wconf 81' lang='lat' dir='ltr'>suffragia:</span> <span class='ocrx_word' id='word_1_143' title='bbox 431 2053 617 2102; x_wconf 88' lang='lat' dir='ltr'>Epistates</span> <span class='ocrx_word' id='word_1_144' title='bbox 631 2053 692 2088; x_wconf 82' lang='lat' dir='ltr'>vel</span> <span class='ocrx_word' id='word_1_145' title='bbox 713 2053 807 2088; x_wconf 87' lang='lat' dir='ltr'>alius</span> 
     </span>
     <span class='ocr_line' id='line_1_32' title="bbox 144 2106 809 2159; baseline 0 -16"><span class='ocrx_word' id='word_1_146' title='bbox 144 2120 194 2144; x_wconf 86' lang='lat' dir='ltr'>ex</span> <span class='ocrx_word' id='word_1_147' title='bbox 226 2106 357 2143; x_wconf 84' lang='lat' dir='ltr'>ordine</span> <span class='ocrx_word' id='word_1_148' title='bbox 384 2109 621 2159; x_wconf 86' lang='lat' dir='ltr'>Prytanum‚</span> <span class='ocrx_word' id='word_1_149' title='bbox 652 2115 809 2145; x_wconf 81' lang='lat' dir='ltr'>senten-</span> 
     </span>
     <span class='ocr_line' id='line_1_33' title="bbox 143 2163 810 2215; baseline 0.004 -14"><span class='ocrx_word' id='word_1_150' title='bbox 143 2165 215 2201; x_wconf 86' lang='lat' dir='ltr'>tias</span> <span class='ocrx_word' id='word_1_151' title='bbox 244 2176 403 2214; x_wconf 88' lang='lat' dir='ltr'>rogans,</span> <span class='ocrx_word' id='word_1_152' title='bbox 435 2163 630 2201; x_wconf 81' lang='lat' dir='ltr'>dicebatur</span> <span class='ocrx_word' id='word_1_153' title='bbox 659 2165 810 2215; x_wconf 76' lang='grc' dir='ltr'><strong><em>ἐπιψη-</em></strong></span> 
     </span>
     <span class='ocr_line' id='line_1_34' title="bbox 145 2218 810 2271; baseline -0.005 -11"><span class='ocrx_word' id='word_1_154' title='bbox 145 2218 287 2271; x_wconf 81' lang='grc' dir='ltr'><strong><em>φίζειν.</em></strong></span> <span class='ocrx_word' id='word_1_155' title='bbox 331 2222 416 2267; x_wconf 83' lang='lat' dir='ltr'>Hic,</span> <span class='ocrx_word' id='word_1_156' title='bbox 434 2234 523 2257; x_wconf 86' lang='lat' dir='ltr'>cum</span> <span class='ocrx_word' id='word_1_157' title='bbox 536 2234 689 2258; x_wconf 86' lang='lat' dir='ltr'>causam</span> <span class='ocrx_word' id='word_1_158' title='bbox 699 2234 810 2258; x_wconf 87' lang='lat' dir='ltr'>suam</span> 
     </span>
     <span class='ocr_line' id='line_1_35' title="bbox 145 2276 810 2330; baseline 0.002 -17"><span class='ocrx_word' id='word_1_159' title='bbox 145 2276 728 2330; x_wconf 86' lang='lat' dir='ltr'>perorassetThemistocles‚iam</span> <span class='ocrx_word' id='word_1_160' title='bbox 742 2291 810 2314; x_wconf 88' lang='lat' dir='ltr'>an-</span> 
     </span>
     <span class='ocr_line' id='line_1_36' title="bbox 146 2334 809 2372; baseline 0 -1"><span class='ocrx_word' id='word_1_161' title='bbox 146 2341 185 2371; x_wconf 86' lang='lat' dir='ltr'>te</span> <span class='ocrx_word' id='word_1_162' title='bbox 202 2335 318 2371; x_wconf 86' lang='lat' dir='ltr'>iratus</span> <span class='ocrx_word' id='word_1_163' title='bbox 330 2334 557 2372; x_wconf 86' lang='lat' dir='ltr'>Adimantus</span> <span class='ocrx_word' id='word_1_164' title='bbox 577 2349 680 2372; x_wconf 86' lang='lat' dir='ltr'>nunc</span> <span class='ocrx_word' id='word_1_165' title='bbox 695 2335 809 2372; x_wconf 81' lang='lat' dir='ltr'>noluit</span> 
     </span>
     <span class='ocr_line' id='line_1_37' title="bbox 147 2388 811 2441; baseline 0.003 -12"><span class='ocrx_word' id='word_1_166' title='bbox 147 2390 394 2441; x_wconf 74' lang='lat' dir='ltr'>Eurybz&#39;adem</span> <span class='ocrx_word' id='word_1_167' title='bbox 417 2390 679 2441; x_wconf 78' lang='grc' dir='ltr'><strong><em>ἐπιψηφίζειν</em></strong></span> <span class='ocrx_word' id='word_1_168' title='bbox 712 2388 811 2431; x_wconf 80' lang='grc' dir='ltr'><strong><em>οἷπό-</em></strong></span> 
     </span>
     <span class='ocr_line' id='line_1_38' title="bbox 149 2444 812 2499; baseline -0.003 -12"><span class='ocrx_word' id='word_1_169' title='bbox 149 2450 187 2487; x_wconf 81' lang='grc' dir='ltr'><strong><em>λι</em></strong></span> <span class='ocrx_word' id='word_1_170' title='bbox 217 2444 375 2496; x_wconf 73' lang='grc' dir='ltr'>οἷνδρί.“</span> <span class='ocrx_word' id='word_1_171' title='bbox 433 2449 594 2485; x_wconf 86' lang='lat' dir='ltr'>Subiicit</span> <span class='ocrx_word' id='word_1_172' title='bbox 624 2450 680 2486; x_wconf 87' lang='lat' dir='ltr'>vir</span> <span class='ocrx_word' id='word_1_173' title='bbox 699 2462 812 2499; x_wconf 86' lang='lat' dir='ltr'>prae-</span> 
     </span>
     <span class='ocr_line' id='line_1_39' title="bbox 149 2505 813 2542; baseline 0 0"><span class='ocrx_word' id='word_1_174' title='bbox 149 2505 398 2542; x_wconf 84' lang='lat' dir='ltr'>stantissimus</span> <span class='ocrx_word' id='word_1_175' title='bbox 427 2506 518 2541; x_wconf 87' lang='lat' dir='ltr'>alios</span> <span class='ocrx_word' id='word_1_176' title='bbox 547 2506 649 2542; x_wconf 89' lang='lat' dir='ltr'>locos</span> <span class='ocrx_word' id='word_1_177' title='bbox 676 2507 813 2542; x_wconf 90' lang='lat' dir='ltr'>Xeno-</span> 
     </span>
     <span class='ocr_line' id='line_1_40' title="bbox 150 2559 812 2612; baseline 0.003 -16"><span class='ocrx_word' id='word_1_178' title='bbox 150 2559 285 2612; x_wconf 84' lang='lat' dir='ltr'>phont.</span> <span class='ocrx_word' id='word_1_179' title='bbox 322 2562 447 2599; x_wconf 88' lang='lat' dir='ltr'>Anab.</span> <span class='ocrx_word' id='word_1_180' title='bbox 476 2562 530 2610; x_wconf 90' lang='lat' dir='ltr'>V,</span> <span class='ocrx_word' id='word_1_181' title='bbox 563 2564 581 2601; x_wconf 90' lang='lat'>1</span> <span class='ocrx_word' id='word_1_182' title='bbox 599 2593 610 2611; x_wconf 94' lang='lat'><strong><em>,</em></strong></span> <span class='ocrx_word' id='word_1_183' title='bbox 647 2561 696 2602; x_wconf 84' lang='grc'>14</span> <span class='ocrx_word' id='word_1_184' title='bbox 725 2563 812 2599; x_wconf 85' lang='lat' dir='ltr'>coll.</span> 
     </span>
     <span class='ocr_line' id='line_1_41' title="bbox 152 2616 815 2669; baseline -0.006 -10"><span class='ocrx_word' id='word_1_185' title='bbox 152 2618 242 2667; x_wconf 83' lang='lat' dir='ltr'>Vll,</span> <span class='ocrx_word' id='word_1_186' title='bbox 266 2620 312 2665; x_wconf 83' lang='grc'>3,</span> <span class='ocrx_word' id='word_1_187' title='bbox 336 2616 406 2664; x_wconf 88' lang='grc'>14,</span> <span class='ocrx_word' id='word_1_188' title='bbox 444 2618 510 2655; x_wconf 90' lang='lat' dir='ltr'>ubi</span> <span class='ocrx_word' id='word_1_189' title='bbox 529 2632 632 2656; x_wconf 88' lang='lat' dir='ltr'>nunc</span> <span class='ocrx_word' id='word_1_190' title='bbox 652 2619 815 2669; x_wconf 81' lang='lat' dir='ltr'>Kriigeri</span> 
     </span>
     <span class='ocr_line' id='line_1_42' title="bbox 155 2674 814 2726; baseline 0.006 -16"><span class='ocrx_word' id='word_1_191' title='bbox 155 2674 374 2711; x_wconf 76' lang='lat' dir='ltr'>consulatur</span> <span class='ocrx_word' id='word_1_192' title='bbox 415 2677 621 2726; x_wconf 82' lang='lat' dir='ltr'>annotatio,</span> <span class='ocrx_word' id='word_1_193' title='bbox 659 2677 814 2713; x_wconf 83' lang='lat' dir='ltr'>Memo-</span> 
     </span>
     <span class='ocr_line' id='line_1_43' title="bbox 156 2731 814 2785; baseline 0.005 -18"><span class='ocrx_word' id='word_1_194' title='bbox 156 2731 260 2769; x_wconf 84' lang='lat' dir='ltr'>rabb.</span> <span class='ocrx_word' id='word_1_195' title='bbox 283 2732 321 2778; x_wconf 91' lang='lat'>1,</span> <span class='ocrx_word' id='word_1_196' title='bbox 349 2734 390 2777; x_wconf 91' lang='lat'>1,</span> <span class='ocrx_word' id='word_1_197' title='bbox 427 2734 477 2773; x_wconf 91' lang='lat'>18</span> <span class='ocrx_word' id='word_1_198' title='bbox 508 2733 637 2785; x_wconf 86' lang='lat' dir='ltr'>ibique</span> <span class='ocrx_word' id='word_1_199' title='bbox 665 2734 814 2770; x_wconf 87' lang='lat' dir='ltr'>Ernest.</span> 
     </span>
     <span class='ocr_line' id='line_1_44' title="bbox 159 2784 815 2843; baseline 0.005 -20"><span class='ocrx_word' id='word_1_200' title='bbox 159 2807 211 2815; x_wconf 97' lang='lat'><strong>—</strong></span> <span class='ocrx_word' id='word_1_201' title='bbox 233 2786 295 2824; x_wconf 90' lang='lat' dir='ltr'>Ad</span> <span class='ocrx_word' id='word_1_202' title='bbox 317 2786 459 2834; x_wconf 68' lang='lat' dir='ltr'>datiyos</span> <span class='ocrx_word' id='word_1_203' title='bbox 491 2784 613 2830; x_wconf 77' lang='grc' dir='ltr'><strong><em>οἷπόλι</em></strong></span> <span class='ocrx_word' id='word_1_204' title='bbox 644 2787 710 2840; x_wconf 87' lang='lat' dir='ltr'>(de</span> <span class='ocrx_word' id='word_1_205' title='bbox 741 2803 815 2843; x_wconf 87' lang='lat' dir='ltr'>qua</span> 
     </span>
     <span class='ocr_line' id='line_1_45' title="bbox 158 2842 815 2893; baseline 0.008 -13"><span class='ocrx_word' id='word_1_206' title='bbox 158 2842 282 2881; x_wconf 83' lang='lat' dir='ltr'>forma</span> <span class='ocrx_word' id='word_1_207' title='bbox 311 2843 390 2881; x_wconf 83' lang='lat' dir='ltr'>vid.</span> <span class='ocrx_word' id='word_1_208' title='bbox 417 2844 554 2889; x_wconf 86' lang='lat' dir='ltr'>Matth,</span> <span class='ocrx_word' id='word_1_209' title='bbox 585 2848 652 2885; x_wconf 87' lang='lat' dir='ltr'>Gr.</span> <span class='ocrx_word' id='word_1_210' title='bbox 682 2848 747 2885; x_wconf 88' lang='lat' dir='ltr'>Gr.</span> <span class='ocrx_word' id='word_1_211' title='bbox 777 2848 815 2893; x_wconf 87' lang='lat'>§.</span> 
     </span>
     <span class='ocr_line' id='line_1_46' title="bbox 215 2901 535 2942; baseline 0.016 -5"><span class='ocrx_word' id='word_1_212' title='bbox 215 2901 440 2940; x_wconf 64' lang='lat' dir='ltr'>Hauonor.</span> <span class='ocrx_word' id='word_1_213' title='bbox 467 2903 535 2942; x_wconf 85' lang='lat' dir='ltr'>IV.</span> 
     </span>
    </p>
   </div>
   <div class='ocr_carea' id='block_1_6' title="bbox 847 739 1530 2900">
    <p class='ocr_par' dir='ltr' id='par_1_6' title="bbox 847 739 1530 2900">
     <span class='ocr_line' id='line_1_47' title="bbox 849 739 1511 796; baseline -0.002 -13"><span class='ocrx_word' id='word_1_214' title='bbox 849 742 941 792; x_wconf 87' lang='grc'><strong>114,</strong></span> <span class='ocrx_word' id='word_1_215' title='bbox 964 757 1002 794; x_wconf 89' lang='lat' dir='ltr'>p.</span> <span class='ocrx_word' id='word_1_216' title='bbox 1019 743 1119 793; x_wconf 76' lang='lat'>231)</span> <span class='ocrx_word' id='word_1_217' title='bbox 1144 739 1261 796; x_wconf 75' lang='grc' dir='ltr'><strong><em>ἅνδρὶ</em></strong></span> <span class='ocrx_word' id='word_1_218' title='bbox 1275 744 1302 781; x_wconf 90' lang='lat' dir='ltr'>i.</span> <span class='ocrx_word' id='word_1_219' title='bbox 1317 757 1349 780; x_wconf 89' lang='lat' dir='ltr'>e.</span> <span class='ocrx_word' id='word_1_220' title='bbox 1370 745 1407 782; x_wconf 77' lang='lat' dir='ltr'>in</span> <span class='ocrx_word' id='word_1_221' title='bbox 1418 757 1511 793; x_wconf 82' lang='lat' dir='ltr'>gra-</span> 
     </span>
     <span class='ocr_line' id='line_1_48' title="bbox 848 802 1512 839; baseline 0.003 -3"><span class='ocrx_word' id='word_1_222' title='bbox 848 802 936 838; x_wconf 80' lang='lat' dir='ltr'>tiam</span> <span class='ocrx_word' id='word_1_223' title='bbox 964 802 1034 838; x_wconf 72' lang='lat' dir='ltr'>viri</span> <span class='ocrx_word' id='word_1_224' title='bbox 1057 803 1203 838; x_wconf 75' lang='lat' dir='ltr'>civitate</span> <span class='ocrx_word' id='word_1_225' title='bbox 1233 803 1384 838; x_wconf 78' lang='lat' dir='ltr'>carentis</span> <span class='ocrx_word' id='word_1_226' title='bbox 1411 802 1512 839; x_wconf 85' lang='lat' dir='ltr'>conf.</span> 
     </span>
     <span class='ocr_line' id='line_1_49' title="bbox 847 856 1514 908; baseline 0.006 -16"><span class='ocrx_word' id='word_1_227' title='bbox 847 856 984 895; x_wconf 82' lang='lat' dir='ltr'>Matth.</span> <span class='ocrx_word' id='word_1_228' title='bbox 1006 858 1031 894; x_wconf 91' lang='lat' dir='ltr'>l.</span> <span class='ocrx_word' id='word_1_229' title='bbox 1053 858 1078 894; x_wconf 91' lang='lat' dir='ltr'>l.</span> <span class='ocrx_word' id='word_1_230' title='bbox 1110 859 1146 903; x_wconf 82' lang='lat'>§.</span> <span class='ocrx_word' id='word_1_231' title='bbox 1177 858 1257 898; x_wconf 89' lang='grc'>394</span> <span class='ocrx_word' id='word_1_232' title='bbox 1299 871 1387 908; x_wconf 84' lang='lat' dir='ltr'>pag.</span> <span class='ocrx_word' id='word_1_233' title='bbox 1418 861 1514 898; x_wconf 76' lang='lat'>721.</span> 
     </span>
     <span class='ocr_line' id='line_1_50' title="bbox 850 913 1514 953; baseline 0.003 -3"><span class='ocrx_word' id='word_1_234' title='bbox 850 915 1059 951; x_wconf 88' lang='lat' dir='ltr'>Geminum</span> <span class='ocrx_word' id='word_1_235' title='bbox 1078 915 1228 951; x_wconf 86' lang='lat' dir='ltr'>Aeliani</span> <span class='ocrx_word' id='word_1_236' title='bbox 1247 916 1376 952; x_wconf 85' lang='lat' dir='ltr'>locum</span> <span class='ocrx_word' id='word_1_237' title='bbox 1398 913 1443 953; x_wconf 86' lang='lat' dir='ltr'>V.</span> <span class='ocrx_word' id='word_1_238' title='bbox 1465 916 1514 952; x_wconf 88' lang='grc' dir='ltr'>Η.</span> 
     </span>
     <span class='ocr_line' id='line_1_51' title="bbox 848 971 1514 1019; baseline 0.003 -12"><span class='ocrx_word' id='word_1_239' title='bbox 848 972 923 1019; x_wconf 85' lang='grc' dir='ltr'><strong>ΙΙΙ,</strong></span> <span class='ocrx_word' id='word_1_240' title='bbox 958 973 1008 1012; x_wconf 84' lang='lat'>17</span> <span class='ocrx_word' id='word_1_241' title='bbox 1039 972 1163 1009; x_wconf 87' lang='lat' dir='ltr'>attulit</span> <span class='ocrx_word' id='word_1_242' title='bbox 1191 971 1514 1009; x_wconf 71' lang='lat' dir='ltr'>Valckenaeritis:</span> 
     </span>
     <span class='ocr_line' id='line_1_52' title="bbox 852 1023 1515 1079; baseline -0.002 -11"><span class='ocrx_word' id='word_1_243' title='bbox 852 1023 943 1068; x_wconf 79' lang='grc' dir='ltr'><strong><em>οὔτ’</em></strong></span> <span class='ocrx_word' id='word_1_244' title='bbox 987 1025 1242 1078; x_wconf 80' lang='grc' dir='ltr'><strong><em>ἐπεψήφισεν</em></strong></span> <span class='ocrx_word' id='word_1_245' title='bbox 1279 1024 1515 1079; x_wconf 76' lang='grc' dir='ltr'><strong><em>Ἀθηναίοις</em></strong></span> 
     </span>
     <span class='ocr_line' id='line_1_53' title="bbox 849 1082 1515 1138; baseline 0.002 -17"><span class='ocrx_word' id='word_1_246' title='bbox 849 1082 891 1138; x_wconf 87' lang='grc' dir='ltr'>(ἰ,</span> <span class='ocrx_word' id='word_1_247' title='bbox 924 1098 958 1122; x_wconf 88' lang='lat' dir='ltr'>e.</span> <span class='ocrx_word' id='word_1_248' title='bbox 987 1085 1252 1123; x_wconf 75' lang='lat' dir='ltr'>Atheniensium</span> <span class='ocrx_word' id='word_1_249' title='bbox 1275 1087 1313 1123; x_wconf 82' lang='lat' dir='ltr'>in</span> <span class='ocrx_word' id='word_1_250' title='bbox 1337 1085 1515 1136; x_wconf 76' lang='lat' dir='ltr'>gratiam)</span> 
     </span>
     <span class='ocr_line' id='line_1_54' title="bbox 849 1137 1517 1194; baseline 0 -13"><span class='ocrx_word' id='word_1_251' title='bbox 849 1139 921 1181; x_wconf 77' lang='grc' dir='ltr'>τόν</span> <span class='ocrx_word' id='word_1_252' title='bbox 941 1143 1021 1181; x_wconf 81' lang='grc' dir='ltr'>τῶν</span> <span class='ocrx_word' id='word_1_253' title='bbox 1035 1141 1127 1181; x_wconf 80' lang='grc' dir='ltr'><strong><em>δέκα</em></strong></span> <span class='ocrx_word' id='word_1_254' title='bbox 1141 1145 1368 1194; x_wconf 76' lang='grc' dir='ltr'><strong><em>στρατηγῶν</em></strong></span> <span class='ocrx_word' id='word_1_255' title='bbox 1382 1137 1517 1181; x_wconf 73' lang='grc' dir='ltr'><strong><em>θάνα-</em></strong></span> 
     </span>
     <span class='ocr_line' id='line_1_55' title="bbox 850 1197 1517 1251; baseline 0 -13"><span class='ocrx_word' id='word_1_256' title='bbox 850 1214 933 1238; x_wconf 86' lang='grc' dir='ltr'>τον.</span> <span class='ocrx_word' id='word_1_257' title='bbox 957 1219 1009 1227; x_wconf 94' lang='lat'>—</span> <span class='ocrx_word' id='word_1_258' title='bbox 1032 1200 1126 1236; x_wconf 84' lang='lat' dir='ltr'>Mox</span> <span class='ocrx_word' id='word_1_259' title='bbox 1143 1199 1231 1236; x_wconf 89' lang='lat' dir='ltr'>dedi</span> <span class='ocrx_word' id='word_1_260' title='bbox 1254 1197 1517 1251; x_wconf 77' lang='grc' dir='ltr'><strong><em>Θεμιστοκλέα</em></strong></span> 
     </span>
     <span class='ocr_line' id='line_1_56' title="bbox 857 1257 1517 1307; baseline 0.003 -15"><span class='ocrx_word' id='word_1_261' title='bbox 857 1269 927 1306; x_wconf 88' lang='lat' dir='ltr'>pro</span> <span class='ocrx_word' id='word_1_262' title='bbox 942 1257 1226 1307; x_wconf 81' lang='grc' dir='ltr'><strong><em>Θεμιστοκλῆα.</em></strong></span> <span class='ocrx_word' id='word_1_263' title='bbox 1257 1258 1316 1293; x_wconf 84' lang='lat' dir='ltr'>De</span> <span class='ocrx_word' id='word_1_264' title='bbox 1336 1257 1418 1307; x_wconf 89' lang='lat' dir='ltr'>ipso</span> <span class='ocrx_word' id='word_1_265' title='bbox 1435 1257 1517 1294; x_wconf 85' lang='lat' dir='ltr'>viro</span> 
     </span>
     <span class='ocr_line' id='line_1_57' title="bbox 856 1311 1519 1365; baseline 0 -15"><span class='ocrx_word' id='word_1_266' title='bbox 856 1312 935 1350; x_wconf 88' lang='lat' dir='ltr'>dixi</span> <span class='ocrx_word' id='word_1_267' title='bbox 961 1311 1009 1349; x_wconf 87' lang='lat' dir='ltr'>ad</span> <span class='ocrx_word' id='word_1_268' title='bbox 1033 1314 1122 1361; x_wconf 89' lang='lat' dir='ltr'>VII,</span> <span class='ocrx_word' id='word_1_269' title='bbox 1148 1312 1238 1354; x_wconf 78' lang='lat'>143.</span> <span class='ocrx_word' id='word_1_270' title='bbox 1274 1315 1317 1349; x_wconf 90' lang='lat' dir='ltr'>In</span> <span class='ocrx_word' id='word_1_271' title='bbox 1339 1315 1395 1360; x_wconf 87' lang='lat' dir='ltr'>iis,</span> <span class='ocrx_word' id='word_1_272' title='bbox 1420 1326 1519 1365; x_wconf 84' lang='lat' dir='ltr'>quae</span> 
     </span>
     <span class='ocr_line' id='line_1_58' title="bbox 854 1369 1518 1422; baseline 0.005 -16"><span class='ocrx_word' id='word_1_273' title='bbox 854 1371 1030 1420; x_wconf 80' lang='lat' dir='ltr'>proxime</span> <span class='ocrx_word' id='word_1_274' title='bbox 1051 1369 1294 1418; x_wconf 82' lang='lat' dir='ltr'>antecedunt,</span> <span class='ocrx_word' id='word_1_275' title='bbox 1308 1370 1518 1422; x_wconf 83' lang='grc' dir='ltr'><strong><em>ἐπεφέρετο</em></strong></span> 
     </span>
     <span class='ocr_line' id='line_1_59' title="bbox 856 1425 1473 1464; baseline 0.002 -2"><span class='ocrx_word' id='word_1_276' title='bbox 856 1425 1036 1463; x_wconf 86' lang='lat' dir='ltr'>reddam:</span> <span class='ocrx_word' id='word_1_277' title='bbox 1067 1428 1106 1464; x_wconf 84' lang='grc' dir='ltr'><strong><em>ιή</em></strong></span> <span class='ocrx_word' id='word_1_278' title='bbox 1132 1440 1206 1464; x_wconf 81' lang='lat' dir='ltr'>eum</span> <span class='ocrx_word' id='word_1_279' title='bbox 1230 1429 1381 1464; x_wconf 72' lang='lat' dir='ltr'>invectus</span> <span class='ocrx_word' id='word_1_280' title='bbox 1409 1431 1473 1464; x_wconf 82' lang='lat' dir='ltr'>est.</span> 
     </span>
     <span class='ocr_line' id='line_1_60' title="bbox 915 1478 1520 1534; baseline -0.002 -12"><span class='ocrx_word' id='word_1_281' title='bbox 915 1478 1019 1522; x_wconf 75' lang='grc' dir='ltr'><strong><em>οὕτω</em></strong></span> <span class='ocrx_word' id='word_1_282' title='bbox 1050 1482 1218 1532; x_wconf 78' lang='grc' dir='ltr'><strong><em>ἐκέλευε]</em></strong></span> <span class='ocrx_word' id='word_1_283' title='bbox 1250 1485 1308 1519; x_wconf 86' lang='lat' dir='ltr'>De</span> <span class='ocrx_word' id='word_1_284' title='bbox 1335 1484 1520 1534; x_wconf 87' lang='lat' dir='ltr'>particula</span> 
     </span>
     <span class='ocr_line' id='line_1_61' title="bbox 859 1535 1520 1586; baseline -0.002 -7"><span class='ocrx_word' id='word_1_285' title='bbox 859 1535 962 1579; x_wconf 77' lang='grc' dir='ltr'><strong><em>οὕτω</em></strong></span> <span class='ocrx_word' id='word_1_286' title='bbox 986 1540 1088 1576; x_wconf 84' lang='lat' dir='ltr'>conf.</span> <span class='ocrx_word' id='word_1_287' title='bbox 1120 1539 1256 1577; x_wconf 83' lang='lat' dir='ltr'>Matth.</span> <span class='ocrx_word' id='word_1_288' title='bbox 1285 1542 1351 1579; x_wconf 87' lang='lat' dir='ltr'>Gr.</span> <span class='ocrx_word' id='word_1_289' title='bbox 1386 1541 1452 1578; x_wconf 86' lang='lat' dir='ltr'>Gr.</span> <span class='ocrx_word' id='word_1_290' title='bbox 1480 1542 1520 1586; x_wconf 77' lang='lat'>§-</span> 
     </span>
     <span class='ocr_line' id='line_1_62' title="bbox 858 1596 1521 1648; baseline -0.005 -11"><span class='ocrx_word' id='word_1_291' title='bbox 858 1596 960 1644; x_wconf 82' lang='lat'>565,</span> <span class='ocrx_word' id='word_1_292' title='bbox 985 1599 1003 1636; x_wconf 95' lang='lat'>1</span> <span class='ocrx_word' id='word_1_293' title='bbox 1025 1609 1110 1648; x_wconf 79' lang='lat' dir='ltr'>pag.</span> <span class='ocrx_word' id='word_1_294' title='bbox 1129 1599 1248 1638; x_wconf 84' lang='lat'>1113.</span> <span class='ocrx_word' id='word_1_295' title='bbox 1266 1597 1521 1634; x_wconf 86' lang='lat' dir='ltr'>Locutionem</span> 
     </span>
     <span class='ocr_line' id='line_1_63' title="bbox 856 1649 1521 1705; baseline -0.002 -14"><span class='ocrx_word' id='word_1_296' title='bbox 856 1649 1018 1705; x_wconf 74' lang='grc' dir='ltr'><strong><em>γνώμας</em></strong></span> <span class='ocrx_word' id='word_1_297' title='bbox 1032 1650 1333 1705; x_wconf 73' lang='grc' dir='ltr'><strong><em>συμβάλλεσθαι</em></strong></span> <span class='ocrx_word' id='word_1_298' title='bbox 1353 1654 1460 1704; x_wconf 78' lang='lat' dir='ltr'>attigi</span> <span class='ocrx_word' id='word_1_299' title='bbox 1478 1655 1521 1691; x_wconf 86' lang='lat' dir='ltr'>in</span> 
     </span>
     <span class='ocr_line' id='line_1_64' title="bbox 857 1709 1522 1759; baseline 0.003 -13"><span class='ocrx_word' id='word_1_300' title='bbox 857 1717 939 1747; x_wconf 87' lang='lat' dir='ltr'>not.</span> <span class='ocrx_word' id='word_1_301' title='bbox 970 1709 1018 1747; x_wconf 91' lang='lat' dir='ltr'>ad</span> <span class='ocrx_word' id='word_1_302' title='bbox 1049 1711 1099 1759; x_wconf 85' lang='lat' dir='ltr'>V,</span> <span class='ocrx_word' id='word_1_303' title='bbox 1151 1713 1204 1752; x_wconf 81' lang='lat'>92</span> <span class='ocrx_word' id='word_1_304' title='bbox 1244 1712 1282 1757; x_wconf 61' lang='grc' dir='ltr'>ς.</span> <span class='ocrx_word' id='word_1_305' title='bbox 1308 1714 1344 1752; x_wconf 88' lang='grc'>1.</span> <span class='ocrx_word' id='word_1_306' title='bbox 1411 1710 1522 1748; x_wconf 83' lang='lat' dir='ltr'>Idem</span> 
     </span>
     <span class='ocr_line' id='line_1_65' title="bbox 857 1765 1524 1818; baseline 0.009 -15"><span class='ocrx_word' id='word_1_307' title='bbox 857 1765 994 1804; x_wconf 73' lang='lat' dir='ltr'>Matth.</span> <span class='ocrx_word' id='word_1_308' title='bbox 1014 1768 1080 1805; x_wconf 87' lang='lat' dir='ltr'>Gr.</span> <span class='ocrx_word' id='word_1_309' title='bbox 1103 1767 1169 1804; x_wconf 88' lang='lat' dir='ltr'>Gr.</span> <span class='ocrx_word' id='word_1_310' title='bbox 1206 1768 1240 1813; x_wconf 85' lang='lat'>§.</span> <span class='ocrx_word' id='word_1_311' title='bbox 1261 1766 1345 1808; x_wconf 82' lang='grc'>497</span> <span class='ocrx_word' id='word_1_312' title='bbox 1373 1781 1413 1818; x_wconf 84' lang='grc' dir='ltr'>Ρ.</span> <span class='ocrx_word' id='word_1_313' title='bbox 1441 1770 1524 1809; x_wconf 88' lang='grc'>937</span> 
     </span>
     <span class='ocr_line' id='line_1_66' title="bbox 859 1821 1524 1877; baseline 0.005 -16"><span class='ocrx_word' id='word_1_314' title='bbox 859 1823 905 1861; x_wconf 88' lang='lat' dir='ltr'>de</span> <span class='ocrx_word' id='word_1_315' title='bbox 918 1824 1289 1877; x_wconf 83' lang='lat' dir='ltr'>plusquamperfecto</span> <span class='ocrx_word' id='word_1_316' title='bbox 1301 1821 1524 1875; x_wconf 72' lang='grc' dir='ltr'><strong><em>ἡλώκεσαν,</em></strong></span> 
     </span>
     <span class='ocr_line' id='line_1_67' title="bbox 861 1880 1524 1933; baseline -0.014 -7"><span class='ocrx_word' id='word_1_317' title='bbox 861 1883 898 1926; x_wconf 57' lang='grc' dir='ltr'>ξ·</span> <span class='ocrx_word' id='word_1_318' title='bbox 930 1881 1034 1930; x_wconf 87' lang='grc'>505,</span> <span class='ocrx_word' id='word_1_319' title='bbox 1060 1884 1077 1921; x_wconf 87' lang='grc'><strong>1</strong></span> <span class='ocrx_word' id='word_1_320' title='bbox 1110 1894 1197 1933; x_wconf 79' lang='lat' dir='ltr'>pag.</span> <span class='ocrx_word' id='word_1_321' title='bbox 1215 1881 1296 1922; x_wconf 85' lang='lat'>958</span> <span class='ocrx_word' id='word_1_322' title='bbox 1318 1880 1365 1918; x_wconf 91' lang='lat' dir='ltr'>de</span> <span class='ocrx_word' id='word_1_323' title='bbox 1382 1883 1524 1932; x_wconf 85' lang='lat' dir='ltr'>imper-</span> 
     </span>
     <span class='ocr_line' id='line_1_68' title="bbox 859 1938 1496 1989; baseline 0.003 -15"><span class='ocrx_word' id='word_1_324' title='bbox 859 1939 959 1975; x_wconf 82' lang='lat' dir='ltr'>fecto</span> <span class='ocrx_word' id='word_1_325' title='bbox 981 1938 1204 1989; x_wconf 82' lang='grc' dir='ltr'><strong><em>κατείχοντο</em></strong></span> <span class='ocrx_word' id='word_1_326' title='bbox 1227 1938 1496 1976; x_wconf 84' lang='lat' dir='ltr'>consulendus.</span> 
     </span>
     <span class='ocr_line' id='line_1_69' title="bbox 936 1991 1523 2047; baseline 0 -13"><span class='ocrx_word' id='word_1_327' title='bbox 936 1991 1032 2036; x_wconf 89' lang='grc' dir='ltr'><strong><em>Τότε</em></strong></span> <span class='ocrx_word' id='word_1_328' title='bbox 1067 1993 1118 2046; x_wconf 73' lang='grc' dir='ltr'>δή</span> <span class='ocrx_word' id='word_1_329' title='bbox 1158 1994 1182 2035; x_wconf 81' lang='grc' dir='ltr'>ὁ</span> <span class='ocrx_word' id='word_1_330' title='bbox 1212 1993 1523 2047; x_wconf 77' lang='grc' dir='ltr'><strong><em>Θεμιστοκλέης]</em></strong></span> 
     </span>
     <span class='ocr_line' id='line_1_70' title="bbox 862 2048 1525 2102; baseline 0.006 -15"><span class='ocrx_word' id='word_1_331' title='bbox 862 2051 1050 2090; x_wconf 87' lang='lat' dir='ltr'>Valcken.</span> <span class='ocrx_word' id='word_1_332' title='bbox 1097 2053 1232 2089; x_wconf 84' lang='lat' dir='ltr'>maluit</span> <span class='ocrx_word' id='word_1_333' title='bbox 1260 2048 1347 2091; x_wconf 85' lang='grc' dir='ltr'><strong><em>τότε</em></strong></span> <span class='ocrx_word' id='word_1_334' title='bbox 1377 2050 1430 2091; x_wconf 79' lang='grc' dir='ltr'>δὲ</span> <span class='ocrx_word' id='word_1_335' title='bbox 1460 2050 1525 2102; x_wconf 77' lang='grc' dir='ltr'>δή,</span> 
     </span>
     <span class='ocr_line' id='line_1_71' title="bbox 865 2108 1527 2159; baseline 0 -15"><span class='ocrx_word' id='word_1_336' title='bbox 865 2109 929 2144; x_wconf 89' lang='lat' dir='ltr'>ubi</span> <span class='ocrx_word' id='word_1_337' title='bbox 963 2115 1093 2144; x_wconf 78' lang='lat' dir='ltr'>tamen</span> <span class='ocrx_word' id='word_1_338' title='bbox 1129 2108 1216 2144; x_wconf 63' lang='lat' dir='ltr'>mea</span> <span class='ocrx_word' id='word_1_339' title='bbox 1250 2108 1406 2159; x_wconf 90' lang='lat' dir='ltr'>quidem</span> <span class='ocrx_word' id='word_1_340' title='bbox 1435 2122 1527 2145; x_wconf 90' lang='lat' dir='ltr'>seu-</span> 
     </span>
     <span class='ocr_line' id='line_1_72' title="bbox 863 2163 1528 2216; baseline 0.002 -16"><span class='ocrx_word' id='word_1_341' title='bbox 863 2164 983 2201; x_wconf 64' lang='lat' dir='ltr'>tentia</span> <span class='ocrx_word' id='word_1_342' title='bbox 1003 2166 1067 2201; x_wconf 84' lang='lat' dir='ltr'>vix</span> <span class='ocrx_word' id='word_1_343' title='bbox 1083 2177 1176 2216; x_wconf 86' lang='lat' dir='ltr'>opus</span> <span class='ocrx_word' id='word_1_344' title='bbox 1198 2163 1337 2200; x_wconf 86' lang='lat' dir='ltr'>addere</span> <span class='ocrx_word' id='word_1_345' title='bbox 1356 2166 1528 2216; x_wconf 82' lang='lat' dir='ltr'>particu-</span> 
     </span>
     <span class='ocr_line' id='line_1_73' title="bbox 864 2219 1530 2273; baseline 0.002 -15"><span class='ocrx_word' id='word_1_346' title='bbox 864 2221 941 2258; x_wconf 89' lang='lat' dir='ltr'>lam</span> <span class='ocrx_word' id='word_1_347' title='bbox 976 2219 1029 2260; x_wconf 78' lang='grc' dir='ltr'>δέ.</span> <span class='ocrx_word' id='word_1_348' title='bbox 1075 2222 1239 2273; x_wconf 87' lang='lat' dir='ltr'>Respicit</span> <span class='ocrx_word' id='word_1_349' title='bbox 1259 2223 1394 2258; x_wconf 87' lang='lat' dir='ltr'>Noster</span> <span class='ocrx_word' id='word_1_350' title='bbox 1414 2223 1530 2259; x_wconf 83' lang='lat' dir='ltr'>verba</span> 
     </span>
     <span class='ocr_line' id='line_1_74' title="bbox 866 2274 1530 2329; baseline 0.003 -14"><span class='ocrx_word' id='word_1_351' title='bbox 866 2290 948 2328; x_wconf 84' lang='lat' dir='ltr'>cap.</span> <span class='ocrx_word' id='word_1_352' title='bbox 969 2278 1043 2315; x_wconf 92' lang='lat' dir='ltr'>LX</span> <span class='ocrx_word' id='word_1_353' title='bbox 1071 2279 1154 2320; x_wconf 85' lang='lat' dir='ltr'>init.</span> <span class='ocrx_word' id='word_1_354' title='bbox 1182 2274 1270 2318; x_wconf 88' lang='grc' dir='ltr'><strong><em>τότε</em></strong></span> <span class='ocrx_word' id='word_1_355' title='bbox 1301 2275 1373 2329; x_wconf 81' lang='grc' dir='ltr'>μὲν</span> <span class='ocrx_word' id='word_1_356' title='bbox 1398 2274 1530 2328; x_wconf 85' lang='grc' dir='ltr'><strong><em>η’πίως</em></strong></span> 
     </span>
     <span class='ocr_line' id='line_1_75' title="bbox 867 2330 1528 2386; baseline 0.002 -13"><span class='ocrx_word' id='word_1_357' title='bbox 867 2332 965 2386; x_wconf 82' lang='grc' dir='ltr'><strong><em>πρὸς</em></strong></span> <span class='ocrx_word' id='word_1_358' title='bbox 982 2332 1050 2374; x_wconf 76' lang='grc' dir='ltr'>τόν</span> <span class='ocrx_word' id='word_1_359' title='bbox 1075 2335 1302 2386; x_wconf 83' lang='grc' dir='ltr'><strong><em>Κορίνθιον</em></strong></span> <span class='ocrx_word' id='word_1_360' title='bbox 1315 2330 1528 2385; x_wconf 62' lang='grc' dir='ltr'><strong><em>ἀμείψατο.</em></strong></span> 
     </span>
     <span class='ocr_line' id='line_1_76' title="bbox 866 2391 1529 2445; baseline 0.006 -17"><span class='ocrx_word' id='word_1_361' title='bbox 866 2393 1112 2428; x_wconf 82' lang='lat' dir='ltr'>Accusativos</span> <span class='ocrx_word' id='word_1_362' title='bbox 1142 2392 1236 2429; x_wconf 88' lang='lat' dir='ltr'>duos</span> <span class='ocrx_word' id='word_1_363' title='bbox 1267 2394 1383 2429; x_wconf 87' lang='lat' dir='ltr'>verbo</span> <span class='ocrx_word' id='word_1_364' title='bbox 1404 2391 1529 2445; x_wconf 80' lang='grc' dir='ltr'><strong><em>λέγειν</em></strong></span> 
     </span>
     <span class='ocr_line' id='line_1_77' title="bbox 869 2448 1530 2500; baseline 0.003 -16"><span class='ocrx_word' id='word_1_365' title='bbox 869 2448 1015 2485; x_wconf 85' lang='lat' dir='ltr'>additos</span> <span class='ocrx_word' id='word_1_366' title='bbox 1048 2451 1170 2500; x_wconf 82' lang='lat' dir='ltr'>attigit</span> <span class='ocrx_word' id='word_1_367' title='bbox 1201 2448 1334 2486; x_wconf 84' lang='lat' dir='ltr'>Matth.</span> <span class='ocrx_word' id='word_1_368' title='bbox 1365 2450 1430 2488; x_wconf 87' lang='lat' dir='ltr'>Gr.</span> <span class='ocrx_word' id='word_1_369' title='bbox 1462 2451 1530 2487; x_wconf 85' lang='lat' dir='ltr'>Gr.</span> 
     </span>
     <span class='ocr_line' id='line_1_78' title="bbox 869 2505 1529 2558; baseline -0.003 -12"><span class='ocrx_word' id='word_1_370' title='bbox 869 2507 906 2552; x_wconf 61' lang='grc' dir='ltr'>ξ.</span> <span class='ocrx_word' id='word_1_371' title='bbox 928 2506 1008 2546; x_wconf 89' lang='grc'>416</span> <span class='ocrx_word' id='word_1_372' title='bbox 1037 2519 1122 2556; x_wconf 83' lang='lat' dir='ltr'>pag.</span> <span class='ocrx_word' id='word_1_373' title='bbox 1142 2509 1244 2553; x_wconf 77' lang='lat'><strong>763,</strong></span> <span class='ocrx_word' id='word_1_374' title='bbox 1267 2507 1332 2558; x_wconf 86' lang='lat' dir='ltr'>qui</span> <span class='ocrx_word' id='word_1_375' title='bbox 1362 2505 1466 2543; x_wconf 87' lang='lat' dir='ltr'>idem</span> <span class='ocrx_word' id='word_1_376' title='bbox 1489 2507 1529 2552; x_wconf 75' lang='lat'>§-</span> 
     </span>
     <span class='ocr_line' id='line_1_79' title="bbox 867 2561 1530 2613; baseline -0.003 -11"><span class='ocrx_word' id='word_1_377' title='bbox 867 2561 961 2603; x_wconf 88' lang='grc'>444.</span> <span class='ocrx_word' id='word_1_378' title='bbox 993 2563 1019 2601; x_wconf 88' lang='grc'>4</span> <span class='ocrx_word' id='word_1_379' title='bbox 1040 2576 1077 2613; x_wconf 90' lang='lat' dir='ltr'>p.</span> <span class='ocrx_word' id='word_1_380' title='bbox 1106 2564 1187 2603; x_wconf 84' lang='lat'>830</span> <span class='ocrx_word' id='word_1_381' title='bbox 1217 2562 1266 2599; x_wconf 86' lang='lat' dir='ltr'>ad</span> <span class='ocrx_word' id='word_1_382' title='bbox 1294 2563 1530 2600; x_wconf 80' lang='lat' dir='ltr'>locutionem</span> 
     </span>
     <span class='ocr_line' id='line_1_80' title="bbox 869 2616 1530 2659; baseline 0 -1"><span class='ocrx_word' id='word_1_383' title='bbox 869 2617 995 2658; x_wconf 75' lang='grc' dir='ltr'><strong><em>πολλά</em></strong></span> <span class='ocrx_word' id='word_1_384' title='bbox 1022 2633 1062 2657; x_wconf 91' lang='grc' dir='ltr'>τε</span> <span class='ocrx_word' id='word_1_385' title='bbox 1092 2618 1159 2657; x_wconf 82' lang='grc' dir='ltr'>καὶ</span> <span class='ocrx_word' id='word_1_386' title='bbox 1186 2616 1289 2659; x_wconf 74' lang='grc' dir='ltr'><strong><em>κακοὶ</em></strong></span> <span class='ocrx_word' id='word_1_387' title='bbox 1306 2621 1408 2657; x_wconf 79' lang='lat' dir='ltr'>conf.</span> <span class='ocrx_word' id='word_1_388' title='bbox 1466 2619 1530 2658; x_wconf 86' lang='lat' dir='ltr'>Ad</span> 
     </span>
     <span class='ocr_line' id='line_1_81' title="bbox 868 2676 1530 2727; baseline 0 -14"><span class='ocrx_word' id='word_1_389' title='bbox 868 2677 992 2727; x_wconf 88' lang='lat' dir='ltr'>ipsam</span> <span class='ocrx_word' id='word_1_390' title='bbox 1013 2676 1268 2713; x_wconf 87' lang='lat' dir='ltr'>narrationem</span> <span class='ocrx_word' id='word_1_391' title='bbox 1298 2678 1397 2716; x_wconf 87' lang='lat' dir='ltr'>conf.</span> <span class='ocrx_word' id='word_1_392' title='bbox 1432 2678 1530 2714; x_wconf 85' lang='lat' dir='ltr'>Plu-</span> 
     </span>
     <span class='ocr_line' id='line_1_82' title="bbox 870 2730 1526 2784; baseline -0.002 -14"><span class='ocrx_word' id='word_1_393' title='bbox 870 2730 990 2771; x_wconf 86' lang='lat' dir='ltr'>tarch.</span> <span class='ocrx_word' id='word_1_394' title='bbox 1047 2731 1297 2775; x_wconf 82' lang='lat' dir='ltr'>Themistocl.</span> <span class='ocrx_word' id='word_1_395' title='bbox 1352 2737 1398 2774; x_wconf 88' lang='lat'>11</span> <span class='ocrx_word' id='word_1_396' title='bbox 1439 2747 1526 2784; x_wconf 82' lang='lat' dir='ltr'>pag,</span> 
     </span>
     <span class='ocr_line' id='line_1_83' title="bbox 875 2790 1527 2841; baseline -0.003 -12"><span class='ocrx_word' id='word_1_397' title='bbox 875 2792 954 2830; x_wconf 88' lang='lat'>117</span> <span class='ocrx_word' id='word_1_398' title='bbox 969 2790 1029 2838; x_wconf 89' lang='grc' dir='ltr'>Ε.,</span> <span class='ocrx_word' id='word_1_399' title='bbox 1054 2791 1120 2841; x_wconf 92' lang='lat' dir='ltr'>qui</span> <span class='ocrx_word' id='word_1_400' title='bbox 1138 2790 1333 2829; x_wconf 87' lang='lat' dir='ltr'>Adimanti</span> <span class='ocrx_word' id='word_1_401' title='bbox 1349 2791 1434 2828; x_wconf 85' lang='lat' dir='ltr'>loco</span> <span class='ocrx_word' id='word_1_402' title='bbox 1456 2792 1527 2828; x_wconf 86' lang='lat' dir='ltr'>ali-</span> 
     </span>
     <span class='ocr_line' id='line_1_84' title="bbox 871 2846 1528 2900; baseline 0.012 -17"><span class='ocrx_word' id='word_1_403' title='bbox 871 2859 941 2884; x_wconf 89' lang='lat' dir='ltr'>um</span> <span class='ocrx_word' id='word_1_404' title='bbox 962 2846 1157 2900; x_wconf 85' lang='lat' dir='ltr'>quendam</span> <span class='ocrx_word' id='word_1_405' title='bbox 1180 2846 1276 2887; x_wconf 84' lang='lat' dir='ltr'>haec</span> <span class='ocrx_word' id='word_1_406' title='bbox 1303 2850 1343 2887; x_wconf 89' lang='lat' dir='ltr'>in</span> <span class='ocrx_word' id='word_1_407' title='bbox 1363 2848 1528 2891; x_wconf 85' lang='lat' dir='ltr'>Themi-</span> 
     </span>
    </p>
   </div>
   <div class='ocr_carea' id='block_1_7' title="bbox 1230 2910 1257 2949">
    <p class='ocr_par' dir='ltr' id='par_1_7' title="bbox 1230 2910 1257 2949">
     <span class='ocr_line' id='line_1_85' title="bbox 1230 2910 1257 2949; baseline 0 0"><span class='ocrx_word' id='word_1_408' title='bbox 1230 2910 1257 2949; x_wconf 91' lang='lat'><strong>6</strong></span> 
     </span>
    </p>
   </div>
  </div>
 </body>
</html>
