1996 3238
81 403 146 449 39

552 225 895 262 URANIA.

955 226 1080 262 VIII.
1418 226 1472 267 51

211 353 308 382 πων
329 336 462 393 φύσιν
491 335 663 390 ἔχοντας
692 333 872 377 ἕπεσθαί
900 345 992 388 σφι,
1021 337 1267 387 κτείνοντας
1287 337 1359 380 καὶ
1375 336 1504 381 διώ-2

213 421 382 455 κοντας.

448 404 642 453 Τούτους
682 403 726 446 δὲ
756 402 860 452 τούς
893 402 973 445 δύο
1005 406 1172 457 Δελφοὶ
1211 407 1387 461 λέγουσι
1417 404 1469 450 εἶ-

213 492 286 521 ναι
318 473 574 527 ἐπιχωρίους
605 470 772 526 ἥρωας,
824 470 1031 514 Φύλακόν
1059 488 1103 515 τε
1135 474 1205 515 καὶ
1235 474 1475 528 Αὐτόνοον,

214 545 300 586 τῶν
340 539 394 582 τὰ
438 538 610 595 τεμέιέά
649 540 736 582 ἐστι
772 541 868 594 περὶ
900 539 947 583 τὸ
979 539 1099 592 ἱρόν·
1141 542 1350 586 Φυλάκου
1381 545 1474 598 μὲν,

213 606 309 663 παρ’
341 607 479 663 αὐτὴν
508 608 586 663 τὴν
608 605 712 650 ὁὸὸν
742 610 988 661 κατύπερθε
1010 613 1091 652 τοῦ
1120 611 1223 663 ἱροῦ
1253 613 1326 666 τῆς
1361 615 1509 666 Eoo—5

213 679 337 733 νηΐης
351 693 359 701 ·

159 849 382 903 ἄνθρωπον
426 852 491 903 (v.
523 866 557 890 c.
589 850 691 902 apud
719 853 819 890 Plat.

157 911 325 961 Apolog.
355 925 393 961 p.
426 913 479 950 20
501 911 547 946 E.
578 908 714 946 matth.
752 911 817 947 Gr.

158 968 226 1004 G1.
248 969 284 1012 ᾧ.
320 966 420 1015 449)
447 967 606 1003 Dorvill.
637 965 685 1003 ad
716 965 782 1003 Ch
777 980 819 1002 1-

158 1026 429 1074 rit.pag.182
452 1024 551 1071 [310
571 1025 670 1075 seq.]
702 1024 818 1059 refin-

159 1083 198 1131 gi
236 1081 318 1117 vult
370 1075 398 1129 ’ἡ
439 1096 539 1119 κατα
582 1078 817 1130 ἅνθρωποι.

158 1138 427 1187 Wesselingio,
448 1137 818 1188 conferentiIoseph.

159 1197 316 1247 Antiqq.
378 1197 472 1242 ‚19
508 1196 544 1241 ξ.
580 1198 599 1234 1
626 1196 819 1246 placuerat

159 1247 338 1322 μέζοιῃα
320 1268 344 1303 η
371 1267 469 1290 κατα
490 1248 720 1303 &veodam
743 1250 820 1302 φύ-

161 1322 224 1348 σιν
255 1309 428 1360 ἔχοντας.
489 1311 658 1346 Koenins
695 1323 820 1346 unum

161 1365 320 1418 ἔχοντας
331 1367 468 1402 mutari
480 1367 600 1403 voluit
621 1369 658 1402 in
670 1365 819 1415 ἐόντας,

159 1430 202 1460 ut
230 1424 530 1473 intelligerentur
561 1426 693 1460 armati
709 1424 822 1460 homi-

160 1493 244 1518 num
279 1480 421 1517 statura
453 1481 617 1525 altivres5
659 1494 821 1532 eamque

162 1537 472 1574 emendationem
545 1537 820 1574 Valckenaerio

161 1608 315 1647 quoque
354 1595 554 1644 probatam
598 1595 638 1630 in
672 1602 822 1631 textum

160 1658 387 1702 receperunt
414 1649 609 1688 Schaefer.
648 1659 685 1689 et
721 1653 825 1688 Mat-

160 1707 275 1755 thiae,
297 1709 422 1745 invitis
443 1722 533 1745 sane
546 1709 648 1745 libris
664 1710 821 1759 scriptis,

162 1779 185 1803 a
216 1766 352 1818 quibus
385 1765 566 1818 equidem
593 1780 683 1803 cum
718 1765 823 1803 Bek-

160 1822 256 1860 kero
278 1822 338 1859 hic
367 1830 465 1860 stare
485 1824 626 1868 malui,
662 1823 823 1875 ἔχοντας

164 1882 351 1931 accipiens
389 1893 424 1917 se
458 1880 631 1921 habentes,
688 1883 822 1933 Neque

163 1939 268 1973 enim
289 1950 377 1974 cum
399 1936 632 1988 Schweigll.‚
662 1939 728 1989 qui
747 1939 824 1974 mi-

163 2007 236 2031 nus
257 2001 357 2030 recte
377 1992 453 2030 huc
474 1995 604 2031 referri
620 2008 728 2045 posse
748 2009 823 2045 pu-

163 2057 220 2088 tat
261 2051 494 2087 locutionem
541 2054 674 2101 ληρεῖς
712 2051 822 2101 ἔχων,

164 2108 407 2159 participium
446 2105 520 2143 hoc
550 2108 673 2144 verbis
711 2108 824 2143 finitis

165 2164 279 2201 adiici
308 2165 463 2200 solitum
492 2165 543 2200 ita
565 2165 825 2214 explicuerim,

165 2228 209 2258 ut
240 2223 504 2258 continuitatem
535 2220 730 2272 quandam
765 2222 827 2257 in-

168 2278 288 2326 dicet3
318 2279 384 2314 ubi
410 2276 537 2314 medio
558 2278 674 2314 verbo
696 2276 827 2327 ἔχομέ-

167 2351 288 2383 νους,
319 2334 423 2387 quod
453 2336 626 2385 proxime
654 2335 828 2387 sequenti

170 2392 338 2432 ἕπεσθαι
368 2394 558 2442 iungatur,
592 2405 685 2442 opus
714 2392 827 2428 fuisse

171 2448 417 2497 crediderim3
462 2448 565 2500 quod
594 2448 696 2484 idem
728 2449 827 2485 bene

170 2509 285 2544 sensit
306 2508 468 2556 Hoeger.
486 2504 588 2542 hunc
605 2506 731 2542 locum
747 2513 826 2542 tra-

173 2571 278 2601 ctans
305 2565 342 2600 in
365 2565 465 2600 Acti.
487 2562 632 2614 philoll.
653 2564 827 2601 Monacc.

169 2621 277 2669 111‚4
298 2633 384 2671 pag.
408 2620 500 2667 520,
522 2621 586 2656 ubi
608 2619 772 2671 μέζονας
790 2622 830 2656 in

175 2673 346 2729 μεζόνως
367 2679 506 2713 mutari
534 2678 627 2715 vult.
685 2679 830 2728 Negris‚

175 2738 241 2786 qui
266 2736 388 2784 iungit
419 2748 507 2771 cum
538 2735 652 2772 verbo
675 2733 831 2785 ἔχοντας

175 2793 369 2843 sequeutia
398 2792 513 2831 verba
553 2791 719 2831 ἕπεσθαί
747 2804 832 2840 σφι,

176 2849 464 2900 interpretatur:
535 2846 603 2889 ὁὲν
654 2847 832 2889 ἔπαυσαν

407 675 638 720 Αὐτονόου
669 678 726 726 δὲ,
757 678 886 728 πέλας
914 681 989 733 τῆς
1021 681 1280 736 Κασταλίης,
1310 677 1398 723 ’ὑπὸ
1426 685 1478 738 τῇ

876 853 952 891 τοῦ
969 848 1020 890 νεὶ
1044 847 1140 898 τούς
1168 845 1438 901 οἶκολουθαῖσι,
1466 866 1534 893 non

877 909 1087 946 destiterunt
1111 910 1154 946 ab
1185 911 1414 960 insequendo,
1445 925 1535 948 cum

874 967 1037 1004 verbum
1063 966 1220 1016 ἔχοντας
1240 965 1302 1003 hic
1335 969 1536 1005 continua-

874 1025 1020 1060 tionem
1076 1025 1317 1060 insecutionis
1366 1024 1536 1063 denotet.

873 1080 935 1117 Ad
984 1082 1108 1131 ipsum
1152 1088 1423 1131 argumentum
1469 1082 1535 1120 Cr.

874 1138 1037 1174 conferri
1056 1140 1211 1174 iusserat
1229 1140 1536 1190 HeyneExcurs.

873 1196 967 1231 XIII
988 1194 1035 1231 ad
1054 1196 1184 1245 virgil.
1206 1196 1304 1234 Aen.
1328 1197 1411 1233 Lib.
1429 1198 1458 1234 I.
1478 1198 1537 1233 De

875 1251 1137 1303 ἐπιφανείαις,

1056 1343 1148 1394 Cap.
1170 1344 1357 1382 XXXIX.

933 1417 1038 1461 εἶναι
1084 1421 1319 1475 ἐπιχωρίους
1369 1419 1534 1475 ἥρωας]

877 1479 935 1514 Ita
963 1493 983 1515 e
1011 1480 1231 1516 Florentino
1266 1481 1422 1532 aliisque
1450 1479 1539 1517 dedi

879 1549 968 1572 cum
998 1544 1156 1574 recentt.
1215 1536 1341 1587 Vulgo
1376 1537 1539 1574 verbum

881 1589 984 1632 εἶναι
1003 1595 1156 1645 reliquis
1181 1594 1432 1645 postponitur.
1473 1595 1539 1631 Si-

877 1652 959 1686 mili
1009 1658 1137 1687 autem
1175 1650 1292 1688 modo
1331 1652 1537 1688 Pausanias

876 1708 1003 1744 scribit
1023 1709 1074 1755 X,
1098 1710 1149 1748 23
1173 1709 1208 1754 ξ.
1233 1711 1270 1755 3,
1302 1709 1417 1744 Gallis
1439 1721 1539 1760 quo·

878 1777 953 1816 que
991 1765 1174 1801 terribiles
1210 1764 1425 1816 adparuisse
1464 1772 1539 1802 tres

876 1820 1011 1858 heroes
1031 1823 1175 1873 templo
1203 1824 1389 1858 auxilium
1409 1823 1539 1858 fereu-

875 1885 944 1926 tes,
975 1879 1216 1926 Laodocum,
1248 1877 1540 1931 Hyperochum,

876 1935 1094 1987 Pyrrhum3
1127 1937 1262 1988 quibus
1292 1943 1445 1988 quartus
1482 1943 1542 1973 et-

877 1995 955 2029 iam
977 2007 997 2030 a
1017 1992 1175 2044 Delphis
1193 2001 1411 2030 accensetur
1430 1991 1540 2044 Phy-

879 2051 1004 2097 lacus,
1038 2051 1220 2100 indigena
1259 2049 1392 2098 heros,
1433 2052 1539 2087 cuius

879 2108 1060 2143 sacellum
1080 2120 1198 2156 prope
1217 2108 1412 2143 Minervae
1441 2108 1541 2142 Pro-

880 2176 999 2199 naeae
1037 2164 1227 2213 templum
1265 2168 1542 2199 commemorat

882 2219 986 2256 idem
1007 2221 1210 2256 Pausanias
1229 2220 1278 2267 X,
1302 2221 1326 2260 8
1349 2220 1385 2264 ξ.
1407 2218 1445 2259 4.

940 2276 1060 2323 πέλας
1088 2278 1159 2325 τῆς
1193 2275 1449 2326 Κασταλίης]
1480 2276 1540 2312 De

886 2333 1058 2381 Castalia,
1114 2334 1219 2369 fonte
1278 2333 1537 2380 celeberrimo,

884 2404 998 2442 quem
1038 2392 1090 2426 ibi
1128 2391 1240 2427 fuisse
1278 2390 1432 2437 volunt,
1471 2390 1538 2425 ubi

882 2461 984 2484 nunc
996 2448 1125 2484 Sancti
1140 2448 1291 2484 Ioannis
1307 2453 1539 2483 monstratur

882 2506 1075 2552 sacellum,
1097 2518 1213 2555 prope
1235 2511 1341 2540 vetus
1353 2503 1541 2554 templum

884 2575 988 2598 nunc
1009 2561 1188 2608 dirutum,
1210 2560 1287 2601 vid.
1308 2562 1470 2598 Pausan.
1489 2561 1539 2608 X,

886 2621 911 2660 8
935 2620 970 2664 ξ.
995 2618 1018 2658 5
1049 2620 1137 2670 ibiq.
1163 2618 1302 2655 Siebel.
1333 2632 1421 2669 pag.
1448 2619 1540 2657 182.

885 2677 1006 2712 Krnse
1026 2677 1072 2723 ΙΙ,
1096 2679 1121 2716 2
1141 2689 1178 2725 p.
1204 2678 1253 2716 16
1274 2688 1350 2726 seq.
1379 2674 1431 2714 44
1461 2687 1542 2725 seq.

887 2734 1090 2783 Descripsit
1111 2739 1147 2768 et
1168 2733 1206 2768 in
1235 2733 1362 2768 tabula
1385 2733 1458 2768 aeri
1484 2733 1541 2766 in-

888 2790 963 2827 cisa
984 2791 1277 2840 repraesentavit
1298 2788 1543 2825 ClarkeTra-

887 2848 966 2886 vels
985 2848 1034 2896 ΙΙ,
1054 2850 1078 2888 3
1101 2845 1210 2898 chap.
1231 2847 1282 2883 VI
1301 2860 1340 2898 p.
1364 2848 1442 2888 184
1463 2859 1543 2898 seq.

1205 2912 1230 2955 4
1246 2911 1271 2940 *

1527 403 1646 433 Heroes
1657 406 1805 441 Phylacus

1527 445 1558 468 et
1577 441 1737 469 Autonous.
