1879 3222
537 189 1002 228 CALLIOPE.
1057 190 1136 229 IX.
1381 188 1467 229 239

194 229 197 246 l

212 300 337 352 ὅπλα,
365 300 494 357 ἤϊσαν
525 295 598 342 διοὲ
627 299 702 354 τῆς
714 295 933 354 ὖπωρείης
949 302 1031 342 τοῦ
1050 299 1331 353 Κιθαιρῶνος
1348 297 1466 353 πικροὶ

205 368 348 420 Ὑσιάς
378 368 419 418 ἐς
446 365 524 422 τήν
555 367 795 408 Πλαταιΐδα
824 369 928 421 γῆν·
964 365 1220 422 ἀπικόμενοι
1251 365 1316 419 δὲ,
1348 365 1467 410 ἐτάσ-

208 449 337 481 σοντο
367 433 477 478 κατά
506 434 636 477 ἔθνεα
664 434 848 490 πλησίον
876 437 951 489 τῆς
980 450 1023 476 τε
1053 435 1213 491 κρήνης
1253 436 1328 487 τῆς
1357 436 1468 488 Γαρ-

206 505 365 561 γαφίης
393 504 466 546 καὶ
499 506 579 545 τοῦ
608 503 806 558 τεμένεος
835 505 913 544 τοῦ
943 503 1273 558 Ἀνδροκράτεος
1306 506 1386 545 τοῦ
1415 502 1467 559 ἥ-

206 589 337 628 ρωος,
383 570 455 614 διὰ
495 569 642 626 ὄχθων
679 587 722 614 τε
752 569 836 613 οὐκ
864 567 1045 625 ὑψηλῶν
1071 570 1143 612 καὶ
1184 569 1349 613 ἀπέδου
1378 575 1494 626 χω-5
1652 621 1660 628 ·
1704 621 1712 628 ·

74 643 139 689 26
206 645 316 694 ρίου.
372 636 589 682 Ἐνθαῦτοε
625 639 673 683 ἐν
709 642 761 696 τῇ
792 638 959 689 διατάξι
988 636 1153 693 ἐγένετο
1190 637 1332 693 λόγων
1359 644 1463 682 πολ,-
1519 621 1679 690 (132ἓέἶῖἓὲ
1702 625 1796 683 giwii-

165 709 273 760 2269
304 705 498 763 ὠθισμὸς
540 707 783 764 Τεγεητέων
811 722 855 749 τε
884 706 958 749 καὶ
983 703 1239 763 Ἀθηναίων.
1301 707 1461 750 ἐδικαί-
1518 696 1598 734 703

1521 744 1693 774 thenieuses
1710 745 1783 774 delo

144 913 293 950 fontem
330 912 588 966 'Gargaphiae
636 920 806 965 spectare

145 970 279 1008 videri.

202 1023 309 1078 παροῖ
328 1024 479 1075 “’Τσιοῖς]
493 1027 515 1066 i.
527 1040 556 1064 e.
567 1031 708 1077 praeter
721 1027 805 1077 Hy-

145 1086 230 1130 sias,
263 1090 305 1120 ut
333 1084 377 1131 V,
408 1084 475 1124 74.
507 1085 568 1131 VI,
595 1087 686 1125 108.
745 1086 803 1120 De

144 1141 225 1191 ipsa
240 1140 333 1176 urbe
351 1139 431 1177 dixi
451 1139 498 1177 ad
517 1142 586 1189 IX,
612 1142 676 1185 15.
698 1141 804 1186 Quae

145 1198 327 1234 continuo
374 1204 585 1249 sequuntur
632 1197 671 1244 ἐς
726 1193 803 1248 τήν

146 1253 371 1292 Πλαταιΐδα
397 1257 472 1305 γῆν
500 1255 542 1303 (i.
565 1268 595 1292 e.
615 1255 652 1291 in
674 1266 802 1302 agrum

143 1309 411 1360 Plataeensem)
457 1311 542 1347 Gail
580 1312 648 1363 Le,
668 1309 801 1360 philol.

141 1367 194 1404 IV
216 1381 253 1418 p.
274 1365 356 1408 284
384 1368 432 1404 ob
463 1381 624 1419 sequens
656 1364 802 1406 οἷπικό-

143 1437 258 1474 μενοι
276 1424 436 1473 intelligi
456 1425 564 1462 vult:
618 1424 802 1462 marchant

141 1492 217 1517 vers
231 1480 261 1517 le
279 1482 450 1517 terrz'toz're
461 1481 502 1518 de
513 1481 650 1529 Plate'e,
663 1494 801 1532 quem-

141 1536 353 1574 admodum
373 1539 487 1588 paulo
509 1545 597 1576 aute
619 1537 803 1576 ἐπικατα-

140 1594 262 1644 βῆναι
303 1593 342 1640 ἐς
377 1591 581 1641 Πλαταιάς
615 1595 800 1632 descendre

137 1662 217 1687 vers
262 1650 401 1688 Plate‘e.
456 1651 648 1703 Equidem
690 1664 757 1688 cur
778 1663 800 1687 a

138 1708 294 1757 vulgata
331 1708 641 1758 interpretatione
691 1721 799 1745 rece-

140 1762 242 1811 dam,
264 1762 367 1801 haud
388 1766 572 1815 intelligo,

195 1823 269 1860 τοῦ
305 1820 484 1872 τεμένεος
517 1824 591 1861 τοῦ
628 1817 799 1873 Ἀνδρο-

139 1872 304 1928 κράτέος
336 1880 409 1916 τοῦ
449 1875 600 1929 ἥρωος]
641 1877 798 1915 Andro-

140 1934 250 1969 cratis
281 1934 415 1970 fanum
434 1937 589 1986 propius
618 1936 722 1972 abest
750 1935 796 1971 ab

138 1989 218 2040 ipsa
238 1990 517 2027 Plataeensium
538 1993 654 2039 urbe,
693 1990 798 2028 haud

139 2046 306 2082 multum
326 2060 347 2083 a
360 2048 502 2085 Cereris
522 2049 663 2098 templo
683 2049 797 2084 situm

138 2103 223 2140 loco
245 2104 370 2141 minus
392 2111 479 2154 apto
499 2111 579 2141 tam
608 2103 796 2154 peditibus

139 2172 257 2211 quam
279 2162 479 2212 equitibus.
542 2160 627 2198 Vid.
650 2161 735 2197 Gail
770 2161 797 2201 1,

136 2216 165 2253 l.
185 2217 218 2254 V
248 2230 285 2267 p.
308 2219 527 2257 300-—306
554 2219 674 2254 Kruse
697 2218 795 2257 Heli,

137 2274 185 2320 11,
211 2275 229 2312 1
252 2287 290 2324 p.
320 2274 400 2314 596
430 2281 467 2311 et
492 2275 662 2311 tabulam
693 2273 796 2310 adie-

140 2337 253 2377 ctam,
266 2343 363 2382 quae
376 2332 489 2368 totius
501 2333 665 2382 regionis
682 2344 794 2368 accu-

136 2393 259 2423 ratam
288 2389 457 2424 continet
484 2387 794 2427 delineationem.

136 2445 195 2480 De
225 2445 305 2494 ipso
336 2443 452 2481 heroe
494 2448 650 2498 antiquo
692 2446 792 2485 conf.

136 2501 276 2538 Wasse
307 2500 356 2538 ad
389 2500 611 2552 Thucydid.
640 2504 705 2551 III,
739 2501 794 2543 24

138 2564 174 2594 et
202 2560 441 2608 potissimum
479 2558 672 2596 Plutarch.
709 2560 795 2595 Ari-

137 2614 220 2652 stid.
244 2618 291 2655 11
316 2629 402 2666 pag.
424 2615 520 2656 325.
546 2640 597 2646 -
642 2615 704 2652 Ad
723 2629 795 2653 vo-

143 2675 203 2708 ces
223 2668 289 2710 6102
308 2670 444 2723 ὄχθων
465 2672 539 2723 (per
555 2673 669 2721 colles)
692 2674 792 2710 conf.

141 2727 209 2776 ῙΧ,
246 2728 312 2769 56.
347 2729 399 2770 59
437 2736 474 2766 et
503 2731 614 2767 allata
648 2729 695 2766 ad
729 2731 792 2778 IV,

142 2785 234 2824 201.
290 2787 368 2824 Pro
403 2784 550 2839 χωρίου
579 2794 654 2825 tres
682 2785 792 2826 codd.

861 909 1004 965 χώρου.
1024 914 1150 965 Atque
1172 913 1260 950 alibi
1270 925 1423 966 quoque
1443 928 1521 964 χω-

862 971 952 1021 ρίον
974 970 1020 1007 de
1040 972 1124 1007 loco
1147 973 1308 1022 spatioso
1337 969 1520 1019 adhiberi,

861 1034 903 1063 ut
942 1029 989 1075 II,
1021 1030 1072 1068 29
1104 1029 1277 1067 observat
1317 1025 1521 1079 Schweig-

860 1082 1081 1122 haeuserus.

1055 1175 1147 1225 Cap.
1176 1175 1319 1212 xxvi.

914 1248 1043 1305 λόγων
1061 1250 1206 1300 πολλὸς
1220 1250 1420 1305 ω’θισμός]
1431 1253 1518 1293 Vid-

857 1317 950 1346 nott.
982 1310 1030 1347 ad
1052 1312 1130 1358 VII,
1153 1311 1248 1352 225.
1292 1311 1402 1356 Quod
1424 1313 1519 1349 olim

857 1367 1056 1416 legebatur
1088 1369 1246 1406 πολλῶν
1276 1368 1316 1404 in
1350 1369 1516 1406 Florent.

858 1436 1012 1475 quoque
1042 1425 1136 1461 libro
1158 1425 1418 1474 conspicuum,
1443 1424 1518 1462 du-

858 1480 951 1516 dum
975 1482 1138 1517 correxit
1172 1482 1402 1532 Wesseliug.
1420 1483 1518 1520 Diss.

858 1537 1001 1575 Herod.
1029 1539 1083 1573 XI
1107 1551 1193 1588 pag.
1214 1539 1295 1579 205
1328 1552 1517 1589 reponens

859 1591 1011 1641 πολλὸς,
1033 1601 1075 1631 ut
1094 1596 1193 1642 VIII,
1210 1596 1262 1634 78
1279 1602 1315 1631 et
1334 1603 1436 1632 recte
1454 1597 1517 1631 in-

860 1657 1088 1701 terpretans:
1136 1652 1312 1688 vehemens
1336 1653 1516 1690 verborum

856 1707 1049 1747 altercatio,
1088 1706 1149 1744 Ad
1180 1709 1341 1745 verbum
1367 1707 1517 1748 ἐδικαί-

857 1777 926 1803 ευν
946 1765 1046 1806 conf,
1063 1772 1159 1802 nott.
1181 1764 1228 1801 ad
1250 1766 1346 1813 VIII,
1372 1768 1450 1806 126
1478 1772 1516 1802 et

856 1820 904 1857 ad
928 1823 1158 1871 pronomina
1181 1818 1293 1861 αὐτοὶ
1315 1822 1400 1871 (ubi
1420 1823 1514 1859 olim

853 1879 954 1914 male
977 1874 1146 1927 αὐτέων)
1179 1875 1355 1930 ἑκάτεροι
1376 1878 1513 1918 Matth.

855 1935 919 1971 Gr.
934 1936 998 1973 Gr.
1022 1935 1149 1980 §.468
1166 1935 1228 1971 fin.
1246 1949 1280 1986 p.
1294 1938 1388 1976 869.
1411 1936 1513 1972 Con-

852 1992 979 2028 ferunt
998 1994 1063 2039 III,
1086 1994 1150 2039 82,
1173 1993 1238 2028 ubi
1266 1988 1388 2038 αὐτός
1421 1992 1514 2032 ἕκα-

854 2058 943 2093 στος
977 2055 1014 2085 et
1052 2050 1097 2095 V,
1137 2051 1185 2088 13
1226 2045 1325 2087 αὐτοὶ
1358 2048 1515 2088 ἕκαστα.

854 2103 965 2148 Quod
984 2117 1074 2141 vero
1095 2103 1277 2144 Valcken.
1306 2103 1350 2143 τὸ
1381 2104 1514 2156 ἕτερον

851 2158 967 2210 κέρας
998 2174 1066 2211 per
1088 2160 1409 2211 ,euphemismum
1439 2161 1514 2198 dici

852 2224 959 2267 putat
979 2220 1158 2255 sinistrum
1185 2231 1303 2265 cornu,
1337 2219 1384 2254 ob
1416 2219 1512 2255 Plu-

851 2272 972 2310 tarch.
992 2274 1145 2313 Aristid.
1172 2277 1242 2322 12,
1282 2275 1348 2311 ubi
1370 2274 1417 2311 de
1445 2288 1513 2312 ea-

851 2329 941 2367 dem
972 2330 1242 2383 disceptatione
1270 2333 1369 2368 inter
1387 2330 1512 2369 Athe-

849 2389 997 2425 nienses
1037 2396 1073 2425 et
1116 2390 1304 2439 Tegeatas
1336 2388 1508 2439 refertur,

850 2447 985 2482 merito
1036 2447 1254 2498 obloquitur
1307 2445 1508 2497 Schweig-

850 2500 1029 2549 haeuser,
1072 2516 1191 2555 quum
1230 2502 1363 2554 ἕτερον
1391 2502 1508 2555 κέρας

849 2561 1071 2596 utrumlibet
1119 2560 1350 2610 intelligatur
1389 2573 1509 2598 cornu

849 2617 928 2652 sive
965 2617 1157 2653 sinistrum
1202 2618 1280 2654 sive
1315 2616 1508 2658 dextrum.

850 2671 912 2709 Ad
940 2674 1162 2722 proximum
1182 2676 1297 2713 τοῦτο
1326 2672 1399 2726 μὲν
1425 2688 1506 2712 nou

847 2731 1018 2781 sequitur
1037 2733 1152 2771 τοῦτο
1166 2728 1220 2778 δὲ,
1240 2730 1305 2768 sed
1322 2734 1400 2770 eius
1421 2734 1507 2770 loco

850 2799 931 2837 cap.
959 2789 1014 2829 27
1038 2788 1145 2826 initio
1179 2789 1338 2840 legitur:
1375 2785 1508 2841 Ἀθη-
