1996 3238
499 245 583 286 190
894 245 1349 285 HERODOTI

473 356 741 410 Ξτυραννίδα
760 353 906 411 τρόπῳ
927 355 1091 411 τοιῷδε.
1144 352 1211 407 Ἐξ
1229 353 1409 411 ’Ἄργεος
1429 355 1595 412 ἔφυγον
1613 355 1658 408 ἐς
1674 355 1754 401 ’Ῑλ-
1808 366 1889 407 685

501 422 682 478 λυριούς
692 425 779 466 τῶν
794 425 993 478 Τημενοῦ
1008 421 1238 478 ἀπογόνων
1251 429 1364 478 τρεῖς
1377 423 1593 478 ἀδελφεοὶ,
1612 423 1753 468 Γαυά-

498 505 578 545 νης
605 506 649 534 τε
666 491 739 534 καὶ
763 488 967 545 Ἀέροπος
996 490 1068 533 καὶ
1091 491 1351 546 Περδίκκης·
1383 491 1431 534 ἐκ
1461 491 1507 535 δὲ
1533 490 1757 546 Ἰλλυριῶν

497 557 816 615 ὑπερβαλόντες
845 558 887 610 ἐς
915 558 996 614 τήν
1027 556 1117 600 ἄνω
1148 560 1440 614 Μακεδονίην,
1472 558 1681 603 ἀπίκοντο
1712 559 1756 611 ἐς

470 628 697 682 3Λεβαίην
725 626 866 670 πόλιν.
930 628 1120 670 ἐνθαῦτα
1169 625 1215 668 δὲ
1253 625 1464 682 ἐθήτευον
1499 628 1568 670 ἐπὶ
1609 630 1756 683 μισθῷ

498 693 618 748 παρὰ
639 698 698 752 τῷ
721 693 913 750 βασιλέϊ·
944 693 967 737 ὁ
989 694 1086 749 μὲν,
1116 694 1276 744 ἵππους
1295 693 1455 750 νέμων·
1488 693 1511 738 ὁ
1536 695 1594 747 δὲ,
1626 698 1808 751 βοῦς·95

496 758 522 804 ὁ
565 762 611 804 δὲ
650 761 867 813 νεώτατος
907 761 1052 804 αὐτῶν
1097 762 1363 816 Περδίκκης,
1414 760 1465 803 τοὶ
1503 763 1634 806 λεπτοὶ
1664 766 1754 806 τῶν

496 828 744 884 προβάτων.
801 824 916 885 ἦσαν
960 828 1006 872 δὲ
1043 827 1092 871 τό
1130 827 1262 871 πάλαι
1303 828 1377 871 καὶ
1415 829 1461 870 αἱ
1498 832 1754 884 τυραννίδες

493 899 583 939 τῶν
618 895 869 951 ἀνθρώπων
899 895 1102 947 ἀσθενέες
1120 895 1329 952 χρήμασι,
1361 892 1415 938 οὐ
1443 899 1614 950 μοῦνον
1633 895 1656 939 ὁ
1679 897 1753 952 δῆ-

436 1040 612 1070 censetur
636 1034 822 1085 secandas,
855 1047 946 1073 avus
966 1036 1092 1072 tertius

435 1096 520 1136 etc„
542 1089 645 1141 quod
664 1090 762 1128 bene
790 1092 962 1129 observat
995 1093 1093 1128 Lar-

436 1144 538 1184 cher.
564 1145 613 1182 ad
638 1147 780 1185 Herod.
800 1150 828 1196 Ι,
846 1151 911 1196 91,
932 1148 998 1184 ubi
1014 1146 1090 1185 vid.

433 1208 515 1238 not.
572 1201 668 1239 Inde
697 1203 791 1240 haec
812 1205 937 1242 existit
955 1217 1092 1255 regum

432 1257 682 1296 Macedoniae
702 1262 910 1298 successio:
944 1260 1094 1298 Perdic-

435 1327 496 1351 cas
512 1344 522 1362 ,
543 1316 725 1366 Argaeus,
759 1317 962 1367 PhilszuQ
988 1318 1094 1355 Aero-

428 1383 511 1421 pm,
532 1372 685 1421 Alcetas,
716 1373 901 1424 Amyntas,
933 1374 1094 1412 Alexan-

433 1427 574 1466 der.—-
602 1430 660 1465 De
683 1428 850 1479 Temeno,
880 1431 1093 1468 Aristoma-

432 1481 495 1520 chi
517 1484 596 1522 filio
609 1515 619 1533 ,
650 1487 718 1537 qui
738 1500 828 1523 cum
848 1485 995 1524 duobus
1015 1488 1091 1524 fra-

431 1541 549 1578 tribus
580 1541 814 1593 Cresphonte
838 1550 874 1580 et
894 1543 1093 1581 Aristode-

431 1609 498 1634 mo
530 1599 841 1650 Peloponnesum
870 1601 1012 1637 victam
1056 1607 1092 1638 et

431 1662 657 1704 occupatam
687 1655 812 1693 divisit
839 1657 995 1708 ipseque
1016 1657 1092 1694 Ar-

430 1709 601 1758 golidem
631 1713 776 1762 accepit
796 1719 964 1759 sorte1n3
1012 1712 1091 1750 vid.

430 1766 596 1804 Pausan.
625 1768 679 1811 ΙΙ,
703 1769 753 1807 18
793 1769 830 1813 §.
863 1771 902 1809 6.
929 1769 1091 1819 Apollo-

432 1820 513 1859 dor.
534 1824 582 1870 ΙΙ,
603 1825 627 1862 8
648 1825 683 1869 ξ.
705 1821 743 1862 4.

484 1876 790 1930 ὖπερβαλόντες]
802 1880 825 1919 i.
836 1893 869 1916 e.
879 1882 1094 1928 transgressi

429 1946 474 1971 ex
504 1934 645 1986 Illyriis
668 1938 706 1973 in
730 1938 937 1986 superiorem
966 1935 1092 1974 Mace-

432 1991 593 2040 doniam,
624 1993 808 2043 superatis
839 1994 918 2030 scil.
947 1995 1091 2030 monti-

428 2047 521 2096 bus,
554 2049 620 2100 qui
655 2056 859 2100 utramque
897 2048 1089 2086 distermi—

426 2111 522 2140 nant
559 2112 713 2143 terram.
772 2106 832 2147 Cf.
868 2106 950 2154 Vll,
993 2109 1087 2148 168.

427 2160 531 2197 Plut.
565 2161 703 2214 Pyrrh.
740 2161 804 2202 15.
835 2163 931 2200 Mar.
952 2165 1001 2203 18
1031 2163 1086 2201 in.

426 2217 577 2258 Lucull.
616 2221 670 2258 27
698 2219 780 2255 init.
820 2219 955 2270 Comp.
987 2219 1086 2258 Cim.

428 2279 465 2310 et
480 2275 629 2311 Lucull.
651 2275 674 2313 3
696 2276 779 2311 init.
801 2275 920 2313 Crass.
942 2278 980 2316 9.
1001 2277 1087 2312 An·-

425 2336 506 2367 tou.
532 2332 582 2370 18
614 2330 679 2370 fin.
738 2331 882 2368 Urbem
909 2331 1086 2371 Lebaeam

424 2398 553 2434 nemo,
576 2394 763 2438 quantum
782 2389 872 2432 scio,
891 2402 1086 2425 memora-

429 2444 495 2481 vit.
553 2444 659 2481 Unus
678 2443 902 2494 Hesychius,
924 2458 946 2481 a
965 2447 1084 2482 Wes-

427 2501 584 2551 selingio
597 2501 729 2538 allatus
739 2502 774 2536 11
790 2515 825 2552 p.
841 2502 934 2541 437.
956 2501 1081 2552 Λέβα,

426 2553 627 2602 πόλιςῦπό
645 2559 824 2609 Θρακῶν.
843 2578 892 2584 -
915 2559 957 2593 In
974 2571 1080 2610 seqq.

425 2607 473 2649 τοέ
505 2611 623 2652 λεπτὰ
647 2617 727 2653 τῶν
749 2610 962 2665 προβάτων
992 2621 1080 2652 sunt

426 2680 503 2704 oves
525 2676 559 2705 et
581 2683 722 2719 caprae,
741 2678 783 2708 ut
804 2684 916 2721 supra
936 2673 965 2719 I,
989 2675 1082 2720 133,

426 2724 494 2760 ubi
514 2724 588 2762 vid.
610 2734 705 2764 nott.
727 2734 763 2764 et
785 2727 886 2778 apud
917 2729 1081 2766 Pausan.

425 2781 495 2828 lx,
525 2783 549 2821 3
572 2782 609 2826 ς.
639 2782 677 2828 4,
707 2784 772 2820 ubi
793 2781 842 2824 τοῖ
871 2781 1082 2839 λεπτότερα

424 2838 504 2877 τῶν
526 2834 750 2891 προβάτων.

1202 1026 1308 1084 ἦσαν
1327 1030 1370 1072 δὲ
1386 1029 1431 1072 τό
1449 1028 1571 1072 πάλαι
1593 1030 1661 1071 καὶ
1683 1030 1728 1070 αἴ
1743 1047 1808 1071 τυ-

1148 1089 1331 1141 ραννίδες
1354 1104 1388 1128 κ.
1412 1104 1444 1128 τ.
1466 1088 1529 1139 λ.]
1569 1088 1808 1140 τυραννίδας

1145 1144 1186 1183 h.
1198 1146 1224 1183 l.
1246 1146 1403 1183 omnino
1418 1145 1585 1182 indicare
1599 1158 1721 1194 regna,
1733 1146 1809 1197 δῆ-

1148 1217 1224 1253 μον
1258 1203 1421 1239 liberum
1458 1202 1591 1252 populi
1618 1208 1757 1238 statum
1776 1214 1807 1239 s.

1148 1259 1308 1295 liberam
1328 1260 1617 1309 rempublicam,
1657 1259 1808 1294 monitu

1147 1316 1213 1352 vix
1242 1328 1348 1366 opus,
1406 1314 1468 1351 Ad
1506 1316 1628 1365 ipsam
1651 1321 1807 1352 senten-

1148 1372 1241 1409 tiam
1254 1372 1415 1408 benesic
1430 1371 1551 1408 Wess
1567 1371 1805 1419 elingius:

1148 1429 1359 1476 „Connexa
1379 1426 1426 1465 de
1455 1428 1803 1479 antiquissimorum

1147 1498 1284 1536 regum
1328 1498 1371 1522 ac
1410 1491 1660 1536 tyrannorum
1697 1484 1804 1520 tenui

1148 1540 1366 1578 conditione
1407 1541 1615 1578 observatio
1649 1541 1806 1578 veritate

1147 1599 1292 1637 nititur.
1349 1596 1456 1635 Intra
1473 1610 1572 1635 suam
1595 1598 1718 1647 cuique
1732 1610 1807 1647 pa-

1147 1657 1252 1692 triam
1276 1667 1386 1703 regna
1420 1655 1640 1704 finiebantur
1677 1654 1805 1690 scribit

1146 1712 1323 1749 Iustinus.
1381 1712 1504 1760 Reges
1523 1722 1737 1760 regumque
1756 1708 1805 1745 fi-

1146 1767 1186 1803 lii
1207 1773 1377 1803 armenta
1396 1779 1548 1817 pascere
1567 1764 1672 1802 haud
1699 1764 1806 1802 dedi-

1146 1823 1374 1873 gnabantur.
1440 1824 1612 1859 Hectoris
1649 1820 1806 1859 Andro-

1146 1878 1300 1916 maches
1321 1880 1475 1931 querela
1495 1892 1608 1929 super
1618 1879 1805 1928 fratribus,

1148 1935 1242 1972 dum
1287 1936 1465 1972 armentis
1500 1936 1710 1986 ovibusque
1734 1947 1806 1985 pa-

1146 1993 1334 2029 scentibus
1356 1990 1606 2039 attenderent,
1636 1990 1805 2028 trucida-

1145 2049 1206 2096 tis,
1241 2062 1290 2085 ex
1324 2048 1430 2085 Iliad.
1452 2049 1514 2095 Vl,
1535 2048 1617 2088 422
1648 2049 1689 2084 in
1719 2048 1804 2085 luce

1143 2112 1332 2153 versaturg
1358 2105 1553 2142 notissima
1569 2117 1722 2156 quoque
1737 2117 1802 2141 re-

1142 2175 1236 2213 gum
1264 2162 1499 2198 Palaestinae
1527 2162 1801 2198 vetustissimo—

1142 2232 1229 2255 rum
1251 2219 1290 2255 in
1305 2219 1416 2255 sacris
1444 2215 1647 2253 Pandectis
1668 2218 1798 2254 tenui-

1141 2276 1237 2312 tas.“
1293 2276 1369 2311 Nos
1389 2272 1462 2310 hoc
1479 2286 1632 2325 quoque
1654 2273 1798 2311 attendi

1140 2333 1329 2377 volumus,
1349 2329 1451 2382 quod
1470 2342 1539 2380 pro
1567 2330 1706 2380 insigni
1733 2331 1799 2367 illa

1140 2389 1251 2438 prisci
1272 2388 1354 2424 aevi
1373 2388 1611 2437 simplicitate
1630 2388 1710 2437 ipsa
1737 2400 1799 2423 re-

1139 2446 1195 2494 gis
1216 2457 1439 2494 nxorpanes
1456 2456 1620 2495 coquere
1636 2442 1796 2491 dicitur3

1138 2500 1177 2538 id
1208 2502 1310 2537 enim
1331 2501 1535 2536 mulierum
1564 2501 1655 2536 olim
1683 2500 1797 2536 fuisse

1138 2559 1349 2607 negotium,
1375 2556 1422 2593 nd
1441 2558 1521 2604 Vn,
1543 2559 1619 2597 187
1645 2557 1795 2592 monui-

1137 2628 1234 2651 mus.
1292 2615 1389 2650 llinc
1406 2626 1557 2665 quoque
1585 2612 1711 2649 Croesi
1732 2613 1795 2649 illa

1140 2666 1363 2722 ἆρτοκόπος
1390 2672 1419 2716 1,
1442 2672 1506 2716 51,
1529 2669 1593 2704 ubi
1621 2669 1667 2705 cf.
1699 2676 1793 2708 nott.

1139 2730 1196 2764 De
1210 2728 1296 2778 ipsis
1309 2725 1489 2763 Herodoti
1499 2725 1621 2762 verbis
1632 2726 1661 2761 si
1675 2738 1795 2776 quae—

1139 2797 1286 2831 ramus,
1315 2782 1410 2820 haec
1443 2782 1606 2832 reliquis,
1628 2795 1792 2833 quorum

1140 2853 1293 2879 causam
1307 2839 1536 2888 contineant,
1548 2850 1791 2890 praeponen-

1960 0 1977 135 ,ῥυ-ἐ
