1996 3238
512 243 596 283 162
911 238 1374 277 HERODOTI

512 350 615 403 „362
656 349 778 399 δίκας
817 345 947 391 δώσει
989 345 1194 399 τοιαύτας
1221 348 1315 398 οἴας
1345 346 1548 390 ἐκείνοισι
1575 345 1773 401 πρέπει.“

506 417 557 462 Ὃ
586 417 665 474 μὲν
694 415 759 472 δὴ,
790 415 1019 470 δεξάμενος
1047 415 1095 459 τὸ
1125 413 1261 470 ῥηθὲν
1292 414 1601 459 ἀπαλλάσσετο.

632 485 792 539 Ξέρξης
821 483 893 534 δὲ,
919 482 1181 538 Μαρδόνιον
1208 481 1255 525 ἐν
1277 485 1489 540 Θεσσαλίῃ
1511 482 1777 538 καταλιπών,

520 550 651 604 αὐτὸς
688 550 915 605 ἐπορεύετο
955 552 1064 594 κατὰ
1093 550 1220 606 τάχος
1249 550 1291 601 ές
1326 550 1405 594 τόν
1435 550 1774 607 Ἑλλήσποντον·

520 622 594 665 καὶ
622 619 867 664 ἀπικνέεται
894 619 938 671 ἐς
966 620 1042 662 τὸν
1071 618 1212 670 πόρον
1241 622 1316 673 τῆς
1346 618 1572 675 διαβάσιος
1601 619 1649 663 ἐν
1675 620 1778 663 πέν-

520 706 565 733 τε
593 689 666 732 καὶ
692 687 1004 742 τεσσεράκοντα
1034 684 1230 743 ἡμέρῃσι,
1262 685 1441 741 ἀπάγων
1476 691 1549 743 τῆς
1581 690 1833 742 στρατιῆ965

1782 420 1829 456 60

355 476 453 524 115

183 545 290 575 Xerxis
306 552 371 571 cum
394 551 462 570 cae-

181 585 248 608 tero
265 577 465 606 exercit-niter

184 621 289 641 versus
328 610 456 639 Hellee-‚

185 651 315 683 pontum.
368 643 465 682 Mayl-

184 689 232 709 ma
241 679 347 707 harum
365 684 464 712 copta-

185 720 352 781 ἷὲόᾞωέξὲἓ
377 711 464 770 {1²:1³⁹
571 755 580 771 ‚
614 758 624 770 x
727 757 735 771 .
881 755 892 769 f
972 757 982 771 ,
1040 758 1055 766 -
1158 752 1178 767 ι
1325 754 1335 766 ,
1535 754 1544 768 ,

185 784 292 808 munta.
348 778 462 806 eunus
494 759 658 801 Ξουδεν
686 773 826 812 μερος,
858 773 917 806 ως
946 769 1093 798 ειπειν.
1155 769 1261 796 οκου
1295 755 1341 796 δε
1380 769 1674 810 πορευομενοι
1703 772 1778 810 γι-

186 814 249 841 lovi
285 820 371 840 sacer
404 811 445 847 [7,

186 848 246 882 40.]
267 846 463 874 a'rhracibus

187 884 353 916 surreptus.

521 825 694 877 νοίατο,
725 824 798 867 καὶ
827 821 919 865 κατ’
954 821 1033 873 οὕς
1054 837 1175 872 τινας
1196 819 1473 876 ἀνθρώπους,
1503 820 1581 865 τὸν
1609 822 1778 866 τούτων

489 892 697 945 3καρπὸν
734 887 996 945 ἁρπάζοντες
1027 888 1254 934 ἐσιτέοντο.
1315 889 1351 930 εἰ
1380 888 1425 931 δὲ
1452 888 1625 944 Υκαρπὸν
1653 891 1779 944 μηδέ-

517 975 575 1003 να
605 958 797 1012 εὕροιεν,
845 959 889 1000 οῑ
927 957 972 1000 δὲ
1001 956 1081 1012 τὴν
1109 959 1240 1012 ποίην
1266 957 1347 1014 τὴν
1378 958 1424 1001 ἐκ
1460 962 1534 1014 τῆς
1562 960 1640 1013 γῆς
1669 955 1781 1001 ἀνοι-

518 1025 767 1082 φυομένην,
810 1025 883 1068 καὶ
919 1029 1007 1068 τῶν
1048 1024 1264 1078 δενδρέων
1303 1026 1381 1070 τὸν
1418 1025 1578 1083 φλοιὸν
1616 1024 1782 1079 περιλέ-

518 1108 690 1143 ποντες,
738 1092 812 1136 καὶ
852 1091 904 1135 τοὶ
945 1091 1091 1146 φύλλα
1137 1094 1480 1147 καταδρέποντες
1526 1092 1838 1149 κατήσθιον,70

532 1159 694 1216 ὁμοίως
723 1163 812 1204 τῶν
848 1160 894 1203 δὲ
930 1158 1105 1216 ἡμέρων
1133 1162 1207 1206 καὶ
1241 1165 1330 1205 τῶν
1369 1161 1550 1218 ἀγρίων,
1576 1161 1652 1205 καὶ
1679 1160 1783 1204 ἔλει-

2 990 9 1087 ἑ

0 1226 13 1400 ν-ᾼοξ--ω
11 1197 14 1204 ”

669 1400 762 1452 cap.
793 1399 911 1437 CXV.

476 1510 478 1513 -
523 1476 577 1525 (ἇς
595 1478 740 1529 εἰπεῖν]
764 1479 789 1518 i.
811 1493 844 1517 e.
864 1482 907 1516 ut
922 1478 976 1516 ita
998 1477 1127 1517 dicam.

466 1534 594 1575 εἰπεῖν
617 1536 729 1574 codd.
771 1536 988 1573 iubentibus
1013 1548 1127 1572 revo-

467 1593 549 1629 cavi
588 1606 657 1643 pro
708 1589 826 1634 εἶπαι.
877 1592 987 1629 cous.
1027 1598 1124 1630 nott.

469 1648 518 1685 ad
538 1649 634 1697 VIII,
657 1649 721 1690 65.
755 1651 813 1686 De
833 1650 913 1699 ipsa
932 1649 1126 1685 locutione

469 1704 571 1741 conf.
593 1707 641 1752 11,
664 1705 730 1745 53.
745 1704 825 1745 134
845 1712 882 1742 et
903 1717 998 1755 quae
1019 1705 1128 1754 plura

468 1762 606 1798 excitat
637 1760 852 1798 Blomfield.
884 1761 1048 1797 Glossar.
1079 1759 1127 1796 ad

467 1816 648 1870 Aeschyl.
683 1818 788 1854 Pers.
803 1819 897 1857 720.
936 1815 1129 1853 Iudicatur

469 1880 598 1910 autem
618 1873 688 1910 hac
709 1874 873 1911 formula
892 1876 1044 1922 exiguus
1058 1875 1129 1910 mi-

471 1930 574 1968 litum
609 1943 791 1977 numerus,
835 1943 951 1982 quem
981 1931 1129 1966 salvum

471 2000 520 2023 ex
556 1987 718 2024 immani
768 1987 833 2023 illa
883 1985 1129 2023 multitudine

471 2043 581 2092 (Vn,
627 2045 722 2089 188>
750 2044 790 2080 in
821 2043 955 2080 Asiam
982 2044 1131 2081 Xerxes

472 2098 680 2138 reduxerit.

530 2156 571 2196 οἱ
594 2154 647 2194 δὲ
676 2153 750 2205 τήν
783 2155 906 2205 ποίην
938 2153 1011 2207 τήν
1038 2172 1075 2196 κ.
1097 2172 1131 2195 τ.

472 2213 528 2262 λ.]
557 2214 615 2249 De
634 2212 817 2263 particula
839 2209 880 2250 δὲ
907 2213 948 2248 iu
976 2212 1132 2263 apodosi

472 2267 606 2306 iterat&
633 2267 711 2307 vid.
744 2265 880 2305 Matth.
901 2270 966 2308 Gr.
990 2271 1056 2307 Gr.
1092 2271 1131 2315 §.

475 2328 558 2367 616
578 2338 664 2377 pag.
695 2323 802 2365 1247
835 2331 871 2361 et
891 2326 1060 2363 Werfer.
1093 2327 1132 2362 iu

475 2383 578 2421 Aott.
599 2381 704 2433 phill.
723 2382 897 2418 Monacc.
917 2384 934 2419 1
954 2395 1042 2433 pag.
1066 2380 1133 2422 94.

479 2437 622 2476 Herod.
662 2439 823 2487 1‚3⁴66.
862 2459 918 2465 —
966 2439 1133 2475 Verbum

479 2495 753 2545 περιλέποντες
782 2493 890 2531 affert
919 2494 1057 2533 Suidas
1082 2496 1136 2531 111

479 2564 567 2601 pag.
589 2553 656 2599 96,
677 2550 744 2603 qui
764 2549 867 2587 idem
887 2549 1135 2604 s.v.AQfsn:ov

478 2609 496 2643 Ι
516 2621 554 2658 p.
577 2610 657 2648 628
674 2606 901 2645 conferatur.

535 2665 615 2701 τῶν
653 2661 697 2702 δὲ
739 2661 900 2715 ’ἡμέρων
945 2662 1012 2704 καὶ
1054 2665 1137 2703 τῶν

482 2713 653 2770 ἀγρίων]
684 2721 763 2757 scil.
788 2718 995 2772 δενδρέων.
1025 2719 1137 2766 Quod

481 2777 651 2827 sequitur
695 2772 775 2815 ’ὑπὸ
823 2779 943 2828 λιμοῦ
953 2805 964 2822 ,
1013 2778 1134 2815 valet:

475 2844 564 2883 prae
600 2831 721 2882 fame,
751 2831 852 2882 same
897 2835 1025 2873 coacti.
1077 2835 1135 2872 Ac

1183 1368 1324 1405 multos
1361 1367 1493 1404 Persas
1541 1372 1712 1403 mortuos
1760 1376 1841 1402 esse

1184 1424 1287 1478 δίψῃ
1307 1438 1346 1463 τε
1372 1425 1474 1476 λιμῷ
1498 1437 1537 1461 τε
1567 1424 1668 1460 canit
1688 1433 1841 1474 quoque

1181 1479 1393 1531 Aeschylus
1431 1480 1536 1518 Pers.
1600 1478 1681 1519 490
1730 1476 1842 1527 (496

1182 1535 1357 1588 Blomf.)‚
1390 1538 1494 1573 cuius
1517 1536 1640 1573 omnis
1660 1533 1735 1572 huc
1754 1545 1843 1585 spe-

1184 1601 1260 1630 ctat
1290 1594 1453 1630 narratio
1476 1592 1565 1630 inde
1602 1605 1623 1629 a
1643 1604 1740 1629 vers.
1760 1590 1843 1630 482

1184 1649 1284 1698 (488
1304 1650 1383 1699 Bl.)
1396 1680 1405 1697 ‚
1427 1651 1614 1700 tragicum
1632 1649 1672 1684 in
1692 1657 1843 1684 morem

1185 1713 1378 1743 exornata.
1393 1705 1542 1742 Eodem
1553 1711 1696 1755 spectat
1708 1704 1843 1740 TzetZ.

1186 1760 1283 1798 Chit.
1304 1764 1342 1810 1,
1386 1763 1467 1803 995
1489 1763 1634 1808 Persas,
1658 1761 1724 1811 qui
1753 1770 1844 1796 cum

1185 1831 1275 1868 rege
1332 1820 1550 1855 secesserint
1573 1847 1582 1866 ,
1643 1818 1844 1867 plerosque

1185 1887 1339 1912 narrans
1361 1875 1494 1911 obiisse
1526 1875 1686 1926 κρυμῷ,
1728 1872 1846 1922 λιμῷ,

1185 1930 1328 1986 πορείᾳ
1355 1933 1460 1976 sive,
1489 1938 1531 1968 ut
1562 1931 1712 1968 Orosius
1731 1927 1847 1965 habet

1186 1989 1243 2035 ll,
1269 1991 1319 2028 10
1346 2001 1384 2038 p.
1409 1987 1501 2034 114,
1531 1987 1660 2034 labore,
1682 1984 1782 2036 fame
1803 1996 1846 2020 ac

1188 2048 1280 2081 metu
1303 2044 1558 2081 distabuerunt.
1606 2041 1760 2080 Addam
1778 2041 1846 2076 Iu·-

1187 2101 1276 2138 stini
1298 2101 1427 2137 locum
1446 2101 1505 2148 11,
1543 2102 1592 2140 13
1623 2101 1662 2143 ᾗ.
1692 2100 1756 2138 11.
1781 2098 1844 2143 12,

1189 2158 1254 2209 qui
1274 2158 1412 2193 Xerxis
1436 2155 1530 2192 tristi
1549 2153 1672 2194 reditu
1692 2152 1846 2203 exposi-

1186 2220 1226 2250 to
1247 2211 1340 2249 haec
1354 2212 1502 2249 subiicit
1517 2223 1527 2248 :
1548 2211 1654 2258 „Nec
1663 2208 1846 2259 pedestri-

1189 2270 1258 2306 bus
1288 2270 1425 2319 copiis,
1458 2280 1549 2319 quas
1579 2265 1737 2303 ducibus
1775 2263 1846 2302 ad-

1188 2327 1424 2376 siglmverat,
1459 2324 1603 2361 felicius
1642 2324 1714 2360 iter
1751 2322 1844 2359 fuit:

1187 2382 1219 2418 si
1258 2380 1414 2433 quidem
1457 2379 1678 2433 quotidiano
1726 2378 1847 2416 labori

1191 2438 1336 2490 (neque
1357 2439 1459 2475 euim
1479 2438 1556 2474 ulla
1585 2443 1640 2474 est
1667 2443 1846 2474 metucu-

1190 2496 1288 2531 tibus
1309 2495 1433 2547 quies)
1454 2495 1568 2531 etiam
1578 2494 1698 2531 fames
1716 2504 1847 2529 acces-

1191 2559 1302 2589 serat.
1357 2553 1568 2589 Multorum
1598 2548 1736 2587 deinde
1764 2547 1848 2585 die-

1193 2621 1279 2645 rum
1297 2609 1425 2659 inopia
1457 2612 1694 2645 contraxerat
1713 2612 1750 2642 et
1776 2618 1849 2656 pe-

1190 2672 1309 2712 stem,
1349 2672 1528 2716 tantaque
1565 2661 1725 2700 foeditas
1763 2674 1850 2698 mo-

1192 2722 1371 2758 rientium
1390 2722 1481 2769 fuit,
1512 2726 1555 2757 ut
1573 2719 1655 2757 viae
1684 2717 1850 2756 cadave-

1192 2779 1294 2816 ribus
1350 2779 1618 2829 implereutur‚
1666 2776 1849 2827 alitesque

1192 2841 1230 2873 et
1256 2834 1398 2872 bestiae
1424 2846 1531 2872 escae
1559 2832 1742 2870 illecebris
1768 2831 1843 2868 sol-
