1879 3222
345 217 413 253 DE
443 213 565 252 VITA
593 213 666 249 ET
695 212 928 250 SCRIPTIS
958 211 1234 250 HERODOTI.
1451 211 1537 252 379

64 325 270 375 Πανύασις
297 326 430 380 γέγονε
457 320 554 363 κατά
585 320 658 374 τήν
689 318 738 372 οή
768 319 1016 374 ὀλυμπιάδα·
1053 322 1151 365 κατά
1184 324 1227 365 δέ
1255 339 1366 371 τινας
1402 324 1539 376 πολλῷ

60 382 348 436 πρεσβύτερος·
393 380 527 433 γέγονε
561 376 638 432 γὰρ
673 377 738 419 ἐπὶ
767 382 848 418 τῶν
886 382 1118 431 Περσικῶν·
1163 380 1344 435 ἀνῃρέθη
1386 377 1428 419 δὲ
1460 377 1537 419 ὑπὸ

60 439 317 495 Λυγδάμιδος
343 440 415 478 τοῦ
443 437 574 489 τρίτου
603 432 926 488 τυραννήσαντος
966 435 1297 490 Ἁλικαρνασσοῦ.
1354 438 1427 483 Qui
1447 448 1537 474 vero

58 499 238 550 Panyasis
265 509 360 533 num
387 495 565 545 patruelis
593 501 657 530 aut
677 494 853 530 amitinus
873 492 987 530 fuerit
1010 494 1214 543 Herodoti,
1254 502 1296 532 ut
1315 497 1440 546 Heyse
1461 493 1538 543 (De

59 554 241 592 Herodot.
271 553 342 589 vit.
369 558 405 588 et
431 552 547 587 Itinn.
572 564 610 600 p.
636 551 705 598 15)
736 548 950 597 contendit,
991 562 1038 585 an
1061 552 1291 598 avunculus,
1329 558 1371 588 ut
1390 549 1538 587 Naekio

60 611 122 659 (ad
139 610 300 648 Choeril.
321 609 499 658 fragmm.
519 621 557 658 p.
577 607 645 656 18)
675 607 810 658 placet,
828 604 932 643 haud
961 606 1141 658 equidem
1161 607 1335 644 d‘urerim.
1393 609 1449 643 De
1463 608 1539 643 Pa-

58 669 164 719 uyasi
186 673 312 702 autem
332 665 500 715 pluribus
525 665 698 714 exposuit
728 665 852 715 Heyse
877 664 903 701 l.
925 663 950 699 l.
971 676 1008 713 p.
1034 666 1208 703 13—19.
1266 664 1399 700 Nullus
1427 676 1540 713 prae-

58 732 157 761 terea
177 721 360 758 Herodoti
381 727 564 771 cognatus
584 728 831 757 memoratur.
888 720 962 766 Qui
992 720 1095 756 enim
1115 719 1218 767 VIII,
1239 723 1316 760 132
1347 732 1543 755 memora-

58 788 117 818 tur
135 778 355 824 Herodotus,
390 776 577 815 Basilidae
596 777 706 826 filius,
737 775 863 826 Chius,
898 783 1083 827 cognatus
1101 789 1198 812 num
1214 777 1338 824 fuerit,
1360 774 1546 824 dubiumr,

55 848 224 887 namque
256 836 421 872 nominis
452 833 658 872 similitudo
684 835 907 886 scriptorem
925 846 1082 873 movere
1103 833 1239 885 potuit,
1274 839 1317 871 ut
1335 830 1449 870 huius
1470 844 1544 883 po-

54 893 240 931 tissimum
259 893 496 930 mentionem
515 892 667 929 faceret.

749 1040 784 1084 §-
815 1042 853 1079 3.

164 1153 223 1188 De
238 1149 461 1188 educatione
482 1156 518 1188 et
538 1150 771 1188 institutione
790 1149 975 1188 Herodoti
993 1149 1092 1188 nihil
1111 1149 1294 1188 traditum
1309 1148 1540 1200 accepimus.

52 1209 212 1245 Homeri
239 1208 466 1245 carminibus
499 1209 680 1244 eximiam
711 1209 825 1244 Illum
857 1207 1002 1245 dedisse
1027 1221 1181 1259 operam
1208 1208 1270 1245 vel
1295 1206 1385 1243 inde
1415 1205 1542 1254 colligi

50 1278 160 1316 posse
180 1272 287 1316 putat
307 1266 451 1314 Iaeger.
485 1265 649 1316 Disputt.
671 1263 840 1303 Herodd.
861 1279 900 1316 p.
921 1265 945 1306 5
963 1265 1065 1316 quod
1083 1272 1136 1302 tot
1155 1265 1313 1301 Homeri
1332 1263 1540 1300 sententiae

51 1323 91 1357 in
111 1320 296 1358 Herodoti
315 1322 431 1358 Musis
451 1335 649 1373 expressae
670 1329 891 1369 occurrant,
923 1321 1022 1359 addo
1038 1329 1094 1358 tot
1128 1322 1262 1366 verba,
1293 1327 1348 1357 tot
1376 1319 1541 1356 locutio-

51 1391 118 1414 nes
140 1377 230 1414 inde
247 1377 506 1428 depromptae,
559 1379 652 1430 quin
674 1379 796 1415 omnis
817 1377 994 1415 orationis
1013 1378 1138 1414 forma
1160 1385 1196 1414 et
1217 1375 1361 1414 indoles
1378 1375 1424 1412 ad
1445 1388 1541 1426 poe-

51 1435 169 1471 ticum
198 1448 227 1471 s.
253 1436 404 1484 epicum
429 1447 646 1470 sermonem
677 1434 910 1471 adscendens
946 1436 1148 1486 ipsumque
1184 1439 1455 1484 argumentum
1492 1429 1542 1467 ad

52 1492 149 1541 epici
169 1492 344 1527 carminis
365 1492 551 1527 rationem
580 1490 822 1528 distributum
843 1499 880 1528 et
899 1492 1194 1532 conformatum.
1253 1489 1338 1527 vid.
1368 1489 1467 1525 infra
1502 1489 1542 1534 §.

54 1550 118 1587 12.
176 1548 234 1584 Ac
266 1554 461 1599 praeterea
490 1546 707 1585 adolescens
740 1548 924 1585 lectitasse
955 1547 1105 1586 videtur
1132 1548 1312 1585 Hecataei
1341 1545 1477 1582 Milesii
1492 1545 1542 1581 li·-

50 1603 159 1652 bros,
203 1617 272 1655 per
293 1605 442 1640 Ioniam
476 1605 752 1656 Graeciamque
785 1611 876 1641 tunc
905 1606 1086 1655 temporis
1110 1603 1221 1642 valde
1255 1609 1483 1654 propagatos
1506 1607 1543 1638 et

51 1661 278 1708 celebratos3
295 1657 340 1709 1”””)
370 1660 474 1697 unde
498 1662 705 1698 iuvenilem
725 1662 913 1712 scriptoris
938 1663 1111 1697 animum
1132 1659 1180 1697 ad
1203 1660 1340 1697 similia
1360 1656 1544 1695 tentanda

49 1717 251 1754 incensum
271 1717 383 1754 fuisse
410 1715 516 1754 haud
543 1718 803 1769 improbabilis
835 1716 1004 1755 eiusdem
1031 1718 1178 1769 Iaegeri
1201 1724 1256 1754 est
1281 1716 1498 1753 coniectura
1515 1715 1545 1752 l.

49 1774 77 1812 l.
99 1788 136 1825 p.
154 1777 192 1815 6.
222 1773 566 1825 Logographorum
585 1775 721 1825 scripta
736 1774 977 1812 Herodotum
991 1776 1139 1813 novisse
1155 1787 1245 1811 cum
1267 1774 1455 1811 Creuzero
1468 1767 1542 1822 ἐμὲ)

50 1837 190 1868 statuas
209 1831 318 1878 licet3
350 1839 387 1867 et
406 1832 529 1882 potuit
555 1845 646 1868 sane
661 1833 855 1883 Panyasis,
886 1833 944 1869 vir
974 1839 1096 1870 aetate
1115 1831 1330 1883 provectior
1362 1828 1544 1879 idemque

52 1894 91 1924 et
125 1886 394 1925 eruditissimus
427 1895 464 1924 et
499 1888 833 1936 celebratissimus,
871 1889 1017 1926 iuvenis
1046 1890 1220 1926 animum
1250 1886 1299 1923 ad
1322 1887 1447 1923 literas
1465 1892 1544 1921 tra-

53 1942 209 1980 ctandas
231 1944 375 1993 erigere
396 1951 432 1981 et
454 1943 501 1980 ad
518 1945 649 1981 altiora
670 1944 794 1982 studia
818 1958 1059 1995 promovere.
1116 1947 1199 1982 Hoc
1223 1942 1339 1980 modo
1359 1942 1545 1978 maturius

52 2000 93 2036 in
124 1999 369 2037 adolescentis
406 2002 536 2038 animo
574 2000 669 2038 illud
710 2002 909 2039 consilium
942 2001 1118 2039 historiae
1151 1998 1378 2038 scribundae
1419 1998 1545 2035 orbis-

55 2069 129 2108 que
151 2064 338 2093 terrarum
363 2057 402 2093 in
418 2056 522 2094 hunc
537 2057 655 2094 finem
678 2057 906 2108 peragrandi
926 2060 1014 2095 oriri
1032 2058 1175 2109 potuit,
1207 2055 1310 2108 quod
1340 2062 1472 2107 postea
1491 2060 1548 2092 tot

53 2125 243 2150 annorum
264 2112 424 2150 decursu
444 2121 523 2150 tam
539 2115 677 2151 eximie
696 2115 810 2150 Illum
832 2122 1053 2151 exsecutum
1074 2128 1152 2152 esse
1168 2113 1354 2151 videmus.

166 2171 429 2207 Halicarnasso
450 2171 612 2207 Samum
627 2172 806 2221 migrasse
826 2170 1064 2208 Herodotum
1087 2172 1134 2208 ob
1156 2168 1403 2221 Lygdamidis
1414 2175 1546 2220 tyran-

52 2225 186 2264 nidem
213 2228 332 2278 inque
352 2227 470 2264 Samo
486 2229 657 2264 Ionicam
682 2228 885 2265 dialectum
912 2225 1010 2276 ww)
1043 2227 1222 2265 edoctum
1246 2226 1417 2263 historias
1449 2238 1545 2262 con-

52 2283 415 2335 scripsisseindeque
432 2285 681 2321 Halicarnassi
700 2286 740 2321 in
761 2286 897 2321 urbem
912 2298 1136 2335 regressum,
1150 2297 1271 2336 quum
1292 2291 1453 2334 tyranno
1467 2282 1545 2317 eie-

55 2347 115 2378 cto
136 2354 158 2377 a
185 2341 327 2378 civibus
347 2340 490 2379 invidia
512 2355 684 2393 pressum
703 2355 743 2379 se
758 2341 930 2392 videret,
962 2341 1130 2379 Thurios
1150 2340 1240 2379 hinc
1266 2340 1473 2378 discessisse
1492 2338 1538 2388 Ἠ

146 2529 182 2574 *)
213 2530 312 2564 Conf.
339 2530 502 2565 Crenzer.
527 2531 561 2565 in
580 2531 751 2566 historice.
775 2532 952 2577 antiquiss.
976 2532 1130 2575 sragmm.
1155 2542 1191 2576 p.
1217 2531 1270 2565 16.

149 2598 207 2642 **)
229 2599 311 2633 ibid.
339 2611 372 2644 p.
397 2600 440 2633 95
464 2611 535 2645 seq.

150 2665 229 2711 ***)
255 2668 331 2701 Vid.
357 2668 445 2702 infra
469 2669 496 2705 C.
523 2669 576 2702 14.

152 2734 193 2776 ἦ)
215 2735 306 2769 Hinc
328 2736 533 2781 W'esselilig.
559 2736 593 2769 iu
611 2737 759 2771 Praefat.
784 2749 818 2781 p.
841 2738 876 2778 3,
899 2748 998 2781 quem
1022 2735 1175 2781 sequitur
1191 2735 1396 2776 Larcherus‚
1424 2732 1549 2766 statuit

62 2789 84 2812 a
107 2778 208 2812 Samo
232 2783 419 2824 profectum
443 2783 650 2816 Herodotum
674 2782 795 2816 itinera
819 2783 1032 2827 suscepisse3
1073 2793 1092 2816 e
1115 2782 1237 2825 quibus
1259 2791 1431 2815 reversum
1456 2779 1548 2811 cives

62 2836 142 2859 suos
166 2825 208 2860 ad
228 2829 372 2870 patriam
395 2828 629 2864 Halicarnassi
652 2828 859 2864 liberandam
894 2829 1073 2864 adiuvisse.
1121 2828 1191 2862 Res
1213 2828 1348 2863 incerta
1371 2838 1412 2861 ac
1434 2824 1548 2860 dubia.
