1879 3222
259 213 344 253 436
813 208 1192 249 ΟΟΜΜΕΝΤΑΤΙΟ

258 323 340 362 tulit
357 322 539 373 interpres
557 333 658 360 nova
678 317 727 358 ad
746 334 804 359 res
824 322 870 358 ab
891 320 1083 359 Herodoto
1103 329 1268 360 narratas
1288 319 1523 360 illustrandas
1547 336 1732 375 perquam

256 386 343 431 apta
364 386 476 430 atque
496 379 614 425 utilia,
635 379 685 414 ita
700 376 804 414 haud
827 391 906 415 raro
927 379 1037 415 nimis
1053 380 1229 415 verbosus
1251 387 1303 416 est
1327 387 1361 415 et
1383 378 1497 415 modo
1521 392 1564 415 ea
1586 381 1732 430 repetit,

253 448 354 488 quae
372 436 448 471 iam
468 436 638 486 priorum
656 436 927 485 interpretum,
958 433 1218 472 Valckeuaerii
1246 435 1482 486 potissimum
1510 448 1553 472 ac
1573 437 1733 474 Wesse-

254 491 361 542 lingit
380 492 499 539 curis,
521 491 633 527 allata
653 498 774 530 erant.

365 550 405 587 2.
436 548 564 584 Altera
583 547 726 584 Gallica
746 547 865 585 versio
886 547 954 584 viri
971 545 1070 582 docti
1092 544 1198 594 Miot,
1220 543 1264 595 ἐξ)
1298 548 1335 583 in
1365 548 1519 598 singulis
1548 546 1732 584 Herodoti

253 604 374 642 verbis
395 602 595 640 reddendis
615 605 734 640 multo
756 605 974 650 accuratior,
995 603 1182 651 scriptoris
1202 605 1425 640 sententiam
1445 606 1541 640 bene
1561 605 1732 654 plerum-

252 674 328 712 que
359 661 516 711 exponit
545 673 588 696 ac
609 667 800 711 praeterea
815 660 854 695 in
875 660 970 695 notis
992 657 1179 710 quaedam
1200 657 1307 695 affert
1325 659 1371 696 ad
1393 660 1573 697 Herodoti
1591 661 1731 696 intelli—

250 717 421 767 gentiam
441 717 640 753 meliorem
659 715 770 754 valde
800 714 1107 762 accommodata,
1159 714 1294 765 quibus
1324 716 1518 767 aliquoties
1538 718 1578 752 in
1604 724 1731 754 nostra

250 772 414 810 editione
433 774 490 810 usi
508 786 652 810 sumus.

359 830 486 881 Atque
534 828 595 865 hic
644 828 760 864 etiam
807 824 1062 862 nominandus
1119 823 1164 862 P.
1217 824 1265 863 L.
1317 825 1474 874 Courien,
1539 828 1605 878 qui
1652 841 1730 865 uno

248 886 346 923 tertii
385 887 470 922 libri
496 885 711 935 fragmento
741 884 780 919 iu
815 883 1005 918 Gallicum
1034 895 1251 919 sermonem
1291 895 1471 919 converso
1501 885 1588 920 satis
1616 896 1731 921 mon-

246 942 399 990 stravit,
438 940 530 993 quid
561 947 751 991 praestare
780 940 978 989 potuisset,
1004 938 1034 974 si
1054 945 1177 975 totum
1197 937 1434 975 Herodotum
1465 940 1607 976 Gallice
1635 952 1731 989 con·-

245 1006 392 1037 vertere
420 998 611 1036 voluisset.
668 996 820 1033 Eximio
853 994 947 1031 haec
967 996 1088 1032 versio
1110 996 1258 1032 Parisiis
1281 994 1418 1045 prodiit
1443 997 1546 1035 1823
1567 994 1641 1032 hoc
1660 996 1730 1032 sub

245 1055 376 1092 titulo:
434 1055 685 1104 „prospectus
706 1052 821 1089 d’une
840 1050 1054 1088 traduction
1073 1052 1250 1088 nouvelle
1272 1050 1504 1088 d’H‹2rodote
1525 1059 1731 1089 contenant

245 1124 298 1147 un
325 1111 516 1160 fragment
539 1109 591 1146 du
617 1110 709 1147 livre
738 1109 929 1146 troisieme
950 1114 985 1144 et
1014 1109 1050 1144 la
1078 1107 1229 1158 preface
1263 1107 1314 1144 du
1332 1108 1589 1144 traducteur.“
1611 1110 1663 1155 8.‚
1685 1121 1730 1145 ac

245 1165 383 1204 deinde
413 1167 526 1202 etiam
545 1167 642 1217 typis
663 1166 820 1216 repetita
841 1172 895 1202 est
913 1165 954 1200 in
982 1165 1077 1200 libro
1098 1165 1247 1201 rariori:
1281 1165 1520 1212 „Collectiou
1541 1164 1730 1215 complete

245 1222 310 1260 des
349 1221 569 1273 Pamphlets
598 1223 797 1273 politiques
836 1228 872 1258 et
901 1221 1106 1272 Opuscules
1135 1221 1314 1258 literaires
1343 1220 1390 1258 de
1429 1222 1473 1259 P.
1492 1223 1538 1258 L.
1559 1221 1730 1259 Courier.

243 1279 440 1316 Bruxelles
465 1280 569 1319 1826
588 1292 627 1329 p-
649 1279 729 1319 305
750 1277 792 1315 ff.
813 1280 890 1318 311
923 1290 1029 1328 seqq.

355 1338 393 1376 3.
423 1335 590 1372 Accessit
614 1333 715 1371 Itala
735 1334 854 1372 versio
871 1329 943 1382 Η)
975 1340 1010 1369 et
1032 1334 1110 1383 ipsa
1129 1334 1168 1369 in
1188 1333 1374 1383 scriptoris
1402 1345 1512 1370 sensu
1532 1330 1728 1370 reddendo

241 1390 293 1428 ita
312 1398 506 1439 accurata,
536 1398 579 1428 ut
598 1391 715 1427 rarius
736 1403 757 1427 a
780 1390 968 1441 scriptoris
987 1391 1172 1427 sententia
1192 1390 1431 1427 aberraverit.
1473 1390 1629 1426 Minoris
1641 1401 1729 1425 mo-

241 1449 360 1485 menti
379 1455 466 1485 sunt
493 1449 756 1484 annotationes
776 1448 870 1483 Italo
895 1459 1070 1483 sermone
1092 1446 1139 1483 ad
1160 1447 1302 1486 calcem
1330 1447 1544 1494 subiectae3
1580 1445 1621 1481 in
1642 1445 1729 1496 qui-

240 1505 311 1542 bus
339 1506 405 1543 vix
434 1504 522 1541 novi
554 1503 765 1556 quidquam
793 1504 981 1554 reperias,
1015 1502 1120 1555 quod
1152 1515 1230 1539 non
1250 1504 1353 1554 prius
1374 1503 1421 1539 ab
1442 1503 1522 1540 aliis
1543 1501 1727 1539 Herodoti

240 1561 503 1612 interpretibus
522 1561 599 1597 iam
619 1562 774 1598 allatum
789 1560 915 1596 fuerit.

351 1625 391 1666 4.
419 1629 522 1664 Inter
542 1629 730 1665 versiones
743 1658 752 1675 ‚
789 1640 885 1679 quae
905 1627 944 1662 in
964 1626 1158 1663 Germania
1179 1625 1420 1675 prodierunt,
1451 1631 1639 1675 praestare
1651 1636 1727 1674 pu·-

239 1689 317 1720 tem
336 1696 445 1730 eam,
475 1696 574 1734 quae
593 1682 666 1720 hoc
685 1684 793 1720 titulo
814 1684 992 1731 iuscripta
1022 1688 1096 1718 est:
1128 1683 1225 1726 „Die
1246 1679 1499 1717 Geschichten
1522 1680 1586 1717 des
1602 1682 1725 1716 Hero—

239 1738 347 1776 dotos
367 1740 552 1776 iibersetzt
580 1753 655 1777 von
676 1739 859 1776 Friedrich
876 1737 1015 1786 Lange.
1054 1737 1198 1773 Berlin.
1233 1739 1348 1776 1811.
1370 1737 1568 1784 11V011‚8,
1591 1737 1621 1773 si
1637 1736 1726 1787 qui-

238 1793 328 1832 dem
346 1796 409 1831 illa
425 1797 599 1832 omnium
619 1797 793 1846 proxime
813 1793 967 1830 accedat
995 1791 1043 1829 ad
1059 1806 1212 1829 sensum
1231 1794 1418 1842 scriptoris
1439 1805 1560 1843 aeque
1580 1805 1623 1829 ao
1644 1805 1725 1829 ser-

237 1851 361 1896 monis
388 1851 498 1887 illum
528 1853 697 1888 colorem
721 1852 924 1901 antiquum
954 1855 991 1885 et
1020 1850 1193 1885 nativum
1210 1877 1219 1895 ,
1256 1850 1353 1884 miro
1384 1847 1500 1884 modo
1521 1849 1725 1885 vernacule

237 1920 469 1958 expressum.
524 1909 658 1959 Neque
685 1920 774 1944 vero
805 1907 930 1943 debita
950 1904 1062 1941 laude
1084 1905 1262 1955 privarim
1290 1905 1587 1941 recentissimam
1606 1905 1726 1940 inter-

236 1965 511 2014 pret-ationem,
550 1977 648 2016 quae
681 1964 796 2001 etiam
825 1975 846 1999 a
867 1962 964 1998 notis
990 1962 1188 2007 subiectis,
1211 1961 1252 1996 in
1281 1968 1452 1997 extrema
1481 1961 1603 2010 operis
1618 1967 1725 2011 parte

237 2020 530 2071 copiosioribus,
567 2019 681 2057 habet
702 2018 1101 2057 commendationem:
1137 2016 1352 2066 „Herodots
1373 2030 1449 2054 von
1479 2015 1724 2053 Halikarnass

236 2075 487 2114 Geschichten
499 2105 509 2125 ,
539 2077 726 2114 iibersetzt
745 2088 822 2115 von
840 2077 906 2112 Dr.
923 2073 1038 2124 Adolf
1048 2073 1182 2123 scholi,
1198 2074 1386 2124 Stuttgart
1404 2073 1722 2114 1828—1832.“

235 2133 292 2169 XI
311 2133 408 2174 Voll.
432 2136 495 2173 12.

347 2201 414 2237 His
436 2199 610 2237 addimus
631 2201 705 2238 alia
733 2199 918 2249 subsidia,
949 2200 1086 2252 quibus
1105 2198 1147 2235 in
1166 2196 1237 2235 bac
1257 2194 1442 2233 Herodoti
1462 2193 1628 2232 editione
1652 2192 1723 2231 ad-

236 2255 405 2294 ornanda
424 2257 482 2294 usi
501 2269 653 2295 sumus:
690 2253 790 2308 ww)

326 2443 360 2487 *)
396 2443 547 2478 Histoire
569 2443 796 2484 d'Herodote‚
818 2442 927 2476 suivie
951 2442 992 2476 de
1015 2441 1048 2475 la
1071 2440 1136 2474 Vie
1158 2439 1349 2475 d'Homam.
1397 2437 1565 2472 Nouvelle
1587 2434 1719 2470 Tradu-

235 2487 332 2527 ction,
357 2500 418 2533 par
441 2492 482 2524 A.
500 2490 541 2523 F.
560 2491 659 2533 Μὶοι,
684 2490 803 2524 ancien
828 2488 1005 2522 conseiller
1029 2488 1161 2522 d’Etat.
1208 2486 1306 2519 Puris
1332 2485 1427 2518 1822.
1453 2483 1507 2516 111
1532 2483 1561 2517 V
1563 2482 1617 2515 oll.
1642 2482 1674 2514 8.

326 2555 385 2599 Η)
427 2558 476 2590 Le
500 2569 585 2591 nove
597 2558 696 2591 Muse
720 2556 752 2590 di
776 2556 927 2589 Erodoto
960 2555 1195 2588 Alicarnasseo
1229 2553 1379 2587 tradotte
1411 2551 1454 2585 ed
1482 2551 1648 2585 illustrate
1671 2549 1717 2581 da

237 2600 376 2634 Andrca
399 2603 585 2637 Mustosicli
607 2603 797 2636 Corcirese.
847 2602 970 2635 Milano
998 2603 1095 2635 1820.
1120 2602 1153 2633 8.

327 2667 408 2711 ***)
434 2669 495 2711 Ea,
510 2682 596 2714 quae
620 2671 654 2705 in
678 2669 851 2703 Prooemio
875 2668 972 2701 huius
996 2667 1229 2713 disputationis
1254 2663 1479 2699 recensuimus
1501 2663 1642 2706 scripta,
1663 2662 1717 2695 hic

234 2713 474 2756 praetermissa
497 2727 571 2748 esse
596 2717 691 2750 scito.
716 2717 827 2759 Atque
851 2714 1002 2748 consulto
1027 2714 1126 2747 ctiam
1152 2714 1204 2746 hic
1228 2711 1320 2745 omisi
1343 2720 1453 2742 omncs
1477 2720 1536 2741 eas
1558 2708 1717 2753 scriptio-

236 2769 294 2791 nes
325 2758 397 2792 eive
427 2759 702 2801 dissertationes,
738 2761 861 2806 quibus
895 2759 1018 2804 singuli
1050 2759 1146 2793 modo
1180 2757 1245 2792 loci
1277 2755 1396 2790 Nostri
1429 2753 1604 2799 scriptoris
1642 2753 1715 2786 illu-

235 2808 401 2839 scrantur.

1863 1896 1875 2290 ——ss-ae—-ffl
1867 1774 1875 1885 Mas-⁴
1873 1750 1875 1755 .
