1996 3238
77 498 144 544 87

568 179 918 215 URANIA.
975 179 1106 215 VIII.

1399 179 1480 218 119

208 291 301 347 κρςὸ
331 286 555 343 ἀμείνονες
586 283 711 328 αὐτοὶ
741 285 926 338 ἑωυτῶν,
957 285 987 342 ἢ
1016 285 1128 341 πρὸς
1157 284 1352 343 Εὐβοίῃ·
1394 289 1478 337 πᾶς

208 373 272 408 τις
309 350 689 408 προθυμεόμενος,
728 354 802 396 καὶ
832 356 1064 409 δειμαίνων
1101 355 1292 412 Ξέρξην·
1334 352 1533 398 ἐδόκεέὸὄ

208 440 252 469 τε
278 423 455 472 ἕκαστος
484 421 649 465 ἑωυτὸν
677 420 915 476 θεήσεσθαι
945 424 1133 479 βασιλέα.

320 488 443 533 Κατὰ
490 505 570 545 μεν
610 488 663 545 δή
694 488 799 540 τούς
829 488 1010 540 ἄλλους,
1042 490 1125 534 οὐκ
1155 491 1236 547 ἔχω
1265 491 1475 546 μετεξετέ-
1533 512 1711 553 „mmmm
1729 512 1790 540 vu

1531 551 1590 581 tua,

1609 546 1767 573 connuncta

208 576 314 614 ρους
346 560 480 601 εἰπεῖν
510 556 742 612 ἀτρεκέως,
771 569 830 609 ως
860 557 1034 602 ε’καστοι
1063 562 1152 601 τῶν
1181 558 1418 614 βαρβάρων
1446 556 1474 613 ἢ
1531 567 1597 608 msu',
1619 579 1797 608 cunnum„

205 631 294 671 τῶν
321 624 544 682 Ελλήνων
566 624 848 682 ἠγωνίζοντο·
881 626 989 670 nocto?
1019 628 1064 671 δὲ
1089 626 1357 711 Ἀρτεμισίην
1375 624 1477 669 τάδε

177 694 392 749 2ἐγένετο,
425 693 496 737 ἀπ’
526 697 589 737 ὠν
619 693 874 750 εὐδοκίμησε
902 697 1070 749 μᾶλλον
1106 696 1167 739 ε’τι
1204 694 1326 748 παρὰ
1357 695 1477 746 βασι-

206 761 282 805 λέϊ.
320 761 464 819 ἐπειδὴ
492 762 576 818 γὰρ
607 763 648 814 ἐς
676 761 880 817 θόρυβον
907 761 1073 806 πολλὸν
1103 762 1281 806 ἀπίκετο
1312 760 1365 804 τὰ
1396 763 1535 815 {hc-70

205 831 347 880 σιλέος
376 829 620 887 πρήγματα,
651 830 699 874 ἐν
717 829 858 888 τούτῳ
892 833 954 886 τῷ
974 833 1116 887 καιρῷ
1143 829 1170 887 ἡ
1191 833 1300 886 νηῦς
1329 828 1355 885 ἡ
1372 826 1477 881 Ἀρ-

176 900 408 954 3τεμισίης
440 897 640 941 ἐδιώκετο
680 897 767 943 υπὸ
807 897 914 954 νηὸς
950 898 1148 954 Ἀττικῆς.

1206 898 1281 941 καὶ
1310 896 1361 953 ἢ,
1393 895 1475 940 οὐκ

203 966 362 1021 εχουσα
393 964 656 1021 διαφυγέειν,
687 966 907 1022 ε’μπροσθε
936 968 1019 1023 γὰρ
1055 965 1189 1022 αυτῆς
1203 960 1317 1022 ἦσαν
1348 964 1476 1009 ἄλλαι

202 1037 304 1089 νῆες
335 1034 499 1088 φίλιαι,
539 1032 567 1089 ἡ
598 1034 643 1077 δὲ
674 1032 807 1090 αὐτῆς
835 1035 945 1089 πρὸς
972 1039 1061 1079 τῶν
1089 1035 1310 1090 πολεμίων
1349 1032 1530 1089 μα’λι-75

204 1113 284 1144 στα
313 1100 518 1156 ἐτύγχανε
546 1102 700 1144 ἐοῦσα·
731 1102 849 1154 ἔδοξέ
884 1104 928 1145 οἱ
955 1102 1054 1147 τόδε
1083 1106 1285 1158 ποιῆσαι,
1314 1099 1363 1146 τὸ
1400 1101 1475 1145 καὶ

178 1168 439 1227 4συνήνεικε
467 1168 700 1227 ποιησάσῃ,
731 1173 977 1228 διωκομένη
1013 1170 1097 1227 γὰρ
1124 1168 1214 1213 ὑπὸ
1245 1174 1322 1226 τῆς
1346 1167 1475 1212 Ἀττι-

204 1240 298 1294 κῆς,
329 1238 526 1294 φέρουσα
555 1238 727 1295 ἐνέβαλε
755 1242 831 1295 νηῒ
860 1241 997 1296 φιλίῃ,
1029 1237 1205 1294 ἀνδρῶν
1233 1253 1278 1281 τε
1299 1239 1474 1279 Καλυν-

205 1305 328 1358 δέων,
357 1307 432 1349 καὶ
462 1305 601 1351 αὐτοῦ
631 1307 910 1360 ἐπιπλέοντος
940 1311 1021 1351 τοῦ
1050 1307 1319 1351 Καλυνδέων
1349 1308 1474 1360 βασι-

177 1381 200 1416 5
211 1373 308 1425 λέος
337 1375 681 1430 Δαμασιθύμου.

742 1377 778 1418 εἰ
807 1375 886 1431 μὲν
914 1377 989 1419 καί
1017 1392 1057 1418 τι
1086 1380 1230 1426 νεῖκος
1260 1371 1369 1429 πρὸς
1399 1370 1471 1415 αὐ·
1486 1378 1531 1413 80

205 1441 284 1485 τὸν
311 1440 505 1499 ἐγεγόνεε
534 1443 597 1487 ἔτι
612 1444 712 1499 περὶ
727 1442 1049 1500 Ἑλλήσποντον
1078 1442 1265 1495 ἐόντων,
1297 1438 1352 1485 οὐ
1377 1440 1474 1497 μέν·

301 1695 395 1747 cap.
415 1695 650 1733 Lxxxvn.

203 1773 305 1816 κατοῖ
345 1773 389 1816 δὲ
428 1771 676 1827 Ἀρτεμισίην
716 1770 810 1814 τάδε

149 1832 319 1886 ἐγένετο]
351 1832 571 1881 „Callidum
584 1833 810 1869 Artemisiae

149 1897 427 1939 commentum,
462 1889 686 1940 indignante
716 1889 813 1926 Plu-

149 1945 280 1984 tarcho
301 1948 414 1984 nimis
426 1948 584 1984 verbose
602 1953 810 1994 narratum,

151 2003 345 2040 adnotavit
358 2005 473 2039 etiam
481 2005 697 2055 Polyaenus
710 2003 810 2051 Vm,

151 2060 218 2108 53,
255 2060 320 2099 1.“
379 2059 598 2097 Valcken.
655 2060 811 2095 Plutar—

150 2115 244 2153 chus
273 2115 462 2153 Themist.
491 2115 541 2156 14
563 2115 629 2152 fin.
658 2114 706 2151 de
735 2117 811 2151 Ar-

149 2174 311 2220 temisia,
341 2172 389 2209 de
417 2186 491 2224 qua
522 2172 599 2209 vid.
635 2179 732 2210 nott.
763 2171 811 2208 ad

148 2230 232 2277 VII,
254 2232 321 2270 99.
346 2230 447 2276 V111,
470 2230 535 2276 68,
566 2230 731 2266 breviter
750 2230 811 2265 lo-

150 2288 292 2338 quitur.
321 2307 379 2314 —
435 2287 556 2323 Paulo
588 2292 677 2322 aute
697 2298 812 2322 revo-

150 2344 234 2381 cavi
255 2342 380 2382 είπεΐν
401 2356 468 2394 pro
490 2338 619 2393 εἴπαις
665 2341 713 2380 de
734 2354 811 2394 quo

151 2399 233 2438 dixi
251 2399 299 2437 ad
318 2400 417 2448 VIII,
440 2398 508 2440 65.

206 2487 275 2529 καὶ
303 2486 331 2540 ἣ
351 2485 429 2528 ου’κ.
451 2487 592 2539 ἔχουσα
618 2486 811 2540 διαφυγέ-

152 2547 232 2596 ειν]
248 2546 437 2583 Orationis
456 2552 642 2583 structura
660 2546 811 2582 turbata

152 2604 202 2641 ob
231 2604 347 2640 verba
377 2616 445 2654 per
476 2602 702 2653 particulam
732 2598 808 2654 γοῖρ

151 2660 361 2698 interiecta.
417 2661 551 2711 Neque
574 2660 678 2695 enim
697 2671 809 2695 voces

150 2712 178 2766 ἢ
198 2712 274 2756 οὐκ
301 2715 445 2768 ἔχουσα
473 2716 636 2753 verbum
670 2715 811 2765 excipit

150 2772 322 2823 finitum,
353 2771 427 2812 sed
446 2772 592 2810 mutata
623 2770 811 2810 structura

867 1669 1082 1715 sequuntur
1101 1661 1218 1699 verba
1239 1657 1349 1708 ἔδοξέ
1369 1656 1422 1698 οἷ.
1461 1658 1528 1696 Tu

866 1720 968 1757 conf.
987 1717 1124 1756 Matth.
1145 1720 1212 1757 Gr.
1229 1719 1295 1756 Gr.
1316 1728 1405 1768 pag.
1421 1717 1526 1757 1301

867 1784 904 1814 et
924 1784 1019 1814 nott.
1040 1775 1089 1813 ad
1108 1776 1188 1824 Vll,
1217 1777 1310 1815 177.

925 1839 951 1895 ἡ
995 1841 1037 1883 δὲ
1073 1839 1199 1894 αὐτῆς
1226 1839 1328 1906 πρὸς
1349 1854 1431 1879 των
1454 1853 1527 1879 πο-

868 1902 1013 1952 λεμίων
1052 1897 1218 1966 με’λιστα
1263 1893 1449 1963 ἐτύγχανε
1489 1894 1529 1935 ἒ-

870 1957 990 2008 οὖσα]
1024 1957 1048 1995 i.
1072 1971 1103 1993 e.
1124 1958 1238 2007 ipsius
1256 1967 1357 1992 navas
1375 1954 1529 1990 maxime

868 2015 918 2052 ad
938 2015 1048 2051 hostes
1068 2026 1231 2050 conversa
1241 2014 1318 2049 erat
1330 2024 1360 2047 s.
1369 2011 1529 2060 proxime

868 2070 916 2108 ad
934 2071 1046 2107 hostes
1069 2072 1272 2106 accesserat.
1305 2069 1405 2104 Nam
1415 2078 1529 2116 prae-

867 2128 1004 2178 positIO
1033 2123 1134 2178 πρὸς
1162 2124 1223 2161 hic
1244 2137 1289 2161 eo
1318 2124 1397 2160 fere
1417 2134 1531 2159 sensu

869 2181 1054 2234 capienda
1091 2180 1265 2228 videtur,
1310 2192 1387 2231 quo
1427 2178 1529 2225 vm,

868 2240 936 2280 85.
980 2241 1031 2276 Et
1050 2239 1150 2277 conf.
1170 2237 1411 2289 potissimum
1429 2235 1530 2284 VIII,

867 2298 934 2337 20.

925 2371 1104 2425 φέρουσα
1123 2370 1283 2423 ἐνέβαλε
1302 2369 1375 2419 νηὶ
1393 2367 1528 2418 φιλίη]

868 2430 1063 2480 „Adiuvat
1083 2429 1146 2467 hic
1165 2425 1348 2466 incitandi
1377 2439 1420 2462 ac
1441 2437 1528 2476 pro·

866 2487 1035 2539 pellendi
1067 2489 1147 2525 vim
1174 2483 1415 2537 patticipium
1455 2479 1531 2531 φέ-

867 2557 1016 2595 ρουσα,
1064 2544 1153 2581 alibi
1182 2544 1375 2592 eleganter
1404 2538 1529 2575 abuu-

869 2600 976 2638 dans.
1032 2601 1218 2651 Egregie,
1247 2597 1306 2635 his
1343 2593 1530 2633 Herodoti

867 2672 946 2694 nou
967 2657 1200 2708 posthabitis,
1222 2651 1530 2692 Hemsterhusius

869 2714 917 2751 ad
946 2716 1104 2752 Luciau.
1137 2714 1236 2750 Dial.
1263 2713 1378 2748 Mort.
1412 2710 1463 2746 VI
1490 2722 1530 2758 p.

870 2770 950 2812 349
988 2772 1067 2821 (T.
1083 2773 1118 2808 Π
1138 2784 1178 2823 p.
1199 2769 1280 2810 423
1299 2780 1380 2820 seq.
1401 2764 1531 2817 Bip.).
