1879 3222
311 255 378 303 53

110 323 215 351 dextra
246 321 351 354 maee-

111 356 259 384 daemonii
285 364 351 383 cum

109 389 266 424 Tegeatis)
291 394 321 417 et
344 389 384 417 si-

109 424 384 455 nistramthenien-

109 461 168 488 ees)
192 465 245 491 per
271 460 383 484 Amom—

109 491 226 526 phareti
260 490 384 517 Pitana-

107 529 206 563 ωηιξη
240 522 387 558 praefecti

129 559 316 591 efficaciam,
335 557 385 591 qui

108 566 252 630 gai-barus
279 591 386 630 suget-e

107 633 336 659 ignominiosum
347 632 387 651 ει-

109 659 139 687 bi
157 658 289 694 duceret,

440 146 525 187 288

840 142 1295 181 HERODOTl

437 252 524 296 Καὶ
555 252 599 294 οἱ
625 251 705 306 μὲν
732 251 828 304 περὶ
848 250 897 295 τὸ
913 251 1092 307 Ἡραῖον
1109 249 1543 306 ἐστρατοπεδεύοντο·
1576 254 1748 296 Παυ·35

441 320 592 375 σανίης
633 319 699 371 δὲ,
737 318 875 372 ὁρέων
911 320 1045 375 σφέας
1082 319 1491 375 ἀπαλλασσομένους
1530 319 1577 362 ἐκ
1615 323 1693 364 τοῦ

440 386 752 441 στρατοπέδου,
782 386 1042 443 παρήγγελλε
1073 387 1145 430 καὶ
1172 390 1284 429 τοῖσι
1301 388 1695 442 Λακεδαιμονίοισι,

442 453 739 510 ἀναλαβόντας
767 453 819 498 τοὶ
849 454 960 498 ὅπλα
989 455 1098 497 ἰέναι
1126 453 1234 497 κατὰ
1272 452 1374 503 τοὺς
1405 452 1562 504 ἄλλους
1591 453 1694 504 τούς

441 520 699 575 προϊόντας·
736 523 916 578 νομίσας
946 521 1105 571 αὐτούς
1135 521 1177 571 ἐς
1205 518 1282 563 τὸν
1310 525 1455 576 χῶρον
1484 521 1614 572 ἰέναι,
1652 521 1694 571 ἐς

414 590 520 633 erem
549 589 857 646 συνεθήκαντο.
914 587 1131 630 Ἐνθαῦτα
1160 588 1202 630 οἱ
1229 587 1305 641 μὲν
1330 587 1452 630 ἄλλοι
1482 589 1621 641 ἄρτιοι
1649 582 1751 642 ἦ-4Ο

441 670 524 701 σαν
551 661 640 700 τῶν
668 655 928 711 ταξιαρχέων
949 655 1178 696 πείθεσθαι
1201 657 1455 710 Παυσανίῃ·
1481 653 1695 710 Ἀμομφοὶ·

439 741 560 781 ρετος
591 725 635 768 δὲ
656 724 679 768 ὁ
705 725 958 774 Πολιάδεω,
986 722 1203 777 λοχηγέων
1231 724 1310 765 τοῦ
1331 723 1604 777 Πιτανητέων
1626 721 1696 766 λό-

384 823 477 830 ——-

382 901 461 925 esse
486 888 583 925 iuter
607 886 794 926 τίθεσθαι
813 880 861 923 τοέ
882 878 984 923 ὅπλα
1008 889 1046 920 et

381 945 479 981 inter
501 941 905 994 στρατοπεδεύεσθαι,
939 938 1043 991 quod

383 1013 584 1052 perperam
624 998 728 1036 idem
771 1010 849 1034 esse
885 996 1043 1048 quidam

384 1063 607 1095 statuerunt.
666 1053 745 1093 Sed
770 1054 850 1104 ipsa
879 1054 951 1090 viri
972 1052 1044 1089 do-

385 1114 539 1150 ctissimi
580 1112 695 1149 verba
735 1109 945 1147 adscribere
980 1110 1043 1145 iu-

384 1177 469 1207 vat:
502 1170 658 1217 „Prima
678 1167 717 1204 di
742 1169 843 1218 porsi
862 1180 883 1203 a
905 1178 1040 1216 campo

383 1225 537 1263 intorno
552 1226 587 1262 al
602 1225 743 1275 tempio
762 1222 1042 1260 soffermaronsi

385 1280 425 1319 di
457 1283 649 1319 rincontro
666 1294 688 1317 a
714 1281 856 1330 tempio
880 1280 966 1316 coll'
985 1291 1044 1315 ar-

383 1339 439 1375 mi
464 1351 486 1375 a
519 1345 617 1375 terra
650 1350 719 1388 per
750 1336 1001 1373 determinare
1021 1347 1043 1371 a

385 1396 475 1447 qual
510 1396 647 1445 partito
678 1394 885 1444 appigliare
914 1394 945 1429 si
972 1391 1044 1428 do-

384 1464 552 1500 vesser03
583 1450 717 1503 quindi
740 1449 929 1486 essendosi
950 1461 1045 1485 con-

386 1509 524 1559 sigliati
549 1507 588 1544 di
614 1507 865 1557 accamparsi,
892 1504 1045 1542 diedero

386 1565 423 1601 le
470 1571 682 1614 opportune
723 1562 985 1613 disposizioni;
1026 1574 1046 1597 e

386 1620 607 1655 finalmente
652 1619 839 1668 ripigliate
878 1619 913 1654 le
939 1618 1047 1664 armi,

387 1675 590 1712 andaronsi
616 1687 636 1710 a
666 1687 777 1724 porre
800 1674 902 1722 negli
930 1673 1048 1720 allog-

388 1732 572 1782 giamenti
600 1731 752 1766 intorno
793 1730 829 1765 al
862 1728 1047 1779 tempio.“

606 1819 698 1869 Cap.
726 1819 828 1860 Lm,

444 1894 702 1950 παρήγγελλε]
725 1898 781 1934 Ita
792 1909 881 1934 cum
891 1902 1048 1933 recentt.

391 1954 548 1992 exhibui
577 1969 597 1991 e
615 1956 778 1992 Florent.
803 1961 839 1991 et
861 1953 1049 1990 Sancrofti

387 2013 484 2049 libro
497 2024 565 2063 pro
581 2012 684 2061 vulg.
697 2007 927 2063 παρήγγελε,
944 2007 1049 2060 quod

388 2082 478 2106 cum
522 2066 728 2105 Schaefero
767 2074 894 2105 tuetur
933 2067 1048 2102 Butt-

388 2138 520 2162 mann.
561 2125 626 2162 Gr.
663 2125 755 2161 mai.
789 2125 825 2160 II
864 2135 950 2174 pag.
980 2123 1046 2170 62,

387 2181 657 2232 imperfectum
683 2180 771 2217 huic
788 2182 872 2217 loco
904 2191 1048 2216 couve-

389 2240 472 2275 nire
492 2250 646 2288 negans.
671 2260 717 2265 —
737 2238 782 2273 In
803 2249 909 2288 seqq.
932 2235 1048 2273 verba

391 2293 495 2334 ἰέναι
515 2291 613 2332 κατοὶ
639 2290 732 2340 τοΰς
752 2290 916 2341 ἅλλους,
955 2288 1048 2337 τούς

389 2346 605 2398 προϊόντας
613 2351 754 2400 accipio
766 2362 776 2387 :
788 2349 903 2387 eadem
911 2360 1054 2397 progre-

395 2407 516 2454 ‹Iivz'‹'i‚
530 2406 601 2457 (μιαί
623 2407 749 2456 reliqui
757 2408 969 2456 praeierant.
985 2405 1052 2439 At-

394 2477 466 2514 que
480 2465 529 2500 ita
541 2464 767 2515 quoqueIII‚
780 2463 805 2503 4
819 2457 1053 2507 ἀποστείλας

392 2514 474 2557 κατ’
496 2517 630 2567 αὐτὸν,
645 2519 747 2571 quod
767 2516 945 2570 equidem
960 2518 1054 2554 sim-

394 2576 739 2625 pliciteriutellexi:
757 2576 805 2613 ad
824 2576 924 2612 illum
945 2576 1051 2620 misit,

393 2632 550 2681 intelligi
576 2634 655 2669 vult
674 2631 1049 2682 Schweighaeuser-,2

394 2689 489 2724 misit
518 2688 634 2725 eadem
673 2689 754 2735 υίιῒ,
793 2689 864 2739 (μιιῖ
894 2687 954 2724 ille
982 2689 1050 2723 iter

394 2743 593 2791 direxerat,
623 2751 659 2780 et
688 2747 731 2792 1,
767 2747 819 2785 84
845 2745 913 2782 fin.
967 2744 1047 2779 Ne-

1099 896 1174 935 que
1188 881 1262 920 huc
1281 895 1360 919 non
1379 883 1582 933 pertinebit
1593 884 1661 931 lx,
1679 885 1753 924 66:

1098 936 1196 979 κατοὲ
1215 935 1339 979 τωύτό
1367 938 1481 979 ἰέναι.
1509 962 1565 966 -
1603 939 1665 977 Ad
1691 952 1756 975 ao-

1099 998 1311 1034 cusativum
1361 991 1647 1048 ἀναλαβόντες,
1690 996 1756 1032 ubi

1098 1053 1359 1104 praegreditur
1383 1052 1528 1089 dativus
1545 1056 1648 1092 τοῖσι
1667 1057 1756 1090 Λα-

1097 1110 1383 1159 κεδαιμονίοισι
1408 1110 1508 1146 conf.
1535 1107 1669 1146 matth.
1690 1110 1756 1145 Gr.

1098 1167 1165 1204 Gr.
1193 1167 1228 1212 ξ.
1247 1167 1323 1207 581
1351 1178 1436 1216 pag.
1462 1164 1579 1205 1054.
1599 1187 1656 1192 —
1695 1163 1757 1201 Ad

1097 1235 1234 1259 vocem
1277 1218 1406 1272 ἄρτιοι
1443 1221 1543 1259 conf.
1578 1223 1655 1269 IX,
1688 1224 1756 1262 27.

1097 1281 1155 1316 De
1179 1278 1444 1328 Amomphareto
1473 1277 1560 1314 vide
1587 1279 1635 1315 εἰς
1660 1279 1756 1314 Plu-

1098 1334 1273 1373 tarchum
1302 1335 1343 1370 in
1362 1333 1513 1372 Aristid.
1553 1348 1611 1385 cp.
1637 1336 1686 1373 17
1718 1347 1753 1384 p.

1101 1393 1182 1433 328
1212 1393 1258 1430 E.
1284 1391 1336 1427 ita
1366 1392 1616 1428 scribentem:
1652 1385 1755 1442 οἶνήρ

1099 1440 1324 1498 θυμοειδής
1359 1446 1426 1486 καὶ
1461 1446 1756 1496 φιλοκίνδυνος,

1101 1503 1265 1544 ἔκπαλαι
1286 1500 1386 1554 πρός
1400 1499 1474 1554 τὴν
1487 1500 1616 1555 μα’χην
1634 1515 1759 1553 σπαρ-

1101 1563 1207 1612 γῶν,
1232 1555 1303 1600 ov'n
1326 1559 1402 1610 ἔφη
1424 1561 1577 1610 λείψειν
1599 1556 1670 1609 τήν
1691 1554 1759 1597 τοῖ-

1104 1618 1188 1664 ξιν,
1221 1612 1300 1654 ἀλλ’
1322 1612 1469 1655 αι’τόθι
1505 1616 1634 1665 μένων
1663 1611 1758 1664 μετα

1103 1674 1182 1709 τῶν
1214 1670 1360 1709 ἑαυτοῦ
1385 1674 1548 1720 λοχιτῶν
1578 1665 1759 1721 ’ὑποστή-

1105 1730 1248 1766 σεσθαι
1266 1723 1519 1778 Μαρδόνιον.

1160 1781 1358 1834 λοχηγέων
1395 1785 1467 1821 τοῦ
1501 1778 1758 1831 Πιτανητέων

1104 1834 1236 1889 λόχου]
1256 1837 1453 1890 λογηγέων
1467 1839 1634 1889 plerique
1647 1836 1759 1873 codd.

1104 1897 1165 1932 Ex
1184 1894 1324 1931 Aldina
1342 1896 1502 1931 fluxerat
1521 1892 1760 1945 λοχηγετέων

1106 1965 1127 1988 a
1149 1953 1264 1988 verbo
1296 1954 1538 2003 λοχηγετεῖν,
1571 1949 1673 2002 quod
1708 1951 1760 1986 si-

1105 2009 1187 2045 mili
1218 2006 1334 2044 modo
1365 2009 1570 2044 formatum
1606 2012 1761 2057 apparet

1104 2072 1217 2117 atque
1241 2060 1485 2116 οἷρχηγετεῖν,
1517 2067 1759 2114 κυνηγετεῖν,

1103 2122 1357 2173 ποδηγετεῖν,
1390 2122 1461 2157 alia
1482 2118 1519 2156 id
1536 2132 1670 2169 genus.
1709 2119 1761 2156 At

1104 2191 1217 2228 supra
1250 2178 1328 2224 IX,
1359 2180 1409 2217 21
1453 2179 1653 2227 λοχηγεῖνε
1699 2176 1762 2212 cui

1103 2235 1220 2272 verbo
1264 2232 1368 2285 quod
1411 2231 1450 2269 h.
1494 2233 1520 2273 l.
1559 2231 1762 2269 adstruitur

1108 2291 1294 2341 genitivus
1324 2285 1464 2339 λόχου,
1491 2301 1569 2325 non
1589 2287 1760 2334 offendit,

1107 2348 1288 2384 similium
1314 2347 1516 2383 verborum
1537 2351 1760 2382 structuram

1108 2404 1138 2440 si
1170 2403 1421 2453 respiciamus.
1480 2403 1556 2438 Pro
1584 2403 1761 2449 Πιτανη-

1107 2458 1226 2505 τέων,
1256 2459 1358 2511 quod
1374 2474 1394 2496 e
1415 2459 1550 2496 Koenii
1569 2457 1761 2494 coniectu-

1108 2528 1149 2552 ra
1167 2515 1213 2553 ad
1226 2517 1383 2566 Gregor.
1406 2516 1491 2554 Cor.
1507 2513 1553 2551 de
1577 2512 1663 2549 dial.
1678 2513 1761 2548 Ion.

1108 2574 1145 2618 ξ.
1167 2575 1191 2612 6
1221 2586 1309 2623 pag.
1336 2571 1415 2613 384
1444 2570 1581 2619 recepit
1605 2566 1762 2604 Bekke-

1107 2642 1168 2666 rus
1193 2625 1442 2679 Πιτανήτεω,
1475 2639 1518 2662 eo
1542 2624 1641 2661 haud
1667 2637 1760 2674 opus

1105 2685 1254 2723 videtur
1279 2686 1380 2721 libris
1406 2683 1541 2719 invitis.
1601 2680 1700 2726 Quid
1721 2694 1761 2716 e.-

1104 2743 1187 2779 nim
1215 2741 1359 2790 differt,
1397 2741 1661 2776 Pitanatarum
1697 2749 1761 2775 co-
