1996 3238
601 185 946 223 URANIA.
1007 187 1139 223 VIII.

1451 189 1508 229 87

241 296 401 338 εἰπεῖν·
442 291 726 348 ,,Δημάρητε,
766 290 849 336 οὐκ
893 294 982 336 ἔστι
1013 293 1125 345 ὅκως
1155 293 1207 339 οὐ
1239 294 1347 351 μέγα
1376 311 1416 339 τι
1445 296 1506 338 σι’-

209 369 344 414 3,,νος
370 362 490 405 ἔσται
519 364 570 417 τῇ
601 360 799 416 βασιλέος
839 364 1030 417 στρατιῇ.

1091 363 1192 406 wide
1233 364 1316 419 γάρ
1355 362 1504 420 οἶρίδη-

240 436 332 483 ,,λα,
361 427 526 484 ἐρήμου
557 428 710 484 ἐούσης
731 432 807 483 τῆς
826 428 1030 483 Ἀττικῆς,
1063 429 1131 472 ὅτι
1152 437 1279 474 θεῖον
1308 433 1357 477 τὸ
1375 438 1506 489 φθεγ·

237 496 477 553 ,,γόμενον,
526 494 611 539 οἷπὸ
664 495 906 547 Ἐλευσῖνος
945 495 1015 538 ἰὸν
1055 496 1098 548 ἐς
1136 502 1347 556 τιμωρίην
1384 500 1560 557 Ἀθη-35

207 566 430 618 4,,ναίοισί
472 581 516 608 τε
556 565 631 607 καὶ
660 570 773 608 τοῖσι
809 562 1084 620 συμμάχοισι.

1143 567 1217 608 καὶ
1258 568 1315 623 ἢν
1349 570 1427 624 μέν
1457 586 1505 624 γε

232 631 520 689 ,,κατασκη’ψῃ
562 632 605 683 ἐς
635 632 712 688 τὴν
742 631 1110 689 Πελοπόννησον,
1141 636 1351 686 κίνδυνος
1382 635 1504 693 αὐτῷ

234 717 308 754 ,,τε
337 701 509 757 βασιλέϊ
535 701 609 744 καὶ
638 705 693 758 τῇ
722 704 902 758 στρατιῇ
930 704 983 756 τῇ
1012 700 1060 744 ἐν
1090 706 1144 759 τῇ
1173 701 1338 760 ἠπείρῳ
1372 704 1502 748 ἔσται·

232 767 315 824 ,,ἢν
352 769 398 812 δὲ
438 769 506 812 ἐπὶ
543 769 622 820 τὰς
659 773 767 826 νῆας
806 768 1020 825 τράπηται
1065 769 1141 820 τὰς
1182 771 1229 813 ἐν
1267 775 1501 826 Σαλαμῖνι,

200 836 338 890 5,,τὸν
368 837 577 880 ναυτικὸν
604 838 792 891 στρατὸν
831 836 1108 881 κινδυνεύσει
1148 837 1352 893 βασιλεύς
1393 837 1560 882 ἄπο-4ο

229 906 441 962 ,,βαλέειν.

501 904 581 959 τὴν
623 904 668 948 δὲ
713 903 850 961 ὁρτήν
889 906 1052 961 ταύτην
1091 904 1250 961 ἄγουσι
1276 906 1504 962 Ἀθηναῖοι

227 971 341 1026 „civit
369 974 513 1017 πάντα
543 973 638 1016 ἔτεα
666 978 720 1030 τῇ
750 975 902 1032 Μητρὶ
933 974 1007 1018 καὶ
1034 978 1089 1032 τῇ
1117 977 1287 1032 Κούρῃ,
1317 975 1392 1019 καὶ
1422 973 1500 1018 αὖ·

169 1087 280 1126 Idem
317 1090 412 1135 feci,
456 1092 570 1142 paulo
600 1092 757 1128 inferius
789 1098 826 1129 et

168 1146 269 1195 VIII,
290 1149 343 1187 73
363 1146 429 1183 fin.
452 1151 504 1190 68
527 1150 563 1194 §.
590 1151 625 1188 1.
647 1150 828 1190 87.112·

167 1204 238 1251 ΙΧ,
266 1204 330 1243 16.
356 1206 418 1244 18.
438 1203 505 1245 46.
523 1208 588 1246 82.
606 1203 749 1246 84.89.
779 1206 830 1242 At

168 1260 277 1308 VIII,
310 1262 363 1302 88
392 1262 529 1314 reliqui
562 1257 690 1310 εἶπαι,
721 1264 829 1299 cuius

167 1317 253 1354 loco
265 1330 364 1354 unus
373 1318 566 1356 Sancrofti
581 1319 678 1355 liber
689 1319 827 1367 εἰπεῖν,

167 1374 338 1426 itemque
369 1375 477 1424 VIII,
512 1377 603 1416 118.
633 1374 828 1416 128.14O

168 1431 207 1476 §.
226 1433 264 1470 2.
292 1432 370 1479 lx,
394 1434 419 1473 8
434 1461 443 1479 ,
473 1433 538 1469 ubi
560 1445 657 1468 unus
668 1433 830 1468 Floren-

168 1488 269 1529 tinus
310 1486 375 1525 dat
417 1488 556 1529 εἰπεῖν.
614 1490 689 1526 vix
726 1490 830 1525 enim

167 1542 266 1581 mihi
285 1543 477 1594 credibile,
506 1547 632 1596 ipsum
651 1544 830 1584 Herodo-

161 1607 246 1640 tum
265 1602 305 1637 iu
323 1602 460 1640 talibus
484 1602 616 1640 formis
646 1609 827 1639 constan-

160 1664 218 1697 ter
238 1659 380 1709 egisse:
407 1673 500 1712 quas
519 1673 612 1696 cum
629 1658 679 1696 ad
705 1673 826 1697 unam

159 1728 338 1752 normam
358 1715 531 1767 redigere
557 1717 605 1753 ob
635 1717 823 1753 librorum

159 1779 396 1810 vetusmcum
451 1773 663 1815 dissensum
712 1775 823 1811 nobis

160 1827 461 1882 haudquaquam
479 1832 611 1879 liceat,
643 1831 762 1868 malui
782 1833 823 1867 iu

159 1887 316 1937 singulis
328 1888 419 1925 locis
441 1887 617 1925 codicum
630 1889 826 1940 potiorum

159 1944 269 1995 sequi
306 1946 580 1983 auctoritatem.

219 1994 295 2039 οὐκ
316 1999 393 2039 ἔστι
413 1998 517 2049 ὅκως
539 1996 608 2050 ου’]
637 2002 663 2038 i.
689 2015 721 2038 e.
733 2003 823 2052 fieri

160 2058 303 2107 nequit,
326 2059 432 2107 quin.-
462 2057 508 2094 de
532 2071 607 2108 quo
636 2057 822 2109 loquendi

159 2125 300 2162 genere
338 2113 413 2151 vid.
448 2113 566 2151 modo
606 2116 729 2157 Zeuu.
773 2113 822 2151 ad

159 2170 287 2219 Viger.
319 2183 356 2219 p.
385 2172 468 2211 235
500 2185 578 2222 seq.
637 2169 818 2221 Xenoph.

158 2227 283 2263 Anah.
306 2228 364 2274 II,
386 2226 424 2273 4,
447 2230 485 2267 3.
505 2226 698 2279 Aristoph.
721 2226 818 2267 Ach.

163 2286 256 2324 116.
278 2284 378 2335 qu.
414 2286 510 2325 238.
541 2285 818 2335 Plat.Apolog.

160 2339 269 2377 Socr.
290 2354 327 2391 p.
340 2343 393 2382 27
413 2342 460 2377 E.
488 2343 582 2378 Mox
603 2336 670 2380 εἶπ’
688 2338 819 2380 Ἑλευ-

159 2400 269 2444 σῖνος
299 2394 362 2437 ἰὸν
382 2411 402 2433 e
428 2398 647 2435 Florentino
668 2399 820 2450 alioque

156 2454 253 2490 libro
295 2456 504 2504 repositum
539 2455 555 2504 (
574 2453 722 2492 dudum
758 2457 821 2492 iu-

157 2509 273 2547 bente
289 2512 521 2562 W‘esseling.
559 2513 655 2550 Diss.
675 2511 820 2550 Herod.

162 2568 219 2603 XI
245 2581 284 2618 p.
309 2568 403 2617 167)
428 2582 496 2620 pro
519 2563 601 2610 ἐόν,
623 2590 677 2596 -
697 2570 819 2607 Paulo

161 2631 250 2661 ante
262 2623 350 2662 dedi
361 2624 540 2675 βασιλέως
549 2638 618 2676 pro
630 2626 819 2676 βασιλῆος

160 2687 197 2717 et
215 2681 326 2728 σίνος
337 2695 406 2732 pro
419 2686 541 2731 σῑνος,
555 2681 658 2734 quod
672 2681 819 2720 Sohae-

158 2737 258 2775 serus
285 2752 374 2776 cum
388 2737 526 2776 Manli.
550 2747 588 2777 et
603 2738 731 2778 Bekk.
753 2753 819 2777 re—

161 2793 283 2845 liquit.
351 2795 354 2798 ’

939 1087 1035 1131 τάδε
1055 1089 1131 1144 γάρ
1156 1086 1347 1144 ἇρίδηλα]
1373 1094 1398 1130 i.
1421 1106 1455 1130 e.
1490 1093 1552 1130 hoc

887 1150 974 1186 enim
991 1148 1220 1199 manufestum
1239 1154 1303 1187 est.
1339 1149 1456 1201 Apud
1467 1151 1551 1187 Ηο-

886 1218 1040 1242 merum
1084 1207 1278 1243 invenitur
1318 1205 1393 1244 hoc
1439 1220 1552 1244 sensu

887 1258 1095 1314 α’ρίζηλοςε
1133 1262 1181 1300 de
1213 1263 1288 1315 quit
1322 1276 1416 1301 voce
1447 1264 1548 1301 oonf.

885 1321 1111 1357 Buttmann.
1145 1321 1322 1370 Lexilog.
1351 1322 1369 1356 1
1396 1334 1435 1370 p.
1467 1321 1548 1361 252

886 1390 981 1428 seq.,
1015 1377 1080 1426 qui
1100 1375 1204 1412 idem
1227 1391 1264 1427 p.
1282 1376 1373 1417 147.
1403 1376 1450 1413 de
1469 1378 1549 1429 syl-

885 1444 973 1481 laba
1007 1433 1079 1497 ‹ac—‘J
1098 1445 1227 1482 multis
1256 1445 1413 1481 vocibus
1435 1457 1549 1494 prae-

884 1503 1007 1551 posita
1041 1503 1218 1552 disputat.
1241 1522 1294 1528 —-
1328 1499 1391 1537 Ad
1410 1513 1549 1538 vocem

884 1559 1079 1611 τιμωρίην
1111 1558 1214 1595 conf.
1251 1564 1350 1594 nott.
1388 1555 1437 1593 ad
1465 1558 1547 1605 Vn,

888 1617 980 1655 169.
1018 1636 1076 1644 —
1114 1610 1168 1666 ἦν
1203 1636 1259 1641 -
1298 1609 1546 1668 κατασκήψῃ

884 1678 958 1708 est:
1017 1675 1050 1710 si
1098 1673 1297 1721 ingruerit,
1358 1670 1546 1708 inciderit:

881 1727 928 1764 de
949 1742 1025 1780 quo
1055 1728 1135 1767 vid.
1164 1736 1261 1766 nott.
1293 1726 1341 1765 ad
1362 1728 1454 1776 Vll,
1493 1729 1544 1767 10

881 1787 918 1831 ἓ.
941 1788 980 1826 5.

939 1883 1017 1926 ἆνᾶ
1037 1883 1168 1926 πάντα
1189 1884 1293 1935 ἔτεα]
1315 1886 1340 1926 i.
1361 1899 1394 1923 e.
1412 1898 1545 1936 quoque

881 1958 984 1984 anno,
1036 1946 1093 1980 De
1128 1952 1322 1994 tempore,
1354 1955 1430 1994 quo
1456 1954 1544 1978 ma-

878 2014 954 2051 gna
998 2002 1192 2038 Eleusinia
1241 2000 1543 2046 celebrabantur,

879 2071 969 2094 cum
1018 2059 1111 2095 olim
1167 2057 1407 2094 dissentirent
1470 2056 1540 2092 viri

879 2113 1001 2161 docti,
1030 2127 1134 2150 nunc
1157 2112 1314 2165 quidem
1336 2114 1384 2149 ob
1417 2111 1540 2148 diser-

879 2178 962 2208 tum
980 2169 1164 2207 Herodoti
1193 2169 1454 2206 testimouium
1476 2168 1541 2204 ni-

876 2226 933 2265 hil
963 2226 1150 2271 dubium,
1190 2239 1343 2279 quoque
1373 2238 1474 2261 anno
1502 2230 1541 2262 et

878 2283 1035 2337 quidem
1072 2297 1203 2320 mense
1242 2281 1542 2330 Boedromione,

879 2343 944 2393 qui
979 2354 1070 2378 cum
1090 2340 1309 2391 Septembri
1331 2346 1460 2376 nostro
1486 2339 1540 2375 sio

877 2399 964 2436 satis
993 2399 1194 2445 convenit,
1238 2398 1303 2433 illa
1329 2396 1443 2433 fuisse
1473 2408 1540 2432 ce-

876 2456 1034 2496 lebrata,
1106 2456 1223 2491 Plura
1273 2455 1447 2490 Creuzer.
1497 2452 1539 2488 in

878 2512 1054 2564 Spnbol.
1085 2511 1138 2548 IV
1175 2523 1264 2561 pag.
1285 2509 1380 2552 493.
1424 2509 1538 2546 Voci-

878 2570 947 2607 bus
966 2571 1018 2622 τῇ
1051 2566 1189 2618 Μητρὶ
1219 2565 1288 2606 καὶ
1313 2568 1365 2620 τῇ
1394 2561 1536 2617 Κούρῃ

875 2627 1073 2663 neminem
1141 2626 1214 2672 oit,
1245 2622 1407 2661 iudicari
1432 2623 1537 2661 Cere-

876 2696 945 2720 rem
995 2689 1109 2733 atque
1157 2680 1426 2732 Proserpimm,
1482 2680 1536 2715 ita

875 2739 1058 2790 appellari
1080 2739 1205 2776 solitas
1232 2740 1274 2775 in
1300 2750 1406 2776 sacra
1442 2749 1537 2787 my·-

873 2797 1074 2836 steriorum
1091 2794 1302 2848 disciplina.
1332 2793 1394 2833 Ad
1415 2801 1530 2848 quan
