1996 3238
371 694 470 739 139
528 694 609 744 λην
638 689 934 743 Μακεδονίην.

202 760 334 788 Stemma
358 759 476 786 illorum

202 802 306 829 regum
323 801 341 820 a
356 792 480 819 Perdic-

522 245 604 285 194
914 242 1372 280 HERODOTI

523 368 567 396 τε
596 349 900 406 ὑπερφέροντα
928 354 1017 394 τῶν
1045 349 1200 394 ἄλλων.
1259 348 1307 394 ἐν
1327 349 1523 394 τούτοισι
1550 349 1623 394 καὶ
1655 349 1678 392 ὁ
1696 353 1770 393 Σι-
1783 357 1829 391 30

499 418 658 474 5ληνός
678 424 789 462 τοῖσι
819 418 993 472 κήποισι
1018 417 1130 474 ἥλω,
1170 416 1228 468 ὡς
1257 418 1422 474 λέγεται
1449 417 1538 462 ὑπὸ
1571 416 1777 460 Μακεδό-

530 503 632 530 νων.
690 485 799 540 ὑπὲρ
831 485 875 529 δὲ
913 490 1001 529 τῶν
1039 485 1189 540 κήπων
1222 481 1355 539 οὖρος
1384 486 1546 537 κέεται,
1585 483 1777 539 Βέρμιον

530 554 714 609 οὔνομα,
746 553 908 608 ἄβατον
932 553 1017 596 ὑπὸ
1047 556 1265 608 χειμῶνος.
1304 553 1506 596 ἐνθεῦτεν
1536 552 1582 596 δὲ
1611 550 1777 609 ὁρμεώ-

527 637 671 677 μενοι,
709 619 768 670 ὠς
798 619 958 676 ταύτην
987 621 1111 675 ἔσχον
1136 619 1479 675 κατεστρέφοντο
1500 620 1573 664 καὶ
1600 619 1678 675 τὴν
1709 619 1779 662 ἄλ-

203 836 237 854 ca
271 827 310 854 ad
350 826 476 853 Alexan-

203 861 300 888 dmm.

478 949 547 1002 ἓξή
552 967 670 991 κοντα
682 947 825 1001 φύλλα,
843 945 950 1005 ὀδμῇ
958 963 997 988 τε
1008 946 1132 1000 ὕπερ-

479 1009 650 1060 φέροντα
672 1010 753 1046 τῶν
774 1005 921 1056 ἄλλων]
961 1008 1017 1042 De
1037 1018 1131 1043 voce

479 1064 641 1104 ἕκαστον
660 1063 737 1101 vid.
757 1062 891 1101 Matth.
913 1064 977 1100 Gr.
997 1064 1063 1100 Gr.
1094 1063 1133 1107 ξ.

480 1124 574 1169 302,
596 1127 688 1170 not,
705 1122 769 1172 qui
795 1119 898 1156 idem
933 1122 969 1166 ᾗ.
992 1119 1084 1165 358,
1106 1121 1133 1158 2

475 1190 563 1228 pag.
585 1179 665 1217 672
697 1176 743 1213 de
763 1177 929 1226 genitivo
959 1176 1133 1212 consula-

476 1240 550 1279 tur,
576 1234 640 1285 qui
660 1234 774 1270 verbo
795 1230 1036 1284 ὑπερφέρειν
1057 1230 1131 1269 h.l.

477 1288 639 1327 additur.
662 1289 722 1326 Ad
739 1296 1006 1339 argumentum
1020 1300 1133 1339 prae-

477 1352 534 1382 ter
549 1345 804 1396 Theophrast.
825 1347 850 1382 l.
872 1346 898 1382 l.
914 1345 992 1382 vid.
1014 1346 1134 1395 potis-

475 1403 617 1439 simum
644 1401 785 1439 Athen.
813 1403 885 1438 XV
906 1415 941 1452 p.
970 1404 1048 1442 683
1070 1402 1131 1448 B.‚

476 1459 542 1495 ubi
562 1458 751 1495 Nicander
769 1471 1006 1508 sexagenum
1021 1457 1133 1494 folio-

475 1509 562 1551 rum
589 1528 691 1552 rosas
718 1517 757 1551 in
785 1516 928 1565 campis
946 1512 1132 1551 Emathiis

476 1572 579 1607 nasci
608 1573 720 1619 canit,
751 1573 920 1624 itemque.
949 1572 1050 1608 Plin.
1082 1572 1131 1609 H.

476 1628 524 1667 N.
546 1629 652 1675 XXI,
674 1627 699 1667 4
718 1641 748 1664 s.
771 1631 832 1668 10.
888 1629 931 1664 In
952 1627 1134 1678 proximis

476 1684 624 1720 verbis:
657 1683 698 1721 ἐν
724 1680 898 1722 τούτοισι
927 1684 994 1722 καὶ
1023 1682 1047 1722 ὁ
1067 1686 1135 1721 Σι-

476 1736 597 1789 ληνός
614 1742 715 1778 τοῖσι
735 1734 900 1788 κήποισι
921 1751 1133 1789 pronomen

479 1794 817 1832 demonstrativum
837 1807 858 1830 a
873 1808 940 1831 suo
961 1796 1137 1831 substan-

478 1853 556 1888 tivo
577 1852 720 1902 aliquot
751 1852 905 1888 vocibus
934 1852 1135 1887 interiectis

480 1906 700 1944 distractum
721 1908 893 1944 observat
909 1908 1042 1958 Flugel
1056 1908 1135 1944 Ob-

479 1977 602 2000 servv.
626 1965 665 1999 in
686 1962 878 2000 Plutarch.
892 1963 1074 2001 Phocion.
1095 1977 1134 2014 p·

481 2022 520 2060 6,
543 2023 583 2069 7,
603 2020 667 2057 ubi
687 2019 763 2058 vid.
784 2021 904 2070 plura,

535 2097 765 2149 Βέρμιον-
781 2095 931 2149 ἄβατον
950 2094 1030 2137 ὑπὸ
1062 2112 1137 2148 χει-

479 2152 642 2206 μῶνος]
695 2156 865 2192 Koenius
899 2155 974 2205 legi
1004 2155 1138 2191 maluit

477 2206 560 2250 ὖπό
587 2206 736 2261 χιόνος.
792 2211 876 2257 Quo
908 2217 1007 2248 certe
1036 2209 1139 2247 haud

481 2279 589 2317 opus.
645 2268 743 2303 Nam
787 2268 1010 2318 intelligitur
1041 2280 1137 2304 mons

481 2325 680 2360 inaccessus
698 2328 840 2374 propter
859 2326 950 2362 aeris
975 2326 1139 2374 intempe-

481 2381 575 2416 riem.
609 2380 719 2417 Conf.
746 2381 810 2427 IV,
833 2383 900 2421 62.
930 2381 1035 2416 valla
1051 2378 1138 2416 red-

484 2434 651 2472 diderat:
677 2449 740 2486 per
761 2436 908 2487 hyemem
930 2437 1138 2484 inaccessus,

485 2504 600 2543 quem
609 2499 757 2529 secutus
772 2490 983 2528 Larcherus
1003 2494 1135 2529 vertit:

485 2549 709 2586 inaccessibile
731 2561 771 2586 en
790 2549 893 2586 biver.
906 2550 1037 2598 Lange
1053 2561 1137 2586 ver-

488 2605 644 2642 nacule:
676 2605 735 2642 der
755 2605 864 2642 Kame
888 2617 1018 2653 wegen.
1075 2603 1138 2641 Ad

485 2672 596 2696 nsum
616 2663 898 2712 praepositionis
918 2657 999 2700 ’ὑπό
1021 2661 1061 2697 in
1084 2668 1138 2698 ta-

485 2714 581 2751 libus
594 2717 746 2766 facium,
768 2731 865 2769 quae
886 2715 934 2754 ad
947 2716 1138 2754 Plutarch.

486 2769 725 2822 Philopoem.
754 2787 792 2824 p.
817 2777 867 2813 1O
887 2774 1004 2811 attuli.
1062 2773 1140 2822 Sic,

487 2833 528 2865 ut
547 2826 620 2865 hoc
640 2829 926 2875 unumaddam,
946 2828 1141 2871 Plutarch.

993 686 1091 730 ’Λπό
1132 686 1291 731 τούτου
1329 686 1381 743 δή
1421 691 1502 730 τοῦ
1533 688 1836 741 Περδίκκεω35

532 754 803 811 Ἀλέξανδρος
825 751 904 799 ὧδε
933 753 1136 810 ἐγεγόνεε.
1169 752 1382 811 Ἀμύντεω
1400 760 1500 808 παῖς
1528 750 1582 812 ἦν
1600 754 1782 806 Ἀλέξαν-

1185 947 1326 986 Pericl.
1348 951 1399 989 16
1421 944 1622 996 οἷνοὶλωτος
1641 942 1726 989 ‘tino¹
1744 963 1840 1000 χρη-

1188 1004 1336 1055 μάτων.
1368 1002 1514 1056 ἄβατος
1542 1005 1645 1043 haud
1674 1007 1781 1043 aliter
1800 1006 1841 1041 iu

1186 1062 1287 1101 Plut.
1308 1063 1415 1099 Arat.
1435 1062 1461 1104 5
1491 1064 1556 1100 fin.
1585 1064 1680 1100 Mar.
1701 1064 1753 1103 39
1774 1062 1841 1098 fin.

1189 1118 1296 1170 Sylla
1324 1121 1379 1159 22
1408 1118 1486 1167 sm„
1516 1120 1581 1155 ubi
1600 1116 1678 1158 ὑπὸ
1705 1117 1842 1157 eodem

1189 1174 1306 1211 modo
1335 1173 1496 1212 additur.
1537 1175 1699 1212 Bermiue
1719 1187 1843 1223 mons,

1189 1244 1265 1283 quo
1285 1238 1457 1268 montem
1493 1230 1656 1268 Burnum
1687 1232 1745 1280 (in
1766 1242 1842 1282 quo

1188 1289 1346 1324 nomine
1377 1287 1539 1325 eandem
1564 1289 1715 1324 subesse
1744 1286 1844 1323 radi-

1188 1357 1273 1381 cem
1301 1344 1383 1381 vult
1403 1344 1445 1383 C.
1469 1346 1512 1389 Ο.
1543 1345 1691 1381 Miiller.
1719 1343 1844 1380 Ueber

1189 1399 1227 1439 d.
1259 1399 1415 1437 Maked.
1448 1413 1487 1451 p.
1519 1401 1600 1450 62)
1631 1399 1846 1437 continuari

1189 1456 1341 1504 dicunt,
1371 1457 1470 1494 inter
1507 1455 1672 1508 Lydiam
1702 1463 1740 1493 et
1768 1457 1846 1492 Ha-

1187 1514 1417 1550 liacmonem
1440 1520 1587 1564 praeter
1606 1513 1719 1550 maris
1738 1524 1846 1549 oram

1189 1569 1407 1606 extenditur
1435 1570 1474 1606 in
1505 1568 1751 1607 Macedoniae
1779 1581 1846 1605 re-

1189 1627 1364 1677 gionibus
1384 1626 1632 1674 inferioribus,
1653 1627 1695 1663 iu
1711 1625 1846 1676 quibus

1191 1683 1327 1719 Beroea
1343 1683 1434 1719 olim
1454 1684 1520 1719 sita
1541 1683 1633 1729 fuit,
1663 1684 1724 1719 cui
1743 1693 1846 1717 nuno

1191 1751 1334 1774 nomen
1383 1738 1484 1776 Veria
1518 1751 1548 1775 s-
1583 1739 1686 1775 Isara
1730 1737 1847 1774 Veria.

1191 1793 1277 1832 Vid.
1302 1794 1343 1831 C.
1367 1794 1410 1830 Ο.
1430 1794 1576 1831 Miiller.
1600 1794 1626 1830 l.
1648 1794 1671 1832 l.
1692 1807 1730 1844 Ρ.
1752 1796 1790 1833 6.
1807 1797 1847 1840 7,

1194 1862 1270 1902 quo
1292 1849 1427 1887 eodem
1448 1857 1601 1886 auctore
1620 1864 1659 1901 p.
1686 1849 1752 1889 24.
1781 1849 1847 1896 25,

1192 1908 1290 1943 circa
1310 1905 1409 1942 hanc
1429 1907 1616 1942 Beroeam
1647 1905 1753 1941 fuere
1772 1906 1849 1940 Mi-

1193 1961 1264 1999 dae
1282 1961 1380 1999 horti
1400 1964 1439 1998 in
1460 1970 1591 1999 monte
1612 1962 1766 1998 Bermio
1787 1961 1850 1997 iu-

1190 2026 1249 2056 tra
1276 2018 1440 2070 Lydiam
1474 2026 1587 2070 atque
1628 2018 1850 2055 Haliacmo-

1192 2088 1297 2123 nem,
1328 2076 1367 2111 in
1403 2088 1447 2112 ea
1475 2077 1591 2125 igitur
1611 2073 1848 2122 Macedonia,

1194 2145 1292 2184 quae
1316 2133 1466 2183 proprIa
1496 2133 1566 2169 suit
1585 2145 1628 2168 ac
1646 2131 1849 2182 primitiva,

1196 2188 1243 2226 de
1274 2188 1350 2241 quit
1379 2188 1458 2225 dixi
1488 2187 1536 2224 ad
1560 2189 1638 2234 Vll,
1662 2189 1752 2227 127.
1791 2188 1849 2223 De

1195 2244 1341 2282 Beroea
1369 2257 1411 2281 ac
1445 2245 1600 2294 regione
1630 2242 1755 2280 vicina
1775 2256 1850 2279 nu-

1192 2315 1260 2352 per
1279 2302 1392 2337 etiam
1413 2301 1620 2337 accuratius
1650 2300 1725 2349 egit
1746 2299 1851 2336 Cou-

1192 2357 1319 2408 sinery
1363 2357 1509 2408 Voyag.
1545 2370 1593 2393 eu
1644 2354 1795 2394 Maced.
1832 2356 1851 2393 1

1193 2427 1276 2465 cap.
1291 2416 1330 2454 3.

1350 2513 1443 2566 cap.
1465 2514 1681 2553 CXXXIX.

1245 2598 1502 2655 Ἀλέξανδρος
1539 2596 1616 2643 οἶδε
1653 2599 1846 2656 ἐγεγόνεε]

1194 2659 1306 2698 Redit
1323 2655 1400 2699 ὦδε
1428 2662 1467 2696 iu
1488 2661 1563 2695 fine
1583 2661 1724 2710 capitis.
1785 2661 1850 2696 Tu

1195 2717 1272 2756 vid.
1302 2715 1435 2757 Matth.
1457 2717 1523 2754 Gr.
1545 2715 1611 2752 Gr.
1642 2717 1678 2761 §.
1710 2715 1803 2765 470,
1825 2718 1848 2757 1

1196 2781 1277 2811 not.
1307 2787 1344 2824 p.
1376 2775 1453 2814 871
1485 2778 1521 2808 et
1548 2769 1596 2807 de
1625 2779 1849 2822 argumento

1197 2830 1299 2869 cons.
1325 2832 1418 2867 nott.
1440 2825 1488 2864 ad
1522 2827 1619 2878 vul,
1645 2831 1736 2869 137.
1787 2826 1849 2866 Ad
