1996 3238
603 130 945 170 URANIA.
1005 133 1131 170 VIII.

225 247 347 292 ,,σων
385 236 694 293 ’τραπομένους
706 270 718 290 ,

1408 135 1492 175 149

793 239 867 282 καὶ
907 236 1215 293 ἐπιδιώξαντας
1250 242 1329 293 τοὶς
1367 245 1488 298 νῆας,

224 305 414 359 ,,πλωέιν
442 306 572 357 ἰθέως
601 306 669 349 ἐπὶ
699 307 778 349 τὸν
802 305 1140 363 Ἑλλήσποντον,
1171 309 1387 361 λύσοντας
1415 310 1492 361 τοὶς
1505 318 1550 351 20

196 372 497 430 4,,γεφύρας.“
562 373 848 430 Εὐρυβιάδης
890 375 936 418 δὲ
984 375 1064 430 τὴν
1118 378 1318 434 ἐναντίην
1354 377 1492 435 ταύτῃ

221 441 400 497 γνώμην
446 440 629 496 ἐτίθετο,
671 443 831 498 λέγων,
864 442 923 494 ὦς
973 445 1038 495 „sl
1075 444 1259 490 λύσουσι
1289 444 1365 496 τὰς
1405 458 1492 502 σχε-

221 510 370 562 ,,δίας,
415 507 530 553 τοῦτ’
561 509 616 554 ἂν
645 509 848 566 μέγιστον
876 509 1054 554 πάντων
1085 517 1209 567 σφεῖς
1238 513 1378 556 κακὸν
1407 514 1488 570 τὴν

191 575 429 630 5,,Ἑλλοῖδα
449 576 721 632 ἐργάσαιντο.
779 580 816 622 εἰ
837 577 921 634 γὰρ
952 576 1260 635 ἀναγκασθείη,
1295 579 1488 634 οἷπολαμ-

216 645 374 700 ,,φθεὶς
404 644 428 689 ὁ
459 645 631 702 Πέρσης
661 647 805 703 μένειν
826 647 874 690 έν
897 651 951 704 τῇ
980 647 1189 704 Εὐρώπῃ,
1221 651 1408 704 πειρῷτο
1435 648 1545 692 ἄν25

216 711 429 770 ,,ἡσυχίην
449 713 507 770 μὴ
540 714 685 770 ἄγειν·
717 713 776 767 ὦς
807 714 957 770 ἄγοντι
986 715 1066 771 μέν
1098 717 1142 759 οἱ
1157 713 1352 771 ἡσυχίην,
1387 716 1487 761 οὔτε

213 799 284 834 ,,τι
303 782 570 838 προχωρέειν
611 781 706 827 οἷόν
735 800 780 827 τε
809 784 927 827 ἔσται
960 786 1048 826 τῶν
1077 782 1355 839 πρηγμάτων,
1386 784 1487 829 οὔτε

213 865 306 900 „ug
334 850 491 906 κομιδή
519 851 568 895 τό
600 850 737 896 ὀπίσω
767 851 1016 907 φανήσεται,
1048 856 1157 909 λιμῷ
1178 853 1223 896 τέ
1245 852 1332 908 οῑὴ
1356 864 1483 908 στρα-

185 916 313 973 6,,τιὴ
343 919 668 974 διαφθαρέεται.
701 921 977 976 ἐπιχειρέοντι
1009 920 1054 964 δὲ
1095 918 1216 977 αὐτῷ
1245 921 1316 963 καὶ
1350 921 1482 976 ἔργου

212 984 440 1045 ,,έχομε’νῳ,
469 987 610 1031 πάντα
639 988 692 1031 τοὶ
722 987 832 1031 κατὰ
861 987 942 1044 τήν
966 986 1187 1044 Εὐρώπην
1209 985 1281 1031 οἷοί
1302 1004 1344 1032 τε
1365 989 1541 1033 ἔσταιδο

211 1059 548 1112 ,,προσχωρῆσαι
571 1053 692 1100 nocto?
712 1055 869 1108 πόλιάς
897 1072 942 1100 τε
971 1057 1045 1100 καὶ
1074 1055 1184 1101 κατὰ
1209 1056 1355 1112 ἔθνεα,
1385 1055 1484 1114 ἤτοι

150 1261 227 1309 ΠΙ,
263 1263 355 1303 160.
393 1260 503 1300 Idem
522 1262 603 1300 fere
641 1276 736 1301 mox
765 1264 819 1301 si-

150 1318 307 1368 gnificat
328 1316 494 1371 γνώμην
519 1321 734 1360 τίθεσθαιε
770 1321 818 1358 de

151 1387 230 1427 quo
264 1375 341 1413 vid.
382 1377 494 1414 allata
530 1376 578 1414 ad
618 1378 709 1426 VII,
747 1380 814 1418 82.

150 1430 267 1483 Apud
278 1432 471 1470 Plutarch.
485 1433 738 1472 Themistocl.
764 1438 814 1475 16

151 1496 274 1526 exstat
311 1487 477 1542 γνώμην
503 1495 723 1530 ποιεῖσθαι.
750 1491 814 1528 Ad

148 1545 272 1596 ipsam
293 1553 422 1583 autem
448 1561 531 1584 rem
550 1548 639 1584 facit
659 1549 813 1585 uberior

147 1602 345 1640 Plutarchi
365 1606 531 1641 narratio
559 1605 599 1641 in
620 1603 812 1642 Themist.

150 1661 216 1700 16.
254 1660 409 1700 Aristid.
445 1663 490 1706 9,
520 1662 586 1697 ubi
607 1661 813 1699 Aristidem

146 1715 233 1753 loco
257 1716 484 1770 Eurybiadis
505 1719 682 1769 appellat.
732 1719 814 1756 Vo-

147 1785 210 1810 ces
229 1770 366 1825 νήσων
386 1782 423 1812 et
443 1777 650 1825 νησιωτῶν
664 1775 711 1812 de
733 1776 814 1827 Cy-

148 1829 318 1868 cladibus
354 1832 548 1882 intelligo,
586 1839 628 1869 ut
661 1833 714 1880 V,
745 1835 812 1873 30.

147 1885 241 1935 Vll,
268 1886 342 1936 95,
364 1889 432 1925 ubi
451 1888 527 1926 vid.
548 1895 643 1926 nott.
686 1890 812 1926 verbo

147 1939 298 1982 πλώειν
327 1951 364 1982 et
384 1943 422 1982 h.
439 1945 466 1982 l.
499 1953 535 1982 et
556 1959 637 1996 cap.
661 1948 739 1985 109
761 1947 812 1983 ita

147 2000 266 2036 utitur
291 2001 448 2049 Noster,
488 2003 553 2038 ubi
589 2003 650 2038 ani
681 2001 813 2040 dicunt

148 2051 383 2105 ἀναπλέειν,
426 2065 583 2095 notante
628 2059 808 2098 Sintenis.

147 2111 196 2149 ad
226 2113 421 2156 Plutarch,
457 2113 710 2154 Themistocl.
759 2118 810 2156 16

144 2182 233 2220 pag.
260 2172 352 2210 108.

201 2221 318 2265 τοῦτ’
348 2222 400 2265 ὀὲν
429 2224 612 2279 μέγιστον
646 2223 810 2265 πάντων

146 2286 264 2332 σφεῖς
281 2280 400 2323 κακὸν
420 2280 495 2335 τήν
508 2280 677 2323 Ἑλλάδα
693 2279 810 2336 ε’ργοὲ-

146 2340 357 2388 σαιντο]Ιῒθ
381 2354 471 2377 cum
490 2348 649 2378 recentt.
665 2342 809 2391 scripsi,

144 2394 258 2435 codd.
276 2396 386 2433 valde
406 2397 687 2446 fluctuantibus,
710 2411 811 2449 quo-

143 2465 230 2489 rum
241 2453 396 2503 plurimi
409 2455 614 2503 σφι(υυίυ3
631 2456 714 2492 loco
732 2454 808 2491 duo

145 2507 286 2561 σφέας)
329 2517 365 2547 et
388 2513 523 2550 κακῶν
563 2524 631 2562 pro
685 2508 808 2550 κακὸν

144 2566 315 2618 itemque
342 2563 550 2617 ἐργάσαιτο
565 2597 574 2615 ,
622 2568 687 2604 ubi
708 2581 806 2606 uuus

145 2622 337 2660 Sancrosti
358 2624 474 2671 liber,
506 2631 694 2676 quantum
713 2626 805 2673 scio,

144 2679 246 2716 clare
265 2680 422 2731 praebet
451 2678 696 2734 ἐργάσαιντο.
734 2683 808 2719 Et-

146 2736 249 2773 enim
285 2750 417 2775 sensus
456 2745 534 2775 est:
577 2740 726 2789 seipsos
745 2738 806 2776 hoc

874 1266 1066 1302 maximum
1108 1266 1257 1301 omnium
1295 1264 1428 1301 malum
1479 1261 1536 1316 (s.

872 1320 1093 1372 malorum)
1153 1321 1326 1358 Graeciae
1373 1321 1538 1358 illaturos

872 1390 965 1425 esse,
1001 1378 1067 1414 ubi
1110 1381 1225 1426 σφεῖς
1260 1391 1350 1414 cum
1380 1379 1418 1414 vi
1440 1391 1537 1429 qua-

872 1433 962 1471 dam
982 1436 1148 1485 positum
1163 1433 1314 1472 videtur
1327 1447 1395 1485 pro
1410 1431 1537 1482 αὐτοὶ,

870 1498 912 1528 ut
933 1493 1024 1539 VII,
1060 1493 1152 1532 168.
1185 1512 1242 1519 —
1288 1490 1345 1528 Ad
1373 1492 1536 1528 verbum

870 1543 1155 1599 ἀπολαμφθεὶς
1185 1548 1366 1593 (exclusus
1377 1562 1390 1593 ‚·
1422 1549 1536 1586 inter-

869 1608 1007 1655 ceptus)
1035 1603 1110 1641 vid.
1143 1604 1252 1641 allata
1275 1604 1323 1641 ad
1343 1605 1449 1652 VIII,
1484 1607 1529 1644 11

870 1668 907 1698 et
927 1660 975 1698 de
1003 1662 1196 1698 locutione
1224 1658 1393 1712 ἡσυχίην
1423 1658 1534 1713 ἄγειν

869 1719 951 1765 VII,
979 1721 1042 1759 11.
1081 1719 1139 1754 De
1160 1719 1353 1769 partioulis
1376 1714 1533 1757 οὕτε-

870 1772 962 1817 οὕτε
978 1797 1033 1802 —
1049 1789 1089 1814 τε
1111 1774 1276 1812 diximus
1300 1774 1349 1812 ad
1369 1776 1420 1812 VI
1434 1805 1443 1823 ,
1468 1776 1534 1814 11.

925 1828 1083 1883 κομιδὴ]
1124 1833 1149 1871 i.
1166 1846 1198 1869 e.
1220 1833 1368 1878 reditus,
1393 1839 1435 1868 ut
1450 1831 1532 1879 VII,

871 1891 964 1929 170.
991 1888 1097 1936 VIII,
1132 1891 1194 1929 19.
1220 1892 1312 1929 120.
1342 1889 1411 1936 IX,
1442 1890 1533 1928 107.

869 1944 1104 1995 Schweigh„
1136 1947 1202 1997 qui
1221 1953 1333 1982 autea
1354 1946 1532 1982 coniece-

868 2008 926 2038 rat
947 2001 985 2049 ές
1009 1999 1053 2040 td
1077 1997 1206 2041 ὀπίσω
1226 2009 1291 2039 aut
1311 2001 1414 2038 nude
1443 1996 1530 2040 ὀπί-

869 2070 946 2106 σω,
1001 2060 1061 2106 (ut
1092 2059 1200 2105 VIII,
1237 2056 1355 2110 120),
1399 2064 1531 2108 postea

866 2115 1003 2151 merito
1015 2115 1201 2166 acquievit
1212 2115 1250 2149 iu
1261 2114 1428 2165 vulgatfi,
1441 2126 1532 2150 cum

866 2184 958 2208 sane
985 2184 1122 2222 parum
1150 2170 1298 2207 differat
1327 2168 1371 2211 τό
1401 2166 1530 2209 ὀπίσω

868 2235 905 2264 et
937 2223 1089 2275 ὀπίσω,
1127 2227 1232 2280 quod
1256 2241 1293 2264 v,
1325 2241 1357 2265 c.
1391 2228 1531 2278 legitur

865 2286 906 2332 Ι,
937 2287 1033 2325 207.
1054 2306 1110 2313 -
1149 2284 1212 2321 Ad
1246 2284 1411 2320 formam
1441 2285 1531 2323 δια-

869 2340 1088 2391 φθαρέεται
1114 2341 1191 2380 vid.
1213 2340 1347 2380 Matth.
1370 2342 1434 2380 Gr.
1456 2341 1524 2377 Gr.

869 2399 904 2443 ξ·
933 2400 1008 2438 173
1031 2411 1118 2449 pag.
1141 2400 1222 2439 317
1244 2398 1280 2443 ξ.
1317 2399 1417 2445 182,
1447 2403 1528 2434 not.

866 2458 893 2495 2
923 2468 1011 2505 pag.
1044 2457 1146 2503 3263
1181 2453 1229 2491 de
1248 2454 1440 2491 locutione
1469 2452 1528 2505 ἕρ-

864 2526 938 2562 γου
987 2510 1149 2562 ἔχεσθαι
1198 2509 1287 2550 vide
1337 2518 1436 2549 nott.
1475 2509 1525 2547 ad

864 2568 973 2611 VIII,
1008 2570 1074 2608 11.

922 2619 988 2663 οἷά
1025 2637 1065 2663 τε
1103 2621 1210 2662 ἔσται
1239 2623 1525 2676 προσχωρῆσαι

862 2695 898 2719 κ.
919 2696 949 2720 τ.
975 2681 1031 2729 L}
1062 2680 1162 2716 Fieri
1193 2692 1302 2730 posse
1330 2681 1382 2717 ait
1407 2681 1523 2726 Laco,

861 2744 903 2774 ut
945 2749 1079 2774 omnes
1113 2737 1281 2775 civitates
1315 2743 1525 2790 gentesque
