1879 3222
256 201 340 242 434
565 246 567 249 Ι
806 198 1184 239 COMMENTATIO

255 320 293 351 et
310 313 449 363 librum
467 307 651 348 Herodoti
669 309 882 348 secundum
900 323 977 348 una
997 324 1086 349 cum
1104 311 1201 349 tertii
1221 318 1326 363 parte
1346 318 1383 349 et
1403 311 1622 363 fragmentis
1642 312 1729 365 qui-

254 369 415 408 busdam
447 382 468 404 e
497 368 648 419 reliquis
668 368 769 404 libris
790 369 1031 418 Wesselingii
1063 370 1298 418 potissimum
1319 383 1339 405 e
1357 370 1576 406 recensione
1604 371 1729 406 conti-

252 433 356 473 nent,
386 424 515 462 Daniel
540 423 767 474 Wyttenbach
788 426 827 461 in
849 424 987 462 Selecta
1005 425 1211 474 Principum
1229 425 1506 473 Historicorum,
1535 437 1633 477 quae
1665 426 1730 462 lu-

252 495 337 519 cem
355 480 531 519 viderunt
558 493 658 517 anno
682 479 786 520 1794
809 487 845 518 et
869 483 988 530 1808,
1020 479 1142 520 Fsiclr.
1163 481 1297 519 Jacobs.
1329 483 1369 518 in
1397 483 1533 531 Attica,
1565 493 1730 534 quorum

250 546 355 576 sexta
377 537 491 575 editio
507 536 648 587 prodiit
674 538 787 573 lenae
809 539 927 579 1830.

360 595 475 631 Novis
509 593 685 631 codicum
716 593 910 640 subsidiis,
945 591 992 629 de
1016 592 1151 642 quibus
1181 591 1344 630 diximus
1371 595 1409 639 ξ.
1435 596 1497 640 17,
1526 594 1728 631 instructus

251 650 607 700 Schweighaeuserus
645 649 851 687 editionem
901 650 1078 695 instituit,
1144 660 1241 699 quae
1289 652 1394 690 1806
1435 650 1555 686 forma
1594 656 1728 687 octava

247 707 386 758 prodiit
405 707 648 757 Argentorati
671 713 708 743 et
728 707 895 742 Parisiis:
927 703 1137 751 „Herodoti
1156 705 1286 741 Musae
1305 706 1383 742 sive
1410 707 1658 743 Historiarum
1679 707 1728 742 li-

246 765 305 801 bri
324 765 381 800 IX
409 762 458 800 ad
475 770 646 800 veterum
668 762 842 799 codicum
865 760 980 796 fideln
1004 759 1130 796 denuo
1151 761 1337 797 recensuit
1362 762 1529 799 lectionis
1549 763 1728 799 varietate

245 821 426 865 continua
441 820 747 870 interpretatione
768 819 900 853 Latina
920 816 1222 853 adnotationibus
1241 818 1487 867 Wesselingii
1506 825 1542 855 et
1562 817 1728 855 Valcke-

243 877 363 914 naerii
394 877 631 926 aliorumque
661 881 698 911 et
723 875 798 910 suis
828 874 1024 910 illustravit
1053 873 1231 912 Iohannes
1261 873 1608 922 Schwez'gltaeuserus
1628 875 1728 912 etc.“

242 934 295 971 VI
311 933 460 971 VolLin
483 935 532 971 12
554 933 673 967 Partt.
688 931 877 967 Accessit:
900 929 1082 978 „Lexicon
1095 929 1337 977 Ηθνοιῖοίειιιη,
1359 943 1435 981 quo
1447 937 1482 967 et
1500 930 1588 981 styli
1603 931 1728 967 Hero-

242 988 344 1026 dotei
372 989 546 1025 universa
573 988 667 1024 ratio
697 987 892 1024 enucleate
921 987 1129 1037 explicatur
1159 993 1195 1022 et
1216 999 1331 1038 quam
1351 987 1504 1036 plurimi
1532 987 1728 1023 Musarum

241 1046 316 1082 loci
337 1058 385 1081 ex
406 1043 572 1095 professo
592 1045 825 1080 illustrantur
839 1043 977 1094 passim
998 1043 1112 1079 etiam
1130 1044 1267 1092 partim
1294 1044 1439 1079 Graeca
1456 1044 1568 1080 lectio
1589 1043 1728 1093 partim

240 1102 362 1140 versio
377 1102 627 1152 Latina‚'quas
639 1099 749 1137 offert
761 1100 1087 1150 Argentoratensis
1097 1098 1209 1136 editio
1226 1100 1286 1136 vel
1297 1099 1508 1136 vindicatur
1521 1099 1582 1137 vel
1593 1112 1728 1136 emen-

241 1156 363 1195 datur.
421 1158 604 1194 Instruxit
623 1155 811 1193 Iohannes
834 1155 1213 1206 Schweighaeuser.“
1258 1157 1501 1205 Argentorati
1521 1162 1558 1192 et
1575 1156 1727 1192 Parisiis

243 1213 362 1254 1824.
389 1215 425 1250 Il
457 1214 540 1250 Vol.
573 1215 612 1254 8.
668 1215 750 1250 Hac
780 1214 820 1249 in
851 1211 1016 1249 editione
1047 1211 1138 1263 quid
1171 1213 1393 1262 praestiterit
1423 1214 1480 1250 vir
1499 1211 1724 1263 praeclarus,

238 1271 434 1306 neminem
461 1270 577 1320 sugit,
622 1270 689 1321 qui
709 1268 758 1306 ad
786 1268 1026 1306 Herodotum
1046 1269 1122 1305 ullo
1151 1267 1267 1305 modo
1289 1270 1496 1305 accesserit.
1552 1269 1726 1305 Textum

236 1326 391 1364 infinitis
410 1327 500 1363 locis
516 1324 650 1363 melius
667 1326 876 1374 constituit,
911 1326 1050 1361 eximie
1071 1324 1219 1362 adiutus
1240 1326 1372 1375 optimi
1391 1325 1599 1362 Florentini
1618 1323 1725 1361 codi-

236 1383 289 1420 cis
309 1396 401 1433 ope3
430 1384 647 1420 versionem
660 1384 836 1419 Latinam
857 1383 978 1419 textui
998 1383 1207 1419 subiectam
1229 1380 1274 1417 de
1296 1382 1442 1431 integro
1462 1382 1541 1417 fere
1561 1381 1724 1428 refinxit,

236 1445 279 1476 ut
307 1452 420 1490 supra
435 1440 511 1475 iam
533 1441 802 1486 enarravimus,
824 1440 1015 1476 variarum
1035 1439 1242 1474 lectionum
1264 1439 1414 1487 copiam
1430 1436 1629 1487 diligenter
1644 1437 1726 1473 col-

234 1496 372 1532 lectam
397 1494 533 1532 adiecit
553 1525 563 1545 ‚
586 1497 848 1533 annotationes
874 1495 1119 1544 Wesselingii
1141 1501 1178 1530 et
1197 1492 1460 1530 Valckenaerii
1479 1494 1643 1544 integras
1663 1505 1726 1528 re-

234 1553 342 1602 petiit
371 1565 533 1604 suasque
566 1551 738 1589 addidit:
781 1553 910 1588 Iacobi
944 1552 1127 1588 Gronovii
1155 1557 1262 1587 notas
1284 1549 1388 1602 quod
1410 1551 1557 1596 omisit,
1587 1549 1724 1586 merito

235 1607 457 1647 dolendum.
516 1609 637 1659 Typis
653 1609 811 1658 repetita
831 1607 925 1644 haec
947 1607 1060 1644 editio
1083 1607 1201 1642 fertur
1223 1606 1390 1643 Londini
1419 1606 1520 1656 apud
1540 1606 1722 1655 Priestley

236 1665 343 1704 1818
358 1677 426 1700 sex
444 1664 557 1711 Voll.‚
589 1663 716 1700 addita
736 1662 969 1713 geographia
989 1662 1225 1709 Herodotea‚
1262 1663 1416 1698 Aemilii
1447 1662 1551 1698 Porti
1579 1661 1722 1697 Lexico

233 1720 375 1768 lonico,
398 1720 524 1757 tabula
544 1717 725 1756 Larcheri
745 1718 1034 1768 chronologica,
1071 1719 1150 1753 aliis
1167 1746 1177 1765 ,
1210 1730 1306 1768 quae
1338 1717 1385 1754 ad
1418 1716 1654 1754 Herodotum
1673 1717 1723 1752 il-

232 1774 471 1812 lustrandum
509 1777 712 1827 pertinent.
790 1774 886 1811 Mihi
923 1774 1022 1811 haim
1058 1773 1265 1810 editionem
1325 1774 1510 1824 inspicere
1546 1772 1722 1810 nondum

230 1832 352 1869 licuit.

358 1888 449 1925 Post
487 1885 895 1937 Schweighaeuserum
929 1898 1070 1923 novam
1107 1883 1291 1921 Herodoti
1332 1882 1539 1920 editionem
1577 1883 1723 1934 paravit

233 1943 489 1992 Gaissordius‚
526 1957 622 1996 quae
654 1942 793 1994 prodiit
820 1943 989 1979 Oxoniae
1020 1940 1125 1982 1824
1156 1948 1192 1977 et
1222 1942 1261 1977 in
1283 1941 1489 1977 Germania
1512 1953 1644 1977 recusa
1667 1947 1723 1978 est

231 2001 381 2051 Lipsiae
404 1999 509 2041 1824
538 2012 666 2052 seqq.:
716 1998 928 2046 „Herodoti
955 1998 1229 2034 Halicarnassei
1257 1997 1509 2034 Historiarum
1536 1997 1622 2033 libri
1650 1997 1722 2034 lx.

231 2057 441 2105 „codicem
472 2057 663 2094 Sancrofti
681 2056 979 2106 Manuscriptum
1012 2053 1138 2091 denuo
1166 2055 1325 2091 contulit
1354 2065 1505 2090 necnon
1535 2053 1721 2104 reliquam

230 2114 428 2160 „lectionis
448 2114 669 2152 varietatem
691 2111 930 2150 commodius
956 2111 1108 2162 digessit
1135 2109 1308 2148 Thomas
1329 2108 1542 2158 Gaissord,“
1572 2108 1721 2148 duobus

231 2170 330 2209 Voll.
368 2171 446 2207 sive
481 2177 643 2222 quatuor
671 2170 830 2217 Tomis3
860 2170 962 2219 prius
990 2169 1180 2206 Volumen
1208 2168 1322 2205 verba
1357 2167 1502 2203 Graeca
1540 2165 1721 2216 continet,

231 2227 369 2277 quibus
389 2227 558 2264 lectionis
578 2226 736 2265 varietas
753 2226 1029 2262 accuratissime
1041 2224 1183 2274 digesta
1195 2224 1412 2270 subiicitur3
1443 2223 1626 2273 posterius
1645 2234 1720 2258 no-

231 2289 286 2319 tas
316 2284 584 2334 Wesselingii‚
632 2281 916 2327 Valckenaerii‚
950 2279 1316 2330 Schweighaeuseri‚
1348 2292 1424 2316 non
1446 2278 1602 2330 quidem
1622 2279 1719 2315 inte-

231 2351 327 2387 gras,
359 2339 425 2376 sed
447 2340 596 2377 resectis
616 2339 683 2385 iis,
723 2352 820 2390 qnae
841 2339 985 2374 nnllam
1006 2336 1130 2374 adhuc
1151 2343 1339 2386 praestare
1368 2334 1546 2373 videntur
1575 2335 1718 2372 utilita-

231 2401 322 2436 tem.
355 2392 401 2446 ᾗ)
456 2398 502 2433 In
521 2402 628 2434 textu
648 2393 912 2432 constituendo
934 2393 1125 2432 Sancrofti
1153 2392 1284 2431 codIce
1310 2392 1451 2429 eximio
1470 2392 1584 2429 Illum
1606 2389 1716 2428 adiu-

321 2615 353 2659 *)
379 2616 416 2649 ln
442 2617 493 2650 his
515 2617 611 2663 ponit
635 2616 808 2652 Gaissord.
833 2627 993 2651 censuras
1025 2614 1179 2650 editionis
1210 2626 1230 2649 a
1253 2614 1320 2649 lac.
1345 2611 1519 2648 Gronovio
1551 2621 1715 2654 procura-

231 2663 311 2701 tae,
344 2662 498 2695 vitiorum
523 2663 811 2707 interpretationis
842 2663 983 2697 Latinae
1008 2674 1028 2696 a
1061 2661 1243 2696 Laurentio
1283 2660 1377 2693 Valla
1411 2657 1583 2692 confectae
1607 2667 1713 2697 emon,

229 2707 422 2740 dationem:
451 2708 618 2742 variarum
642 2709 821 2743 lectionum
847 2709 1072 2747 verbosiorem
1096 2718 1194 2752 qnam
1219 2717 1281 2751 par
1305 2704 1407 2739 suerit
1430 2702 1716 2736 commemoratio-

229 2763 315 2785 nem·
361 2752 449 2794 „His
474 2753 625 2797 aliisque,
651 2755 764 2799 pergit
788 2755 975 2797 Gaissord.,
1001 2754 1147 2787 eiusdem
1173 2751 1305 2795 generis
1327 2749 1490 2788 sublatis,
1522 2747 1572 2781 ita
1596 2752 1634 2780 ut
1655 2758 1715 2781 ea-

229 2809 329 2840 „rum
351 2797 670 2832 animadversionum
690 2812 771 2844 pars
788 2801 924 2835 circiter
947 2805 1069 2845 quarta
1092 2798 1274 2839 deleretur,
1296 2793 1430 2830 servavi
1449 2793 1566 2828 illaesa
1588 2792 1712 2828 omnia-

558 2863 595 2878 Ἡι

560 2882 580 2895 Ἰ
