1996 3238
447 242 503 283 62

446 347 683 407 γεγονότες.

848 239 1303 277 HERODOTI

745 347 931 402 Στυρέες
969 348 1014 392 δὲ
1044 348 1120 399 τὰς
1151 347 1286 399 αὐτάς
1315 349 1568 404 παρείχοντο
1597 350 1706 404 νῆας

447 416 523 466 τὰς
551 415 624 458 καὶ
653 413 715 458 ἐπ’
743 413 1007 474 Ἀρτεμισίῳ·
1049 416 1241 460 Κύθνιοι
1269 416 1336 467 ὁὲ,
1375 419 1477 471 μίαν
1507 417 1578 460 καὶ
1607 425 1735 459 σεεν-1

450 482 736 540 τηκόντερον·
779 484 922 536 ἐόντες
962 483 1286 541 συναμφότεροι
1326 478 1448 526 οὗτοι
1478 483 1705 537 Δρύοπες·

448 551 522 594 καὶ
542 553 748 604 Σερίφιοί
775 569 819 596 τε
857 553 930 597 καὶ
960 556 1143 608 Σίφνιοι
1178 553 1250 596 καὶ
1291 552 1457 608 Μήλιοι
1486 551 1709 605 ἐστρατεύ-

450 631 576 662 οντο·
615 613 738 663 οὗτοι
774 620 858 676 γὰρ
890 619 970 663 οὐκ
1001 620 1158 663 ἔδοσαν
1187 621 1347 674 μοῦνοι
1374 620 1618 674 νησιωτέων
1647 623 1707 675 τῷ

323 689 389 735 4Ί
447 684 656 744 βαρβάρῳ
697 691 781 743 γῆν
819 704 862 730 τε
902 687 975 730 καὶ
1017 686 1152 741 ὕδωρ.

393 860 511 911 inque
531 856 727 895 eambaud
749 859 826 895 scio
843 871 891 895 an
906 859 1050 895 Atticos

394 917 739 967 iucolasAtticaque
750 917 916 952 instituta
928 922 1051 952 traus-

395 974 543 1020 tulerit,
573 974 645 1009 nisi
673 974 749 1007 iam
776 979 862 1009 ante
882 973 1052 1009 Pisistra-

393 1037 477 1066 tum
509 1036 550 1065 ut
579 1030 741 1080 reliquas
771 1028 965 1081 Cyclades,
1000 1031 1052 1066 ita

392 1087 546 1123 Naxum
565 1098 719 1137 quoque
745 1086 855 1123 Ioues
888 1088 1052 1123 tenuisse

393 1142 553 1194 putandi
574 1144 660 1179 sint.
701 1141 780 1180 Sed
801 1145 959 1180 certiora
980 1142 1052 1180 do-

393 1206 572 1236 cumenta
593 1198 740 1236 desunt.

454 1254 640 1308 Στυρέες]
661 1255 746 1292 vid.
767 1262 863 1294 nott.
886 1254 933 1292 ad
952 1256 1052 1303 VIII,

398 1317 437 1353 1.
468 1314 512 1349 Iu
524 1314 698 1363 proxime
708 1326 812 1364 seqq.
824 1313 1054 1361 Wesseling.

394 1376 497 1406 recte
519 1369 622 1405 dedit
643 1366 821 1408 Κύθνιοι
842 1382 863 1405 e
882 1370 985 1405 Plut.
1005 1370 1053 1406 II.

393 1439 435 1477 p.
461 1428 554 1466 863.
571 1427 637 1471 E„
668 1439 756 1462 cum
776 1426 892 1476 vulgo
913 1426 1054 1461 ferrent

395 1479 578 1522 Κύνθιοι
626 1483 686 1519 vel
708 1483 890 1521 Κίνθιοι.
942 1482 1053 1518 Cous.

394 1540 719 1586 Gesner.,Triller.
733 1546 768 1575 et
780 1540 872 1575 Abr.
884 1540 1053 1576 Gronov.

396 1595 445 1632 ad
470 1596 617 1632 Aeliau.
639 1598 686 1632 ΙΙ.
717 1596 763 1631 A.
793 1597 906 1642 XVI,
943 1598 995 1636 32
1018 1601 1054 1632 et

394 1651 644 1689 Demosthen.
676 1650 767 1702 περὶ
807 1647 966 1699 συντάξ.
1015 1665 1053 1702 p.

398 1711 490 1754 102,
513 1710 564 1749 52
588 1709 642 1759 [p.
667 1712 768 1755 176,
793 1711 843 1748 10
863 1709 930 1756 R.]
954 1708 1056 1744 unde

395 1766 639 1815 intelligitur,
661 1763 765 1801 haud
783 1766 913 1815 magui
942 1765 1055 1802 fuisse

394 1816 583 1858 momeilti
623 1821 805 1872 Cythuios
844 1835 966 1873 aeque
1012 1835 1054 1858 ac

396 1877 589 1928 Siphnios.
635 1880 722 1915 Alia
753 1879 832 1927 ipse
868 1879 975 1914 attuli
1006 1877 1055 1914 ad

393 1935 476 1982 Vll,
497 1937 562 1975 90.
587 1958 637 1963 -—-
659 1937 717 1971 De
737 1935 937 1984 Dryopibus
953 1934 1053 1971 conf.

395 1990 579 2030 Herodot.
601 1994 630 2038 l,
651 1992 830 2043 146ibiq.
848 1998 940 2030 nott.
954 1993 1054 2028 Pau-

401 2061 482 2085 san.
504 2048 573 2095 IV,
615 2047 668 2087 34
691 2049 727 2093 ξ.
751 2050 790 2088 6.

456 2103 521 2143 καὶ
533 2104 737 2154 Σερίφιοι]
752 2104 935 2153 Serz'plcus,
959 2117 1056 2155 quae

398 2160 496 2197 iuter
540 2159 723 2211 Cyclades
765 2161 902 2210 exigua
936 2161 1058 2197 insula

401 2216 611 2268 eademque
631 2230 764 2253 saxosa
784 2229 827 2253 ac
857 2217 987 2253 sterilis
1011 2216 1059 2254 ad

401 2286 577 2309 occasum
591 2272 726 2323 Siphni
745 2274 824 2320 sita,
844 2274 945 2309 mala
967 2274 1059 2310 olim

401 2330 596 2366 fruebatur
636 2330 912 2366 existimatione
961 2329 1056 2377 (vid.

400 2387 473 2436 W)
488 2385 676 2426 tteubacb.
691 2385 739 2422 ad
750 2384 941 2423 Plutarch.
959 2387 1055 2424 Mor.

401 2443 430 2480 Ι.
453 2446 490 2482 2.
513 2456 598 2493 pag.
624 2444 774 2492 1086),·
801 2443 852 2478 ita
872 2449 914 2478 ut
929 2443 988 2479 vel
1011 2443 1056 2478 ab

402 2500 581 2535 Romanis
603 2500 890 2549 imperatoribus
913 2499 1058 2535 exsules

403 2568 447 2591 eo
461 2557 798 2592 mitterenturteste
808 2556 942 2592 Tacito
955 2557 1059 2592 Anu.

405 2612 469 2658 lv,
492 2613 558 2650 31.
603 2614 713 2648 Nunc
734 2611 1058 2662 vocantSerplzno.

402 2666 488 2705 vid.
511 2669 697 2704 Mannert.
719 2669 804 2705 vm
832 2681 920 2718 pag.
963 2671 1058 2709 739.

402 2725 461 2762 De
485 2723 618 2774 Siphno
647 2727 779 2760 monui
809 2725 855 2761 ad
877 2726 948 2772 ΙΙΙ,
981 2725 1058 2769 57;

403 2781 468 2817 ubi
490 2793 584 2832 quae
618 2779 664 2817 de
704 2782 863 2817 metallis
885 2781 983 2828 dixi,
1016 2793 1059 2817 ea

404 2836 499 2874 mihi
519 2850 640 2889 nuper
660 2838 896 2875 confirmavit
918 2839 976 2876 vir
995 2837 1060 2875 Si-

1215 682 1350 730 Οὗτοι
1389 688 1467 744 μὲν
1517 688 1735 738 ἅπαντες5

1106 856 1266 908 plinius,
1293 859 1558 908 Provolegms,
1590 857 1663 896 hoc
1693 858 1763 895 ad-

1108 914 1222 962 dens,
1261 916 1415 951 metalla
1455 929 1631 952 exercere
1652 923 1763 952 autea

1107 984 1185 1008 nou
1201 972 1347 1009 licuisse
1361 973 1604 1022 perTurcas3
1629 973 1763 1024 quibus
1820 1014 1823 1015 ⁷

1107 1041 1210 1064 nuuc
1227 1029 1353 1079 pulsis,
1374 1042 1568 1079 speramus
1589 1030 1764 1080 aliquau-

1109 1083 1157 1121 do
1178 1086 1241 1121 illa
1259 1087 1508 1122 instauratum
1529 1087 1586 1122 iri.
1642 1085 1764 1122 Ellelus

1106 1143 1228 1178 insula
1245 1143 1390 1178 ambitu
1423 1143 1544 1178 maior
1575 1143 1764 1194 simulque

1107 1198 1293 1246 feracior,
1344 1212 1462 1250 quam
1495 1212 1597 1235 nunc
1626 1206 1765 1236 vocant

1112 1254 1217 1303 Milo,
1238 1256 1375 1292 Dorica
1396 1256 1488 1291 olim
1509 1255 1674 1292 habitata
1694 1256 1766 1292 fuit

1112 1324 1133 1347 a
1154 1319 1280 1361 gente,
1303 1325 1400 1363 quae
1421 1311 1509 1348 iude
1527 1314 1642 1348 etiam
1661 1325 1766 1348 sem-

1109 1381 1178 1418 per
1216 1370 1490 1418 Spartauorum
1522 1376 1646 1419 partes
1681 1381 1766 1404 am-

1109 1425 1362 1475 plectebatur,
1387 1424 1509 1461 donec
1532 1426 1629 1462 bello
1652 1426 1767 1462 Pelo-

1110 1483 1339 1532 pouuesiaco
1360 1483 1529 1518 maxima
1554 1482 1767 1518 incolarum

1109 1545 1215 1588 parte
1235 1537 1419 1574 trucidata
1449 1539 1496 1574 ab
1523 1537 1768 1575 Atheniensi-

1110 1595 1179 1631 bus
1201 1596 1325 1631 coloni
1352 1596 1391 1630 in
1422 1595 1586 1631 insulam
1614 1594 1767 1632 deducti

1109 1657 1217 1697 sunt,
1240 1653 1305 1702 qui
1324 1658 1452 1687 tamen
1473 1653 1543 1702 ipsi
1557 1652 1670 1702 paulo
1683 1658 1768 1702 post

1110 1708 1231 1743 insul&
1253 1708 1378 1744 denuo
1389 1707 1522 1744 cedere
1536 1711 1766 1745 coactisuut.

1109 1766 1242 1815 Neque
1263 1766 1463 1815 pristinum
1492 1765 1627 1801 florem
1656 1778 1769 1801 recu-

1110 1834 1259 1871 perasse
1294 1820 1443 1858 videtur
1484 1822 1629 1869 insula,
1670 1834 1768 1873 quae

1110 1891 1213 1913 nuuc
1254 1881 1340 1914 aere
1372 1878 1559 1927 pestilenti
1597 1879 1768 1914 maxime

1110 1934 1307 1971 insalubris
1347 1947 1425 1970 esse
1464 1934 1593 1973 fertur.
1654 1934 1766 1972 Conf-

1110 1992 1299 2027 Mauuert.
1339 1990 1438 2029 Vlll.
1477 2004 1514 2040 p.
1565 1993 1646 2032 736
1689 2004 1769 2043 seq.

1110 2049 1244 2098 Poppo
1284 2045 1332 2083 ad
1371 2046 1550 2099 Thucyd.
1571 2049 1610 2095 Ι,
1650 2049 1688 2087 2.
1728 2061 1768 2098 p.

1113 2107 1207 2144 277.
1232 2126 1283 2131 —
1323 2105 1367 2139 In
1389 2116 1495 2155 seqq.
1537 2102 1584 2140 ad
1604 2105 1769 2140 locutio-

1112 2173 1204 2196 nem
1229 2162 1306 2211 γῆν
1343 2174 1383 2199 τε
1423 2160 1490 2200 καὶ
1519 2157 1628 2213 ὕδωρ
1666 2160 1767 2198 conf.

1114 2218 1192 2254 citt.
1210 2216 1258 2253 ad
1278 2217 1330 2264 V,
1363 2219 1427 2256 17.

1309 2304 1400 2355 cap.
1420 2305 1571 2342 XLVII.

1172 2377 1294 2422 Οὗτοι
1331 2381 1402 2433 μὲν
1443 2379 1615 2430 ἅπαντες
1661 2379 1768 2430 ἔνι-ὂς

1114 2439 1319 2489 οἰκημένοι
1333 2442 1577 2490 Θεσπρωτῶν
1590 2436 1768 2490 καὶἈχὲ-

1115 2512 1251 2546 ροντος
1280 2497 1478 2545 ποταμοῦ]
1510 2498 1567 2532 De
1596 2496 1768 2545 Thespro-

1114 2555 1160 2589 tis
1181 2554 1280 2593 conf,
1298 2554 1340 2600 V,
1358 2555 1423 2592 92.
1446 2555 1481 2598 §-
1495 2556 1518 2592 7
1542 2559 1577 2588 et
1598 2551 1644 2588 de
1655 2553 1771 2589 Ache-

1113 2614 1208 2646 route
1224 2610 1336 2646 ssuvio
1357 2610 1436 2657 Vn,
1460 2611 1550 2649 196.
1609 2609 1769 2645 Tenen·-

1114 2665 1207 2702 dum
1231 2679 1319 2703 vero
1350 2672 1425 2712 est,
1463 2666 1643 2701 Graeciae
1674 2665 1767 2701 fines

1114 2724 1229 2772 vulgo
1257 2722 1305 2759 ad
1334 2723 1576 2758 Ambraciam
1604 2722 1715 2771 poni,
1745 2733 1768 2758 a

1116 2780 1189 2831 quai
1229 2779 1317 2815 iude
1349 2780 1545 2815 Graeciam
1583 2779 1704 2828 ipsam
1737 2790 1766 2816 S.

1115 2838 1306 2888 propriam
1319 2834 1482 2873 exordiri
1494 2835 1660 2872 scribunt
1671 2834 1769 2886 Scy-
