1996 3238
8 679 10 687 .

3 719 10 765 :i

470 184 552 224 152
866 185 1327 223 HERODOTI

469 291 870 345 ,,κατεργασάμεθα,
902 289 1012 335 ἀλλὰ
1038 294 1137 336 θεοί
1165 309 1208 336 τε
1238 295 1310 337 καὶ
1337 294 1498 349 ἥρωες,
1529 297 1572 338 οἳ
1601 294 1731 349 ἐφθό-

471 359 637 403 ,,νησαν
665 345 806 400 ἄνδρα
841 348 918 390 ἕνα
950 353 1025 403 τῆς
1054 366 1097 392 τε
1123 349 1274 406 Ἀσίης
1304 353 1376 394 καὶ
1405 356 1479 407 τῆς
1511 350 1731 408 Εὐρώπης

473 419 775 471 ,,βασιλεῦσαι,
816 415 942 460 ἐόντα
973 415 1150 460 ἀνόσιόν
1179 433 1223 460 τε
1253 420 1323 461 καὶ
1366 418 1641 462 ἀτάσθαλον·
1681 419 1731 470 ὂς

472 481 553 535 ,,τά
580 499 624 526 τε
654 482 727 536 ἱροὶ
758 485 830 527 καὶ
858 486 909 527 τὰ
940 487 1029 527 ἴδια
1060 485 1106 527 ἐν
1136 486 1271 541 ὁμοίῳ
1303 485 1786 542 ἐποιέετο,ἐμπιπρά955

472 567 543 602 ,,τε
573 551 645 593 καὶ
675 551 958 606 καταβάλλων
987 557 1075 594 τῶν
1105 556 1223 595 θεῶν
1243 552 1294 595 τά
1316 553 1563 609 ἀγάλματα·
1595 553 1642 604 ὃς
1660 556 1733 598 καὶ

471 617 578 673 ,,τη“ν
621 618 849 661 θάλασσαν
885 621 1218 675 ἀπεμαστίγωσε,
1277 621 1409 671 πέδας
1465 637 1509 664 τε
1556 625 1728 677 κατῆκε.

448 683 599 735 5,,ἆλλ’
621 681 671 729 εὖ
699 686 782 741 γάρ
802 687 883 742 ἔχει
909 686 951 737 ἐς
980 688 1213 740 τιὸ-παρεὸν
1234 686 1348 743 ἡμῖν,
1381 692 1464 731 νῦν
1493 689 1572 744 μὲν
1602 689 1649 732 ἐν
1678 693 1732 746 τῇ

467 749 666 801 ,,Ἐλλοι’δι
709 757 1063 812 καταμείναντες,
1093 755 1239 813 ἡμέων
1267 771 1312 798 τε
1343 754 1488 799 αὐτῶν
1526 757 1785 814 ἐπιμελη-ΒΟ

413 989 488 1027 que
523 973 776 1033 οἷνωσοὲμενοι
802 984 923 1035 attigit
961 986 1070 1036 Tay-

411 1034 482 1071 lor.
514 1034 561 1071 ad
581 1039 669 1090 Lys.
697 1054 735 1091 p.
758 1039 807 1081 41
841 1055 871 1079 s·
901 1055 990 1093 pag.
1016 1045 1067 1084 81

411 1089 542 1128 Reisk.

470 1142 566 1186 ἄλλα
585 1150 677 1189 θεοί
700 1166 740 1190 τε
765 1151 830 1191 καὶ
852 1149 1002 1205 ἥρωες,
1033 1155 1073 1193 οἳ

413 1199 650 1256 ἐφθόνησαν
675 1205 802 1259 ἄνδρα
827 1209 896 1248 ἕνα
917 1227 952 1249 κ.
970 1227 1002 1249 τ.
1016 1209 1071 1262 λ.]

410 1259 516 1297 Haeo
554 1275 679 1300 rursus
719 1263 895 1303 dicuntur
929 1281 977 1304 ex
1010 1268 1075 1304 illa

411 1316 596 1355 Herodoti
633 1322 819 1358 sententia
850 1322 897 1360 de
927 1326 1072 1361 nemesi

409 1375 591 1422 superbos
611 1378 818 1427 castigante
839 1387 875 1416 et
895 1387 991 1417 statu
1002 1393 1070 1417 suo

411 1427 623 1473 deficiente.
679 1435 796 1472 Plura
826 1435 904 1474 vid.
936 1436 984 1474 ad
1003 1439 1072 1484 111,

468 1539 512 1588 ὃς
525 1539 575 1582 vo}
587 1559 626 1584 τε
641 1542 706 1598 ἷροὲ
729 1545 797 1586 καὶ
817 1544 864 1587 vo?
878 1547 959 1587 ἴδια
970 1547 1012 1588 ἕν
1029 1547 1071 1589 ὅ-

411 1597 515 1652 panigo
529 1598 702 1641 ἐποιέετο
720 1619 756 1642 κ.
769 1619 800 1644 τ.
815 1607 868 1654 λ.]
883 1607 1069 1643 Voculam

1125 998 1178 1031 τε,
1208 996 1324 1035 quam
1350 984 1558 1022 omiserunt
1579 984 1787 1036 Schaefer„

1125 1040 1273 1088 Manli„
1295 1039 1475 1087 Bekker„
1497 1041 1676 1093 equidem
1700 1057 1789 1080 cum

1129 1096 1350 1148 Schweigh.
1386 1105 1422 1134 et
1443 1098 1559 1136 Gaisf.
1583 1113 1603 1135 e
1628 1101 1790 1137 Floren-

1128 1156 1209 1191 tino
1232 1154 1384 1191 adscivi.
1422 1155 1546 1191 Verba
1566 1152 1614 1193 τά
1636 1154 1701 1205 ἱρὰ
1721 1156 1790 1196 καὶ

1131 1208 1178 1249 τοὶ
1208 1211 1289 1249 ἴδια
1309 1213 1386 1247 iam
1423 1213 1529 1262 attigi
1552 1211 1599 1248 ad
1631 1214 1700 1261 vl,
1738 1216 1788 1262 93

1127 1268 1361 1304 locutionem
1375 1267 1416 1306 ἕν
1437 1266 1563 1319 ὁμοίῳ
1577 1274 1789 1308 ποιεῖσθαι

1129 1326 1252 1374 attigit
1272 1323 1405 1362 matth.
1430 1326 1494 1361 Gr.
1518 1326 1583 1361 Gr.
1604 1339 1643 1376 p.
1667 1329 1789 1366 1139.

1127 1383 1184 1417 De
1222 1382 1345 1417 forma
1385 1377 1582 1432 ἐμπιπράς
1638 1383 1789 1420 monuit

1126 1437 1342 1474 Blomfield.
1365 1438 1534 1474 inGloss.
1551 1437 1598 1474 ad
1610 1437 1789 1490 Aeschyl.

1126 1496 1230 1531 Pers.
1245 1495 1338 1535 815.
1356 1493 1419 1530 Ad
1432 1502 1703 1545 argumentum
1713 1496 1789 1532 loci

1127 1551 1229 1588 conf.
1287 1549 1468 1603 Aeschyl.
1525 1553 1649 1590 Perss.
1706 1550 1788 1593 814

1125 1607 1291 1645 Blomf.:

630 1676 667 1731 oq‘t'
686 1679 755 1722 γῆν
771 1679 947 1723 μολόντες
969 1678 1131 1725 Ἑλλάδ’,
1159 1680 1204 1717 ov'
1227 1683 1330 1716 θεῶν
1355 1681 1467 1728 βρέτη

629 1724 794 1768 ῃδοῦντο
824 1727 958 1768 συλᾶν,
976 1725 1064 1761 ου’ὁὲ
1084 1726 1292 1771 πιμπράναι
1312 1729 1423 1768 νεώς·

630 1769 748 1813 βωμοὶ
771 1768 811 1805 δ’
831 1768 971 1814 ἄιστοι,
988 1772 1176 1816 δαιμόνων
1199 1771 1246 1807 θ’
1274 1772 1460 1816 ἱδρύματα

631 1814 815 1861 πρόῤῥιζα
840 1817 987 1862 φύρδην
1012 1816 1303 1864 ἐξανέστραπται
1327 1819 1495 1865 βάθρων.

410 1883 686 1936 Wesseliugius
740 1886 788 1924 de
826 1889 1069 1927 inflammatis

409 1941 645 1979 Graecorum
687 1956 709 1980 a
747 1946 870 1982 Persis
919 1948 1069 1997 templis

410 1998 556 2034 consuli
583 2000 688 2037 iubet
721 2002 873 2053 Menag.
906 2004 945 2040 in
974 2005 1070 2040 Dio-

409 2066 498 2102 gen.
528 2056 566 2101 1,
608 2059 634 2096 9
666 2063 703 2093 et
721 2060 849 2096 Davis.
879 2060 918 2095 in
948 2060 1069 2097 Cicer.

407 2111 466 2146 De
495 2112 615 2162 Legg.
643 2114 699 2160 11,
743 2117 807 2155 11.
866 2117 931 2153 Tu
967 2117 1070 2155 conf.

409 2167 524 2203 etiam
535 2168 582 2204 ad
594 2168 774 2207 Herodot.
786 2172 830 2218 V,
853 2175 932 2213 102
943 2174 1069 2215 allata.

465 2219 511 2270 ὂς
541 2224 609 2264 καὶ
646 2224 721 2277 τήν
738 2224 948 2268 θάλασσαν
971 2225 1069 2269 οἷπε-

409 2280 647 2333 μαστίγωσε]
669 2283 752 2321 Vid.
775 2285 861 2330 Vll,
892 2286 958 2327 35.
994 2287 1068 2324 Se-

410 2349 529 2387 quens
565 2342 723 2389 κατῆκε,
759 2341 862 2391 quod
882 2342 1068 2381 Valcken.

408 2395 547 2430 mutari
578 2396 660 2433 vult
691 2398 729 2432 iu
761 2397 947 2448 ἐγκατῆκε
988 2401 1069 2437 scss.

407 2451 460 2499 τῇ
477 2446 676 2504 θαλάσσῃ,
693 2452 733 2490 id
754 2466 845 2491 sane
867 2467 943 2491 non
961 2468 1068 2506 opus.

408 2505 583 2557 Simplici
601 2510 741 2554 verbo,
778 2509 915 2547 eodem
941 2513 1069 2548 obser-

407 2570 521 2599 vante
578 2564 853 2604 Valckenaerio
874 2597 885 2616 ‚
951 2570 1070 2606 utitur

404 2619 566 2669 Diogen.
605 2623 730 2661 Laert.
754 2625 929 2661 Prooem.
971 2627 1008 2670 ς.
1038 2628 1063 2666 9

405 2676 575 2728 itemque
596 2679 778 2718 Herodot.
800 2681 890 2727 Vll,
921 2682 988 2722 35.

464 2735 543 2772 νῦν
573 2731 644 2784 μὲν
664 2756 718 2764 -
740 2738 1064 2788 καταμείναντες]

407 2787 654 2828 Valckenaer.
676 2794 808 2844 reponi
846 2794 926 2831 vult
944 2809 1066 2834 κατα-

1127 1891 1289 1942 μείναντ
1312 1906 1385 1938 ας,
1417 1889 1521 1942 quod
1552 1891 1591 1926 iu
1612 1903 1678 1927 ora
1698 1890 1789 1928 Ste-

1126 1947 1244 1998 phan.
1266 1955 1386 1984 exstat
1407 1946 1589 1999 quodque
1610 1960 1687 1984 non
1709 1946 1788 1984 dis-

1127 2005 1303 2054 plicuisse
1380 2004 1458 2041 vidi
1527 2005 1786 2055 VVesselingio

1128 2062 1241 2110 (Diss.
1264 2059 1407 2100 Herod.
1442 2062 1498 2097 XI
1526 2075 1563 2111 p.
1585 2061 1708 2109 202),
1739 2059 1787 2098 de

1125 2117 1199 2155 hoc
1257 2119 1472 2154 accusativo
1531 2118 1785 2167 subsequente

1125 2177 1362 2225 comparanti
1413 2175 1500 2210 VIII
1514 2202 1524 2221 ‚
1597 2177 1687 2214 109.
1734 2175 1783 2221 11,

1128 2232 1222 2271 151.
1255 2232 1334 2277 Vll,
1361 2229 1451 2270 144.
1482 2228 1674 2282 Equidem
1695 2243 1784 2267 cum

1126 2285 1516 2337 Schweighaeusero,
1553 2287 1619 2337 qui
1648 2287 1696 2323 ob
1731 2288 1785 2323 si-

1123 2344 1254 2380 milem
1290 2350 1518 2380 structuram
1558 2344 1785 2380 nominativi

1125 2401 1312 2437 infinitivo
1333 2401 1452 2436 iuncti
1474 2401 1512 2447 I,
1545 2399 1609 2440 56.
1632 2403 1698 2440 63.
1719 2400 1783 2448 lv,

1128 2456 1194 2496 15.
1221 2458 1324 2503 137,
1364 2469 1385 2492 a
1413 2457 1566 2505 viligata
1599 2457 1701 2493 libris
1721 2469 1785 2492 re-

1125 2513 1236 2563 liquis
1269 2514 1515 2563 comprobata
1540 2519 1637 2549 stare
1652 2513 1782 2560 malui,

1126 2567 1174 2605 de
1189 2582 1264 2620 qna
1286 2571 1336 2606 ita
1354 2568 1553 2606 Matthiae:
1572 2568 1784 2618 „zaraath

1121 2640 1260 2671 ναντες
1294 2638 1450 2671 vereor,
1470 2638 1519 2661 ne
1540 2625 1578 2660 iu
1603 2626 1782 2675 syntaxin

1121 2689 1272 2733 peccet:
1295 2696 1385 2718 nain
1406 2683 1470 2718 ubi
1486 2680 1690 2717 infinitivus
1711 2694 1780 2732 pro

1123 2740 1247 2789 prima
1277 2751 1437 2790 persona
1458 2738 1690 2775 coniunctivi
1712 2751 1779 2788 po-

1122 2797 1225 2833 nitur
1241 2826 1252 2845 ,
1295 2795 1453 2833 subiecti
1485 2793 1589 2846 quod
1629 2801 1778 2844 vocant,
