1879 3222
10 347 75 393 35

502 174 964 212 CALLIOPE.

1023 177 1038 211 1
1050 177 1100 212 X.
1318 172 1399 215 261

142 288 250 340 γεῖοι
284 283 580 338 ἀπειληθέντες
611 281 651 331 ἐς
682 281 864 331 στεινὸν,
895 283 1171 327 καταινέουσι
1200 284 1271 328 καὶ
1302 286 1399 328 ταῦ-

143 369 207 395 τα.
252 351 342 402 “.Ως
380 350 424 393 δὲ
462 350 534 392 καὶ
572 353 866 405 Σπαρτιῆται,
902 350 1072 394 ἐδέοντο
1120 351 1203 407 γάρ
1249 353 1451 403 δεινώς40

138 425 218 463 τοῦ
244 422 506 473 Τισαμενοῦ,
551 418 722 469 πάντως
761 417 1029 472 συνεχώρεόν
1064 420 1119 461 οἷ.

1179 433 1396 475 συγχωρη-

138 487 307 531 σάντων
347 484 391 528 ὁὲ
434 486 506 528 καὶ
550 489 685 529 ταῦτα
724 489 809 529 τῶν
839 485 1167 541 Σπαρτιητέων,
1196 486 1311 530 οὕτω
1343 487 1395 544 δή

135 557 257 599 πέντε
286 567 364 609 σφι
393 551 713 609 μαντευόμενος
744 551 913 608 ἀγῶνας
942 550 1046 602 τούς
1067 554 1292 607 μεγίστους
1328 558 1396 597 Τι-

136 621 319 677 σαμενός
350 620 372 664 ὁ
401 621 579 673 Ἠλεῖος,
608 620 840 678 γενόμενος
854 620 1145 676 Σπαρτιήτης,
1169 631 1397 674 συγκαται-

135 691 232 744 ρέει.
291 692 450 746 μοῦνοι
500 689 544 733 δὲ
582 690 635 747 δή
672 688 849 734 πάντων
897 685 1149 743 ἀνθρώπων
1190 687 1390 743 ἐγένοντο
1407 691 1451 731 45

105 751 260 800 Ξοῦτοι
301 757 602 815 Σπαρτιήτῃσι
646 761 860 814 πολιῆται.
909 757 952 800 οἱ
980 756 1025 799 δὲ
1063 756 1188 800 πέντε
1222 754 1396 810 ἀγῶνες,

133 826 224 868 οἵδε
259 824 481 878 ἐγένοντο·

551 823 608 877 εἷς
647 827 724 883 μὲν
761 826 834 870 καὶ
872 828 1067 880 πρῶτος,
1129 818 1260 874 οὗτος
1293 820 1316 866 ὁ
1348 822 1395 866 ἐν

134 896 395 950 Πλαταιῇσι·
440 893 510 937 ἐπὶ
542 894 608 949 δὲ,
654 892 677 938 ὁ
710 894 756 938 ἐν
791 893 924 950 Τεγέῃ
964 892 1076 950 πρὸς
1111 890 1321 949 Τεγεήτας
1350 906 1394 934 τε

132 1063 415 1117 ἀπειληθέντες
463 1067 503 1115 ἔς
543 1063 727 1115 στεινὸν]

73 1124 158 1162 Vid.
179 1126 209 1173 I,
231 1125 294 1164 24.
321 1126 418 1172 VIII,
446 1128 520 1165 109
552 1125 599 1161 de
621 1126 731 1160 locu-

73 1183 190 1219 tione.
219 1182 386 1219 Verbum
400 1185 601 1221 καταινεῖν
623 1181 730 1231 attigi

72 1237 122 1276 ad
148 1239 224 1284 IX,
245 1240 312 1279 33.

257 1328 350 1380 Cap.
378 1329 542 1367 XXXV.

125 1403 285 1454 πάντως
305 1404 548 1459 συνεχώρεόν
570 1406 630 1455 οἵ]
652 1408 728 1443 Pro

68 1460 228 1510 πάντως
271 1462 635 1515 Schweighaeusero
688 1464 730 1500 in

67 1527 239 1556 mentem
249 1534 320 1558 ven
327 1528 403 1558 erat
412 1516 727 1572 animamquem-

67 1576 277 1614 admodum
299 1579 380 1626 VII,
404 1580 495 1618 161.
554 1578 637 1623 Quo
669 1584 729 1613 ta·-

65 1646 156 1670 men
177 1646 271 1684 opus
293 1647 372 1672 esse
395 1642 511 1684 negat
532 1636 728 1671 Letronne

64 1690 105 1726 in
124 1690 285 1727 Journal
307 1690 370 1727 des
393 1691 483 1727 sav.
511 1693 616 1731 1817
636 1702 726 1740 pag.

64 1744 132 1793 44,
161 1748 191 1783 si
219 1746 375 1799 quidem
404 1743 589 1794 πάντως,
620 1745 726 1799 quod

64 1801 169 1840 idem
189 1805 311 1840 valeat
337 1810 451 1855 atque
478 1801 622 1851 ἅπασι,
658 1816 725 1839 ae-

65 1872 140 1910 que
167 1862 330 1910 probum
351 1862 551 1897 constituat
569 1873 724 1897 sensum

65 1922 178 1966 atque
200 1914 359 1962 ποῖντως
381 1913 560 1968 ἀγαθός,
592 1917 664 1952 alia
683 1916 724 1954 id

65 1984 199 2021 genus.
245 1975 289 2009 In
327 1986 432 2025 seqq.
455 1969 723 2023 μαντεύεσθαι

63 2029 287 2066 vaticinandi
307 2031 504 2066 notionem
525 2027 657 2074 habet,
681 2036 724 2066 ut

65 2083 231 2122 diximus
250 2084 298 2122 ad
318 2086 386 2135 IX,
408 2088 475 2126 33.

122 2140 414 2193 συγκαταιρέει]
437 2143 462 2178 ἰ.
485 2155 518 2179 e.
539 2142 586 2178 ad
603 2142 724 2179 maxi-

63 2210 119 2235 ma
142 2200 334 2235 certamina
348 2198 507 2248 feliciter
513 2198 720 2248 peragenda

63 2254 241 2292 mamille
268 2268 405 2305 operam
437 2255 582 2292 contulit
603 2254 721 2305 Spar-

62 2313 158 2349 tanis
195 2324 224 2350 s.
265 2311 371 2361 operti
409 2311 476 2348 suci
503 2310 750 2358 (divinandi,

61 2368 140 2404 scil.
179 2366 286 2418 arte)
335 2366 534 2418 Spartanos
568 2367 719 2405 adiuvit.

63 2424 173 2461 Conf.
190 2431 285 2460 nott.
310 2423 357 2460 ad
375 2425 452 2471 VII,
469 2425 536 2466 50.
575 2426 720 2461 Pausa-

63 2482 143 2518 nias
157 2481 222 2527 111,
248 2483 293 2520 11
319 2481 357 2526 ξ.
379 2483 403 2520 6
429 2480 532 2518 hunc
559 2482 599 2517 in
632 2494 718 2518 mo-

65 2535 157 2574 dum
189 2536 283 2573 haec
311 2538 491 2588 protulit:
533 2535 674 2587 σφίσιν
696 2536 721 2577 ό

72 2590 282 2644 Τισαμενὸς
333 2589 490 2646 οἷγῶνας
543 2593 718 2645 πολέμου

66 2647 178 2690 πέντε
197 2650 364 2700 ἐνίκησε.

122 2708 264 2754 μοῦνοι
295 2704 337 2746 δὲ
367 2704 417 2758 ὃν)
452 2702 616 2746 πάντων
644 2701 717 2744 α’ν-

66 2758 240 2813 θρώπων
253 2761 436 2816 ἐγένοντο
448 2757 558 2804 οὗτοι
577 2766 715 2815 Σπαρ-

786 1062 943 1119 τιήτῃσι
981 1062 1189 1118 πολιῆται]
1236 1066 1321 1102 Ηοο
1355 1076 1447 1101 sane

786 1135 901 1159 nenio
950 1123 1160 1169 mirabitur,
1203 1122 1291 1173 qui,
1327 1121 1448 1173 qualis

787 1180 944 1216 omnino
966 1180 1122 1216 civitatis
1140 1179 1351 1229 Spartanae
1360 1178 1446 1215 fue-

786 1236 834 1273 rit
866 1236 960 1272 ratio
988 1243 1102 1288 atque
1138 1234 1306 1284 indoles,
1345 1235 1445 1271 bene

785 1293 912 1330 novit:
943 1299 986 1329 ut
1019 1293 1059 1328 in
1092 1291 1165 1344 qu&
1201 1292 1249 1329 ob
1283 1291 1446 1328 arctissi-

785 1361 891 1386 mam
910 1349 1016 1385 illam
1043 1349 1217 1399 stirpium
1247 1348 1446 1398 cognatio-

784 1417 896 1453 nem,
927 1418 1025 1457 quae
1045 1404 1180 1441 eadem
1208 1406 1246 1440 in
1269 1405 1446 1441 omnibus

784 1463 932 1499 Dorum
951 1463 1128 1499 institutis
1138 1462 1354 1512 conspicua,
1374 1474 1446 1512 pe-

784 1520 982 1569 regrinum
1002 1518 1199 1555 admittere
1217 1518 1446 1569 familiisque

781 1576 997 1612 immiscere
1007 1575 1112 1612 nefas
1120 1573 1344 1611 habebatur.
1365 1576 1443 1611 lta-

783 1645 858 1684 que
877 1632 1046 1668 maxime
1062 1631 1324 1677 memorabile,
1338 1629 1442 1682 quod

782 1701 804 1725 a
832 1690 1013 1739 scriptore
1041 1686 1104 1725 hic
1137 1686 1311 1738 proditur
1330 1700 1442 1724 vere—

783 1758 858 1796 que
877 1746 1055 1793 unicum,
1091 1743 1196 1796 quod
1211 1745 1441 1781 Tisamenus

779 1803 896 1838 Eleus
925 1803 1081 1853 eiusque
1106 1802 1221 1838 frater
1240 1801 1380 1851 Hegias
1399 1801 1440 1836 iu

778 1860 977 1895 Laconum
998 1859 1191 1895 civitatem
1205 1858 1257 1894 ita
1267 1862 1439 1907 receptus

778 1916 861 1962 fuit,
873 1922 915 1952 ut
928 1914 1076 1962 eodem,
1101 1927 1176 1966 quo
1192 1915 1305 1950 ceteri
1319 1913 1439 1964 Spar-

777 1973 856 2009 tani
876 1973 955 2009 veri
981 1985 1023 2008 ac
1044 1971 1214 2022 genuini,
1243 1976 1440 2007 uterentur

777 2029 859 2065 iure
878 2027 1090 2079 iisdemque
1120 2028 1337 2063 fruerentur
1358 2027 1439 2076 pri-

778 2085 945 2133 vilegiis,
985 2084 1121 2134 quibus
1152 2084 1321 2132 legitime
1360 2083 1441 2118 nati

780 2141 958 2190 Spartani
970 2139 1158 2188 fruuntur,
1171 2139 1262 2190 quin
1273 2139 1312 2174 iu
1321 2151 1439 2174 unam

780 2199 896 2234 etiam
925 2196 1066 2246 recepti
1092 2195 1235 2232 tribiun
1265 2208 1286 2231 e
1320 2195 1438 2232 tribus

775 2254 846 2290 iilis
859 2253 1041 2300 tribubus,
1062 2252 1198 2304 quibus
1210 2252 1332 2288 omnis
1344 2263 1438 2288 con-

774 2311 865 2348 stitit
885 2310 1162 2360 Spartanorum
1182 2309 1323 2345 civitas.

833 2365 899 2406 έπὶ
926 2365 987 2416 δὲ]
1005 2364 1092 2406 vid.
1112 2366 1192 2413 VII,
1214 2366 1295 2406 219
1318 2362 1436 2401 delo-

775 2424 942 2461 cutione.
1000 2423 1105 2468 Quae
1135 2420 1173 2460 h.
1202 2421 1228 2458 l.
1259 2420 1435 2457 dicuntur

775 2481 944 2532 quinque
975 2480 1202 2526 certamina,
1224 2490 1267 2513 ea
1297 2476 1434 2514 eodem

775 2535 908 2574 ordine
929 2543 1099 2573 recenset
1118 2537 1279 2571 Pausan.
1300 2535 1366 2581 111,
1384 2536 1427 2573 ll

775 2595 810 2638 §.
834 2596 858 2632 (5
879 2594 1005 2643 ipsum
1031 2590 1270 2628 Herodotum
1288 2590 1431 2642 proba-

773 2650 897 2686 biliter
917 2656 1076 2687 secutus.
1111 2649 1215 2693 Quae
1235 2654 1319 2698 post
1338 2647 1428 2683 Pia-

772 2713 964 2743 taeensem
990 2717 1160 2755 pugnam
1190 2715 1429 2741 commemo-

770 2769 900 2799 rantur
920 2763 1194 2814 Spartanorum
1209 2760 1427 2807 certamina,

1454 348 1590 384 idemque
1599 349 1728 384 Spartae

1453 383 1583 424 quinque
1625 387 1727 411 auctor

1449 421 1653 445 victoriarum.
