<?xml version="1.0" encoding="UTF-8"?>
<!DOCTYPE html PUBLIC "-//W3C//DTD XHTML 1.0 Transitional//EN"
    "http://www.w3.org/TR/xhtml1/DTD/xhtml1-transitional.dtd">
<html xmlns="http://www.w3.org/1999/xhtml" xml:lang="en" lang="en">
 <head>
  <title>
</title>
<meta http-equiv="Content-Type" content="text/html;charset=utf-8" />
  <meta name='ocr-system' content='tesseract 3.04.00' />
  <meta name='ocr-capabilities' content='ocr_page ocr_carea ocr_par ocr_line ocrx_word'/>
</head>
<body>
  <div class='ocr_page' id='page_1' title='image "./musaeherodoto04hero/musaeherodoto04hero_0404.png"; bbox 0 0 1879 3222; ppageno 0'>
   <div class='ocr_carea' id='block_1_1' title="bbox 212 191 1132 235">
    <p class='ocr_par' dir='ltr' id='par_1_1' title="bbox 212 191 1132 235">
     <span class='ocr_line' id='line_1_1' title="bbox 212 191 1132 235; baseline 0.005 -9"><span class='ocrx_word' id='word_1_1' title='bbox 212 195 298 235; x_wconf 74' lang='grc'>390</span> <span class='ocrx_word' id='word_1_2' title='bbox 756 191 1132 231; x_wconf 84' lang='lat' dir='ltr'><strong>COMMENTATIO</strong></span> 
     </span>
    </p>
   </div>
   <div class='ocr_carea' id='block_1_2' title="bbox 213 301 1696 471">
    <p class='ocr_par' dir='ltr' id='par_1_2' title="bbox 213 301 1696 471">
     <span class='ocr_line' id='line_1_2' title="bbox 213 301 1695 355; baseline 0 -12"><span class='ocrx_word' id='word_1_3' title='bbox 213 304 318 344; x_wconf 86' lang='lat' dir='ltr'>idem</span> <span class='ocrx_word' id='word_1_4' title='bbox 337 305 544 342; x_wconf 86' lang='lat' dir='ltr'>Creuzerus</span> <span class='ocrx_word' id='word_1_5' title='bbox 580 316 686 341; x_wconf 88' lang='lat' dir='ltr'>nunc</span> <span class='ocrx_word' id='word_1_6' title='bbox 703 301 800 342; x_wconf 89' lang='lat' dir='ltr'>haec</span> <span class='ocrx_word' id='word_1_7' title='bbox 820 303 972 342; x_wconf 85' lang='lat' dir='ltr'>adiicit:</span> <span class='ocrx_word' id='word_1_8' title='bbox 1017 306 1119 353; x_wconf 81' lang='lat' dir='ltr'>„Est</span> <span class='ocrx_word' id='word_1_9' title='bbox 1143 305 1256 341; x_wconf 83' lang='lat' dir='ltr'>etiam</span> <span class='ocrx_word' id='word_1_10' title='bbox 1279 310 1453 355; x_wconf 86' lang='lat' dir='ltr'>protome</span> <span class='ocrx_word' id='word_1_11' title='bbox 1479 317 1695 343; x_wconf 89' lang='lat' dir='ltr'>marmorea</span> 
     </span>
     <span class='ocr_line' id='line_1_3' title="bbox 214 359 1695 414; baseline 0 -14"><span class='ocrx_word' id='word_1_12' title='bbox 214 363 256 400; x_wconf 81' lang='lat' dir='ltr'>in</span> <span class='ocrx_word' id='word_1_13' title='bbox 270 373 401 399; x_wconf 87' lang='lat' dir='ltr'>museo</span> <span class='ocrx_word' id='word_1_14' title='bbox 422 360 615 397; x_wconf 82' lang='lat' dir='ltr'>Comitum</span> <span class='ocrx_word' id='word_1_15' title='bbox 635 359 682 398; x_wconf 92' lang='lat' dir='ltr'>de</span> <span class='ocrx_word' id='word_1_16' title='bbox 700 359 852 409; x_wconf 74' lang='lat' dir='ltr'>Edach,</span> <span class='ocrx_word' id='word_1_17' title='bbox 877 374 992 414; x_wconf 87' lang='lat' dir='ltr'>quam</span> <span class='ocrx_word' id='word_1_18' title='bbox 1023 360 1205 398; x_wconf 79' lang='lat' dir='ltr'>Herodoti</span> <span class='ocrx_word' id='word_1_19' title='bbox 1233 375 1310 398; x_wconf 84' lang='lat' dir='ltr'>esse</span> <span class='ocrx_word' id='word_1_20' title='bbox 1331 360 1484 409; x_wconf 86' lang='lat' dir='ltr'>dicunt,</span> <span class='ocrx_word' id='word_1_21' title='bbox 1519 375 1590 398; x_wconf 92' lang='lat' dir='ltr'>nec</span> <span class='ocrx_word' id='word_1_22' title='bbox 1610 363 1695 400; x_wconf 85' lang='lat' dir='ltr'>Vis-</span> 
     </span>
     <span class='ocr_line' id='line_1_4' title="bbox 217 417 1696 471; baseline -0.001 -15"><span class='ocrx_word' id='word_1_23' title='bbox 217 419 343 456; x_wconf 90' lang='lat' dir='ltr'>contio</span> <span class='ocrx_word' id='word_1_24' title='bbox 370 430 496 469; x_wconf 88' lang='lat' dir='ltr'>neque</span> <span class='ocrx_word' id='word_1_25' title='bbox 526 419 726 469; x_wconf 85' lang='lat' dir='ltr'>cuiquam,</span> <span class='ocrx_word' id='word_1_26' title='bbox 766 417 868 471; x_wconf 91' lang='lat' dir='ltr'>quod</span> <span class='ocrx_word' id='word_1_27' title='bbox 898 419 1028 465; x_wconf 76' lang='lat' dir='ltr'>sciam,</span> <span class='ocrx_word' id='word_1_28' title='bbox 1061 426 1297 468; x_wconf 83' lang='lat' dir='ltr'>memorata3</span> <span class='ocrx_word' id='word_1_29' title='bbox 1344 419 1448 454; x_wconf 89' lang='lat' dir='ltr'>cuius</span> <span class='ocrx_word' id='word_1_30' title='bbox 1479 425 1655 468; x_wconf 83' lang='lat' dir='ltr'>ectypam</span> <span class='ocrx_word' id='word_1_31' title='bbox 1673 432 1696 455; x_wconf 88' lang='lat' dir='ltr'>e</span> 
     </span>
    </p>
   </div>
   <div class='ocr_carea' id='block_1_3' title="bbox 215 473 1698 584">
    <p class='ocr_par' dir='ltr' id='par_1_3' title="bbox 215 473 1698 584">
     <span class='ocr_line' id='line_1_5' title="bbox 215 473 1698 528; baseline 0 -16"><span class='ocrx_word' id='word_1_32' title='bbox 215 487 336 527; x_wconf 57' lang='lat' dir='ltr'>gypso</span> <span class='ocrx_word' id='word_1_33' title='bbox 355 474 564 525; x_wconf 86' lang='lat' dir='ltr'>imaginem</span> <span class='ocrx_word' id='word_1_34' title='bbox 582 475 771 513; x_wconf 85' lang='lat' dir='ltr'>Francisci</span> <span class='ocrx_word' id='word_1_35' title='bbox 809 475 964 513; x_wconf 86' lang='lat' dir='ltr'>Comitis</span> <span class='ocrx_word' id='word_1_36' title='bbox 991 476 1063 514; x_wconf 85' lang='grc' dir='ltr'>τοῦ</span> <span class='ocrx_word' id='word_1_37' title='bbox 1083 473 1300 528; x_wconf 74' lang='grc' dir='ltr'><strong><em>μακαρίτου</em></strong></span> <span class='ocrx_word' id='word_1_38' title='bbox 1320 474 1602 512; x_wconf 78' lang='lat' dir='ltr'>munificentiae</span> <span class='ocrx_word' id='word_1_39' title='bbox 1629 487 1698 512; x_wconf 85' lang='lat' dir='ltr'>ac-</span> 
     </span>
     <span class='ocr_line' id='line_1_6' title="bbox 216 531 623 584; baseline -0.002 -13"><span class='ocrx_word' id='word_1_40' title='bbox 216 538 367 584; x_wconf 85' lang='lat' dir='ltr'>ceptam</span> <span class='ocrx_word' id='word_1_41' title='bbox 385 531 623 570; x_wconf 86' lang='lat' dir='ltr'>referimus.“</span> 
     </span>
    </p>
   </div>
   <div class='ocr_carea' id='block_1_4' title="bbox 891 655 1014 700">
    <p class='ocr_par' dir='ltr' id='par_1_4' title="bbox 891 655 1014 700">
     <span class='ocr_line' id='line_1_7' title="bbox 891 655 1014 700; baseline 0.024 -9"><span class='ocrx_word' id='word_1_42' title='bbox 891 655 930 700; x_wconf 83' lang='lat'>§.</span> <span class='ocrx_word' id='word_1_43' title='bbox 974 656 1014 694; x_wconf 88' lang='lat'>7.</span> 
     </span>
    </p>
   </div>
   <div class='ocr_carea' id='block_1_5' title="bbox 214 753 1711 2279">
    <p class='ocr_par' dir='ltr' id='par_1_5' title="bbox 214 753 1711 2279">
     <span class='ocr_line' id='line_1_8' title="bbox 326 753 1696 808; baseline -0.001 -14"><span class='ocrx_word' id='word_1_44' title='bbox 326 756 460 795; x_wconf 84' lang='lat' dir='ltr'>velex</span> <span class='ocrx_word' id='word_1_45' title='bbox 478 756 545 806; x_wconf 85' lang='lat' dir='ltr'>iis,</span> <span class='ocrx_word' id='word_1_46' title='bbox 575 768 674 808; x_wconf 90' lang='lat' dir='ltr'>quae</span> <span class='ocrx_word' id='word_1_47' title='bbox 703 761 790 792; x_wconf 86' lang='lat' dir='ltr'>ante</span> <span class='ocrx_word' id='word_1_48' title='bbox 811 753 1000 806; x_wconf 87' lang='lat' dir='ltr'>disputata</span> <span class='ocrx_word' id='word_1_49' title='bbox 1014 761 1124 804; x_wconf 89' lang='lat' dir='ltr'>sunt,</span> <span class='ocrx_word' id='word_1_50' title='bbox 1159 754 1257 790; x_wconf 88' lang='lat' dir='ltr'>bene</span> <span class='ocrx_word' id='word_1_51' title='bbox 1276 753 1497 805; x_wconf 81' lang='lat' dir='ltr'>intelllgitur</span> <span class='ocrx_word' id='word_1_52' title='bbox 1517 767 1598 793; x_wconf 91' lang='lat' dir='ltr'>non</span> <span class='ocrx_word' id='word_1_53' title='bbox 1616 768 1696 794; x_wconf 86' lang='lat' dir='ltr'>uno</span> 
     </span>
     <span class='ocr_line' id='line_1_9' title="bbox 217 810 1698 866; baseline -0.001 -16"><span class='ocrx_word' id='word_1_54' title='bbox 217 811 432 866; x_wconf 84' lang='lat' dir='ltr'>eodemque</span> <span class='ocrx_word' id='word_1_55' title='bbox 451 820 581 850; x_wconf 84' lang='lat' dir='ltr'>tenore</span> <span class='ocrx_word' id='word_1_56' title='bbox 591 810 829 849; x_wconf 88' lang='lat' dir='ltr'>Herodotum</span> <span class='ocrx_word' id='word_1_57' title='bbox 848 825 913 849; x_wconf 87' lang='lat' dir='ltr'>sua</span> <span class='ocrx_word' id='word_1_58' title='bbox 931 813 1131 849; x_wconf 78' lang='lat' dir='ltr'>absolvisse</span> <span class='ocrx_word' id='word_1_59' title='bbox 1143 811 1276 848; x_wconf 88' lang='lat' dir='ltr'>itinera</span> <span class='ocrx_word' id='word_1_60' title='bbox 1286 824 1357 847; x_wconf 90' lang='lat' dir='ltr'>nec</span> <span class='ocrx_word' id='word_1_61' title='bbox 1369 818 1516 848; x_wconf 88' lang='lat' dir='ltr'>certum</span> <span class='ocrx_word' id='word_1_62' title='bbox 1527 819 1698 849; x_wconf 85' lang='lat' dir='ltr'>constare</span> 
     </span>
     <span class='ocr_line' id='line_1_10' title="bbox 216 866 1698 921; baseline -0.001 -14"><span class='ocrx_word' id='word_1_63' title='bbox 216 869 411 917; x_wconf 85' lang='lat' dir='ltr'>ordinem,</span> <span class='ocrx_word' id='word_1_64' title='bbox 442 883 518 921; x_wconf 90' lang='lat' dir='ltr'>quo</span> <span class='ocrx_word' id='word_1_65' title='bbox 538 870 602 906; x_wconf 86' lang='lat' dir='ltr'>illa</span> <span class='ocrx_word' id='word_1_66' title='bbox 625 868 837 919; x_wconf 80' lang='lat' dir='ltr'>perfecerit.</span> <span class='ocrx_word' id='word_1_67' title='bbox 894 868 940 905; x_wconf 88' lang='lat' dir='ltr'>Id</span> <span class='ocrx_word' id='word_1_68' title='bbox 965 881 1088 905; x_wconf 89' lang='lat' dir='ltr'>unum</span> <span class='ocrx_word' id='word_1_69' title='bbox 1115 869 1196 904; x_wconf 93' lang='lat' dir='ltr'>iure</span> <span class='ocrx_word' id='word_1_70' title='bbox 1225 866 1392 919; x_wconf 81' lang='lat' dir='ltr'>quodam</span> <span class='ocrx_word' id='word_1_71' title='bbox 1421 868 1528 904; x_wconf 87' lang='lat' dir='ltr'>nobis</span> <span class='ocrx_word' id='word_1_72' title='bbox 1548 881 1698 906; x_wconf 88' lang='lat' dir='ltr'>sumere</span> 
     </span>
     <span class='ocr_line' id='line_1_11' title="bbox 214 923 1701 979; baseline -0.001 -15"><span class='ocrx_word' id='word_1_73' title='bbox 214 940 324 978; x_wconf 88' lang='lat' dir='ltr'>posse</span> <span class='ocrx_word' id='word_1_74' title='bbox 343 925 540 972; x_wconf 76' lang='lat' dir='ltr'>videmur,</span> <span class='ocrx_word' id='word_1_75' title='bbox 572 925 682 961; x_wconf 85' lang='lat' dir='ltr'>illum</span> <span class='ocrx_word' id='word_1_76' title='bbox 697 932 903 976; x_wconf 89' lang='lat' dir='ltr'>antequam</span> <span class='ocrx_word' id='word_1_77' title='bbox 925 926 1125 977; x_wconf 72' lang='lat' dir='ltr'>Olympiae</span> <span class='ocrx_word' id='word_1_78' title='bbox 1146 924 1335 961; x_wconf 84' lang='lat' dir='ltr'>recitasset</span> <span class='ocrx_word' id='word_1_79' title='bbox 1355 923 1599 974; x_wconf 84' lang='lat' dir='ltr'>Thuriosque</span> <span class='ocrx_word' id='word_1_80' title='bbox 1629 926 1701 979; x_wconf 83' lang='lat' dir='ltr'>ab-</span> 
     </span>
     <span class='ocr_line' id='line_1_12' title="bbox 214 979 1702 1034; baseline -0.002 -13"><span class='ocrx_word' id='word_1_81' title='bbox 214 984 338 1030; x_wconf 83' lang='lat' dir='ltr'>iisset,</span> <span class='ocrx_word' id='word_1_82' title='bbox 369 988 610 1034; x_wconf 81' lang='lat' dir='ltr'>peragratam</span> <span class='ocrx_word' id='word_1_83' title='bbox 630 979 804 1018; x_wconf 79' lang='lat' dir='ltr'>habuisse</span> <span class='ocrx_word' id='word_1_84' title='bbox 825 988 862 1018; x_wconf 86' lang='lat' dir='ltr'>et</span> <span class='ocrx_word' id='word_1_85' title='bbox 882 983 1013 1018; x_wconf 89' lang='lat' dir='ltr'>Asiam</span> <span class='ocrx_word' id='word_1_86' title='bbox 1035 989 1071 1019; x_wconf 90' lang='lat' dir='ltr'>et</span> <span class='ocrx_word' id='word_1_87' title='bbox 1092 981 1261 1018; x_wconf 87' lang='lat' dir='ltr'>Africam</span> <span class='ocrx_word' id='word_1_88' title='bbox 1283 988 1330 1028; x_wconf 90' lang='lat' dir='ltr'>et,</span> <span class='ocrx_word' id='word_1_89' title='bbox 1361 979 1466 1032; x_wconf 86' lang='lat' dir='ltr'>quod</span> <span class='ocrx_word' id='word_1_90' title='bbox 1487 980 1582 1017; x_wconf 87' lang='lat' dir='ltr'>mihi</span> <span class='ocrx_word' id='word_1_91' title='bbox 1601 989 1702 1018; x_wconf 86' lang='lat' dir='ltr'>certe</span> 
     </span>
     <span class='ocr_line' id='line_1_13' title="bbox 216 1037 1702 1090; baseline 0.001 -16"><span class='ocrx_word' id='word_1_92' title='bbox 216 1047 272 1077; x_wconf 87' lang='lat' dir='ltr'>est</span> <span class='ocrx_word' id='word_1_93' title='bbox 291 1040 372 1078; x_wconf 80' lang='lat' dir='ltr'>veri</span> <span class='ocrx_word' id='word_1_94' title='bbox 390 1039 640 1085; x_wconf 85' lang='lat' dir='ltr'>simillimum,</span> <span class='ocrx_word' id='word_1_95' title='bbox 663 1039 861 1090; x_wconf 86' lang='lat' dir='ltr'>plerasque</span> <span class='ocrx_word' id='word_1_96' title='bbox 885 1040 999 1075; x_wconf 86' lang='lat' dir='ltr'>etiam</span> <span class='ocrx_word' id='word_1_97' title='bbox 1019 1040 1134 1090; x_wconf 84' lang='lat' dir='ltr'>ipsius</span> <span class='ocrx_word' id='word_1_98' title='bbox 1156 1039 1337 1075; x_wconf 86' lang='lat' dir='ltr'>Graeciae</span> <span class='ocrx_word' id='word_1_99' title='bbox 1357 1044 1501 1088; x_wconf 76' lang='lat' dir='ltr'>parte33</span> <span class='ocrx_word' id='word_1_100' title='bbox 1542 1050 1564 1074; x_wconf 88' lang='lat' dir='ltr'>a</span> <span class='ocrx_word' id='word_1_101' title='bbox 1584 1037 1702 1075; x_wconf 85' lang='lat' dir='ltr'>Thu-</span> 
     </span>
     <span class='ocr_line' id='line_1_14' title="bbox 214 1093 1704 1146; baseline -0.002 -12"><span class='ocrx_word' id='word_1_102' title='bbox 214 1097 277 1134; x_wconf 85' lang='lat' dir='ltr'>riis</span> <span class='ocrx_word' id='word_1_103' title='bbox 306 1093 396 1132; x_wconf 87' lang='lat' dir='ltr'>inde</span> <span class='ocrx_word' id='word_1_104' title='bbox 425 1097 528 1132; x_wconf 91' lang='lat' dir='ltr'>Eum</span> <span class='ocrx_word' id='word_1_105' title='bbox 558 1108 626 1146; x_wconf 88' lang='lat' dir='ltr'>per</span> <span class='ocrx_word' id='word_1_106' title='bbox 650 1096 800 1131; x_wconf 87' lang='lat' dir='ltr'>Italiam</span> <span class='ocrx_word' id='word_1_107' title='bbox 829 1095 1072 1144; x_wconf 87' lang='lat' dir='ltr'>inferiorem,</span> <span class='ocrx_word' id='word_1_108' title='bbox 1113 1095 1304 1142; x_wconf 87' lang='lat' dir='ltr'>Siciliam,</span> <span class='ocrx_word' id='word_1_109' title='bbox 1347 1101 1384 1131; x_wconf 91' lang='lat' dir='ltr'>et</span> <span class='ocrx_word' id='word_1_110' title='bbox 1412 1094 1568 1131; x_wconf 81' lang='lat' dir='ltr'>forsitan</span> <span class='ocrx_word' id='word_1_111' title='bbox 1588 1096 1704 1132; x_wconf 88' lang='lat' dir='ltr'>etiam</span> 
     </span>
     <span class='ocr_line' id='line_1_15' title="bbox 215 1150 1703 1203; baseline -0.001 -13"><span class='ocrx_word' id='word_1_112' title='bbox 215 1153 355 1190; x_wconf 83' lang='lat' dir='ltr'>iterum</span> <span class='ocrx_word' id='word_1_113' title='bbox 373 1165 441 1203; x_wconf 88' lang='lat' dir='ltr'>per</span> <span class='ocrx_word' id='word_1_114' title='bbox 459 1153 580 1203; x_wconf 87' lang='lat' dir='ltr'>ipsam</span> <span class='ocrx_word' id='word_1_115' title='bbox 602 1153 803 1189; x_wconf 87' lang='lat' dir='ltr'>Graeciam</span> <span class='ocrx_word' id='word_1_116' title='bbox 822 1153 1022 1190; x_wconf 87' lang='lat' dir='ltr'>instituisse</span> <span class='ocrx_word' id='word_1_117' title='bbox 1042 1153 1200 1199; x_wconf 76' lang='lat' dir='ltr'>itinera&#39;,</span> <span class='ocrx_word' id='word_1_118' title='bbox 1238 1150 1471 1188; x_wconf 88' lang='lat' dir='ltr'>indefessum</span> <span class='ocrx_word' id='word_1_119' title='bbox 1500 1157 1537 1187; x_wconf 91' lang='lat' dir='ltr'>et</span> <span class='ocrx_word' id='word_1_120' title='bbox 1565 1151 1605 1187; x_wconf 88' lang='lat' dir='ltr'>in</span> <span class='ocrx_word' id='word_1_121' title='bbox 1633 1164 1703 1188; x_wconf 89' lang='lat' dir='ltr'>suo</span> 
     </span>
     <span class='ocr_line' id='line_1_16' title="bbox 216 1206 1704 1261; baseline -0.002 -13"><span class='ocrx_word' id='word_1_122' title='bbox 216 1222 332 1261; x_wconf 90' lang='lat' dir='ltr'>opere</span> <span class='ocrx_word' id='word_1_123' title='bbox 352 1207 583 1260; x_wconf 87' lang='lat' dir='ltr'>perficiendo</span> <span class='ocrx_word' id='word_1_124' title='bbox 602 1215 728 1246; x_wconf 85' lang='lat' dir='ltr'>totum</span> <span class='ocrx_word' id='word_1_125' title='bbox 747 1216 991 1259; x_wconf 85' lang='lat' dir='ltr'>occupatum.</span> <span class='ocrx_word' id='word_1_126' title='bbox 1040 1208 1120 1247; x_wconf 90' lang='lat' dir='ltr'>Sed</span> <span class='ocrx_word' id='word_1_127' title='bbox 1140 1209 1250 1260; x_wconf 91' lang='lat' dir='ltr'>plura</span> <span class='ocrx_word' id='word_1_128' title='bbox 1270 1215 1306 1244; x_wconf 91' lang='lat' dir='ltr'>et</span> <span class='ocrx_word' id='word_1_129' title='bbox 1327 1208 1558 1244; x_wconf 80' lang='lat' dir='ltr'>accuratiora</span> <span class='ocrx_word' id='word_1_130' title='bbox 1578 1206 1626 1244; x_wconf 88' lang='lat' dir='ltr'>de</span> <span class='ocrx_word' id='word_1_131' title='bbox 1645 1206 1704 1245; x_wconf 86' lang='lat' dir='ltr'>his</span> 
     </span>
     <span class='ocr_line' id='line_1_17' title="bbox 215 1263 1704 1318; baseline -0.001 -15"><span class='ocrx_word' id='word_1_132' title='bbox 215 1266 415 1304; x_wconf 84' lang='lat' dir='ltr'>itineribus</span> <span class='ocrx_word' id='word_1_133' title='bbox 442 1265 575 1302; x_wconf 81' lang='lat' dir='ltr'>afferre</span> <span class='ocrx_word' id='word_1_134' title='bbox 597 1264 758 1303; x_wconf 71' lang='lat' dir='ltr'>vixdum</span> <span class='ocrx_word' id='word_1_135' title='bbox 778 1266 919 1304; x_wconf 88' lang='lat' dir='ltr'>licebit.</span> <span class='ocrx_word' id='word_1_136' title='bbox 978 1267 1112 1318; x_wconf 71' lang='lat' dir='ltr'>Neque</span> <span class='ocrx_word' id='word_1_137' title='bbox 1132 1267 1234 1302; x_wconf 89' lang='lat' dir='ltr'>enim</span> <span class='ocrx_word' id='word_1_138' title='bbox 1254 1266 1284 1302; x_wconf 91' lang='lat' dir='ltr'>is</span> <span class='ocrx_word' id='word_1_139' title='bbox 1304 1272 1357 1302; x_wconf 88' lang='lat' dir='ltr'>est</span> <span class='ocrx_word' id='word_1_140' title='bbox 1377 1263 1593 1301; x_wconf 87' lang='lat' dir='ltr'>Herodotus</span> <span class='ocrx_word' id='word_1_141' title='bbox 1606 1293 1617 1312; x_wconf 91' lang='lat'>,</span> <span class='ocrx_word' id='word_1_142' title='bbox 1639 1265 1704 1317; x_wconf 89' lang='lat' dir='ltr'>qui</span> 
     </span>
     <span class='ocr_line' id='line_1_18' title="bbox 217 1320 1704 1374; baseline -0.003 -13"><span class='ocrx_word' id='word_1_143' title='bbox 217 1321 267 1361; x_wconf 83' lang='lat' dir='ltr'>de</span> <span class='ocrx_word' id='word_1_144' title='bbox 287 1336 326 1361; x_wconf 91' lang='lat' dir='ltr'>se</span> <span class='ocrx_word' id='word_1_145' title='bbox 344 1324 425 1374; x_wconf 88' lang='lat' dir='ltr'>ipse</span> <span class='ocrx_word' id='word_1_146' title='bbox 439 1323 591 1374; x_wconf 84' lang='lat' dir='ltr'>suisque</span> <span class='ocrx_word' id='word_1_147' title='bbox 619 1323 818 1360; x_wconf 86' lang='lat' dir='ltr'>itineribus</span> <span class='ocrx_word' id='word_1_148' title='bbox 837 1335 907 1359; x_wconf 91' lang='lat' dir='ltr'>nos</span> <span class='ocrx_word' id='word_1_149' title='bbox 929 1325 1138 1360; x_wconf 80' lang='lat' dir='ltr'>accuratius</span> <span class='ocrx_word' id='word_1_150' title='bbox 1167 1329 1203 1359; x_wconf 87' lang='lat' dir='ltr'>et</span> <span class='ocrx_word' id='word_1_151' title='bbox 1223 1323 1392 1358; x_wconf 89' lang='lat' dir='ltr'>consulto</span> <span class='ocrx_word' id='word_1_152' title='bbox 1423 1320 1605 1358; x_wconf 86' lang='lat' dir='ltr'>edoceat:</span> <span class='ocrx_word' id='word_1_153' title='bbox 1627 1322 1704 1357; x_wconf 88' lang='lat' dir='ltr'>im-</span> 
     </span>
     <span class='ocr_line' id='line_1_19' title="bbox 217 1376 1705 1432; baseline -0.003 -14"><span class='ocrx_word' id='word_1_154' title='bbox 217 1392 284 1418; x_wconf 92' lang='lat' dir='ltr'>mo</span> <span class='ocrx_word' id='word_1_155' title='bbox 300 1393 381 1417; x_wconf 90' lang='lat' dir='ltr'>non</span> <span class='ocrx_word' id='word_1_156' title='bbox 400 1380 473 1416; x_wconf 84' lang='lat' dir='ltr'>nisi</span> <span class='ocrx_word' id='word_1_157' title='bbox 492 1386 643 1416; x_wconf 83' lang='lat' dir='ltr'>coactus</span> <span class='ocrx_word' id='word_1_158' title='bbox 662 1379 742 1416; x_wconf 88' lang='lat' dir='ltr'>fere</span> <span class='ocrx_word' id='word_1_159' title='bbox 765 1377 812 1416; x_wconf 87' lang='lat' dir='ltr'>de</span> <span class='ocrx_word' id='word_1_160' title='bbox 841 1378 900 1416; x_wconf 90' lang='lat' dir='ltr'>his</span> <span class='ocrx_word' id='word_1_161' title='bbox 918 1380 1088 1432; x_wconf 88' lang='lat' dir='ltr'>loquitur</span> <span class='ocrx_word' id='word_1_162' title='bbox 1100 1409 1110 1427; x_wconf 90' lang='lat'>,</span> <span class='ocrx_word' id='word_1_163' title='bbox 1142 1379 1209 1415; x_wconf 91' lang='lat' dir='ltr'>ubi</span> <span class='ocrx_word' id='word_1_164' title='bbox 1232 1379 1372 1415; x_wconf 87' lang='lat' dir='ltr'>scilicet</span> <span class='ocrx_word' id='word_1_165' title='bbox 1387 1378 1541 1415; x_wconf 87' lang='lat' dir='ltr'>testibus</span> <span class='ocrx_word' id='word_1_166' title='bbox 1561 1376 1705 1430; x_wconf 89' lang='lat' dir='ltr'>aliquid</span> 
     </span>
     <span class='ocr_line' id='line_1_20' title="bbox 218 1433 1707 1488; baseline -0.001 -15"><span class='ocrx_word' id='word_1_167' title='bbox 218 1434 475 1488; x_wconf 90' lang='lat' dir='ltr'>probandum,</span> <span class='ocrx_word' id='word_1_168' title='bbox 496 1442 560 1472; x_wconf 87' lang='lat' dir='ltr'>aut</span> <span class='ocrx_word' id='word_1_169' title='bbox 579 1437 700 1473; x_wconf 88' lang='lat' dir='ltr'>mirae</span> <span class='ocrx_word' id='word_1_170' title='bbox 722 1443 836 1488; x_wconf 88' lang='lat' dir='ltr'>atque</span> <span class='ocrx_word' id='word_1_171' title='bbox 855 1437 1028 1473; x_wconf 80' lang='lat' dir='ltr'>insolitae</span> <span class='ocrx_word' id='word_1_172' title='bbox 1049 1438 1103 1473; x_wconf 86' lang='lat' dir='ltr'>rei</span> <span class='ocrx_word' id='word_1_173' title='bbox 1123 1435 1215 1473; x_wconf 92' lang='lat' dir='ltr'>fides</span> <span class='ocrx_word' id='word_1_174' title='bbox 1235 1433 1410 1472; x_wconf 86' lang='lat' dir='ltr'>facienda</span> <span class='ocrx_word' id='word_1_175' title='bbox 1431 1441 1510 1471; x_wconf 87' lang='lat' dir='ltr'>erat</span> <span class='ocrx_word' id='word_1_176' title='bbox 1541 1435 1707 1484; x_wconf 83' lang='lat' dir='ltr'>legenti-</span> 
     </span>
     <span class='ocr_line' id='line_1_21' title="bbox 218 1491 1707 1542; baseline -0.001 -11"><span class='ocrx_word' id='word_1_177' title='bbox 218 1495 290 1532; x_wconf 84' lang='lat' dir='ltr'>bus</span> <span class='ocrx_word' id='word_1_178' title='bbox 304 1523 314 1542; x_wconf 94' lang='lat'>,</span> <span class='ocrx_word' id='word_1_179' title='bbox 343 1500 409 1530; x_wconf 87' lang='lat' dir='ltr'>aut</span> <span class='ocrx_word' id='word_1_180' title='bbox 427 1491 709 1530; x_wconf 88' lang='lat' dir='ltr'>incredibilium</span> <span class='ocrx_word' id='word_1_181' title='bbox 727 1506 858 1530; x_wconf 88' lang='lat' dir='ltr'>rerum</span> <span class='ocrx_word' id='word_1_182' title='bbox 877 1494 917 1529; x_wconf 87' lang='lat' dir='ltr'>in</span> <span class='ocrx_word' id='word_1_183' title='bbox 937 1495 1155 1530; x_wconf 83' lang='lat' dir='ltr'>narratione</span> <span class='ocrx_word' id='word_1_184' title='bbox 1185 1505 1299 1530; x_wconf 88' lang='lat' dir='ltr'>suum</span> <span class='ocrx_word' id='word_1_185' title='bbox 1323 1492 1437 1542; x_wconf 91' lang='lat' dir='ltr'>ipsius</span> <span class='ocrx_word' id='word_1_186' title='bbox 1466 1497 1600 1541; x_wconf 88' lang='lat' dir='ltr'>utpote</span> <span class='ocrx_word' id='word_1_187' title='bbox 1629 1492 1707 1529; x_wconf 85' lang='lat' dir='ltr'>suis</span> 
     </span>
     <span class='ocr_line' id='line_1_22' title="bbox 219 1546 1708 1602; baseline -0.003 -14"><span class='ocrx_word' id='word_1_188' title='bbox 219 1548 316 1588; x_wconf 89' lang='lat' dir='ltr'>haec</span> <span class='ocrx_word' id='word_1_189' title='bbox 344 1551 461 1587; x_wconf 89' lang='lat' dir='ltr'>oculis</span> <span class='ocrx_word' id='word_1_190' title='bbox 487 1550 719 1600; x_wconf 85' lang='lat' dir='ltr'>inspicientis</span> <span class='ocrx_word' id='word_1_191' title='bbox 746 1551 945 1587; x_wconf 79' lang='lat' dir='ltr'>auribusve</span> <span class='ocrx_word' id='word_1_192' title='bbox 977 1550 1194 1602; x_wconf 86' lang='lat' dir='ltr'>accipientis</span> <span class='ocrx_word' id='word_1_193' title='bbox 1235 1548 1497 1586; x_wconf 87' lang='lat' dir='ltr'>testimonium</span> <span class='ocrx_word' id='word_1_194' title='bbox 1537 1554 1616 1586; x_wconf 87' lang='lat' dir='ltr'>erat</span> <span class='ocrx_word' id='word_1_195' title='bbox 1636 1546 1708 1584; x_wconf 89' lang='lat' dir='ltr'>ad-</span> 
     </span>
     <span class='ocr_line' id='line_1_23' title="bbox 220 1604 1708 1658; baseline -0.002 -15"><span class='ocrx_word' id='word_1_196' title='bbox 220 1605 458 1658; x_wconf 88' lang='lat' dir='ltr'>ponendum.</span> <span class='ocrx_word' id='word_1_197' title='bbox 515 1607 648 1657; x_wconf 88' lang='lat' dir='ltr'>Itaque</span> <span class='ocrx_word' id='word_1_198' title='bbox 665 1619 738 1642; x_wconf 89' lang='lat' dir='ltr'>nec</span> <span class='ocrx_word' id='word_1_199' title='bbox 767 1606 814 1643; x_wconf 87' lang='lat' dir='ltr'>de</span> <span class='ocrx_word' id='word_1_200' title='bbox 833 1614 1018 1657; x_wconf 88' lang='lat' dir='ltr'>tempore,</span> <span class='ocrx_word' id='word_1_201' title='bbox 1041 1607 1080 1653; x_wconf 84' lang='lat'>*)</span> <span class='ocrx_word' id='word_1_202' title='bbox 1110 1620 1182 1643; x_wconf 82' lang='lat' dir='ltr'>nec</span> <span class='ocrx_word' id='word_1_203' title='bbox 1203 1605 1250 1642; x_wconf 90' lang='lat' dir='ltr'>de</span> <span class='ocrx_word' id='word_1_204' title='bbox 1270 1604 1422 1652; x_wconf 85' lang='lat' dir='ltr'>ordine,</span> <span class='ocrx_word' id='word_1_205' title='bbox 1444 1616 1520 1655; x_wconf 91' lang='lat' dir='ltr'>quo</span> <span class='ocrx_word' id='word_1_206' title='bbox 1540 1605 1708 1655; x_wconf 82' lang='lat' dir='ltr'>singulas</span> 
     </span>
     <span class='ocr_line' id='line_1_24' title="bbox 221 1660 1707 1712; baseline -0.003 -12"><span class='ocrx_word' id='word_1_207' title='bbox 221 1663 303 1700; x_wconf 85' lang='lat' dir='ltr'>illas</span> <span class='ocrx_word' id='word_1_208' title='bbox 322 1662 523 1699; x_wconf 88' lang='lat' dir='ltr'>instituerit</span> <span class='ocrx_word' id='word_1_209' title='bbox 543 1664 878 1712; x_wconf 81' lang='lat' dir='ltr'>peregrinationes,</span> <span class='ocrx_word' id='word_1_210' title='bbox 907 1676 979 1699; x_wconf 89' lang='lat' dir='ltr'>nec</span> <span class='ocrx_word' id='word_1_211' title='bbox 1002 1662 1049 1699; x_wconf 90' lang='lat' dir='ltr'>de</span> <span class='ocrx_word' id='word_1_212' title='bbox 1068 1664 1226 1708; x_wconf 87' lang='lat' dir='ltr'>ratione,</span> <span class='ocrx_word' id='word_1_213' title='bbox 1256 1660 1332 1712; x_wconf 63' lang='lat' dir='ltr'>quai</span> <span class='ocrx_word' id='word_1_214' title='bbox 1352 1662 1433 1697; x_wconf 89' lang='lat' dir='ltr'>illas</span> <span class='ocrx_word' id='word_1_215' title='bbox 1452 1660 1594 1708; x_wconf 86' lang='lat' dir='ltr'>fecerit,</span> <span class='ocrx_word' id='word_1_216' title='bbox 1617 1673 1707 1697; x_wconf 89' lang='lat' dir='ltr'>cum</span> 
     </span>
     <span class='ocr_line' id='line_1_25' title="bbox 223 1716 1708 1770; baseline -0.001 -14"><span class='ocrx_word' id='word_1_217' title='bbox 223 1719 317 1756; x_wconf 87' lang='lat' dir='ltr'>certi</span> <span class='ocrx_word' id='word_1_218' title='bbox 335 1717 427 1770; x_wconf 87' lang='lat' dir='ltr'>quid</span> <span class='ocrx_word' id='word_1_219' title='bbox 449 1719 625 1754; x_wconf 86' lang='lat' dir='ltr'>constitui</span> <span class='ocrx_word' id='word_1_220' title='bbox 644 1719 780 1768; x_wconf 83' lang='lat' dir='ltr'>possit,</span> <span class='ocrx_word' id='word_1_221' title='bbox 810 1717 850 1754; x_wconf 86' lang='lat' dir='ltr'>id</span> <span class='ocrx_word' id='word_1_222' title='bbox 878 1730 1001 1755; x_wconf 90' lang='lat' dir='ltr'>unum</span> <span class='ocrx_word' id='word_1_223' title='bbox 1021 1726 1153 1765; x_wconf 83' lang='lat' dir='ltr'>restat,</span> <span class='ocrx_word' id='word_1_224' title='bbox 1188 1724 1230 1754; x_wconf 92' lang='lat' dir='ltr'>ut</span> <span class='ocrx_word' id='word_1_225' title='bbox 1250 1718 1424 1767; x_wconf 85' lang='lat' dir='ltr'>regiones</span> <span class='ocrx_word' id='word_1_226' title='bbox 1445 1723 1481 1753; x_wconf 87' lang='lat' dir='ltr'>et</span> <span class='ocrx_word' id='word_1_227' title='bbox 1498 1717 1583 1753; x_wconf 90' lang='lat' dir='ltr'>loca</span> <span class='ocrx_word' id='word_1_228' title='bbox 1602 1716 1708 1754; x_wconf 86' lang='lat' dir='ltr'>indi-</span> 
     </span>
     <span class='ocr_line' id='line_1_26' title="bbox 224 1772 1706 1825; baseline -0.001 -13"><span class='ocrx_word' id='word_1_229' title='bbox 224 1787 376 1823; x_wconf 84' lang='lat' dir='ltr'>cemus,</span> <span class='ocrx_word' id='word_1_230' title='bbox 425 1772 472 1809; x_wconf 89' lang='lat' dir='ltr'>ad</span> <span class='ocrx_word' id='word_1_231' title='bbox 502 1786 598 1825; x_wconf 90' lang='lat' dir='ltr'>quae</span> <span class='ocrx_word' id='word_1_232' title='bbox 623 1775 838 1825; x_wconf 81' lang='lat' dir='ltr'>pervenisse</span> <span class='ocrx_word' id='word_1_233' title='bbox 865 1775 1047 1812; x_wconf 87' lang='lat' dir='ltr'>Nostrum</span> <span class='ocrx_word' id='word_1_234' title='bbox 1075 1788 1124 1812; x_wconf 84' lang='lat' dir='ltr'>ex</span> <span class='ocrx_word' id='word_1_235' title='bbox 1149 1775 1229 1825; x_wconf 87' lang='lat' dir='ltr'>ipso</span> <span class='ocrx_word' id='word_1_236' title='bbox 1252 1787 1365 1824; x_wconf 90' lang='lat' dir='ltr'>opere</span> <span class='ocrx_word' id='word_1_237' title='bbox 1385 1775 1583 1823; x_wconf 85' lang='lat' dir='ltr'>superstite</span> <span class='ocrx_word' id='word_1_238' title='bbox 1602 1781 1706 1811; x_wconf 86' lang='lat' dir='ltr'>certo</span> 
     </span>
     <span class='ocr_line' id='line_1_27' title="bbox 226 1826 1709 1883; baseline -0.002 -13"><span class='ocrx_word' id='word_1_239' title='bbox 226 1832 353 1881; x_wconf 85' lang='lat' dir='ltr'>colligi</span> <span class='ocrx_word' id='word_1_240' title='bbox 377 1831 506 1881; x_wconf 87' lang='lat' dir='ltr'>possit.</span> <span class='ocrx_word' id='word_1_241' title='bbox 563 1831 646 1875; x_wconf 83' lang='lat' dir='ltr'>Qua</span> <span class='ocrx_word' id='word_1_242' title='bbox 664 1831 704 1866; x_wconf 89' lang='lat' dir='ltr'>in</span> <span class='ocrx_word' id='word_1_243' title='bbox 724 1844 765 1867; x_wconf 88' lang='lat' dir='ltr'>re</span> <span class='ocrx_word' id='word_1_244' title='bbox 786 1844 876 1867; x_wconf 90' lang='lat' dir='ltr'>cum</span> <span class='ocrx_word' id='word_1_245' title='bbox 895 1839 979 1883; x_wconf 86' lang='lat' dir='ltr'>post</span> <span class='ocrx_word' id='word_1_246' title='bbox 1000 1832 1090 1868; x_wconf 85' lang='lat' dir='ltr'>alios</span> <span class='ocrx_word' id='word_1_247' title='bbox 1113 1832 1213 1868; x_wconf 84' lang='lat' dir='ltr'>viros</span> <span class='ocrx_word' id='word_1_248' title='bbox 1234 1829 1364 1867; x_wconf 84' lang='lat' dir='ltr'>doctos</span> <span class='ocrx_word' id='word_1_249' title='bbox 1384 1826 1458 1879; x_wconf 52' lang='grc' dir='ltr'>Μ)</span> <span class='ocrx_word' id='word_1_250' title='bbox 1477 1828 1709 1867; x_wconf 86' lang='lat' dir='ltr'>laudabilem</span> 
     </span>
     <span class='ocr_line' id='line_1_28' title="bbox 227 1886 1710 1939; baseline 0 -15"><span class='ocrx_word' id='word_1_251' title='bbox 227 1900 385 1939; x_wconf 87' lang='lat' dir='ltr'>operam</span> <span class='ocrx_word' id='word_1_252' title='bbox 404 1887 598 1923; x_wconf 88' lang='lat' dir='ltr'>collocarit</span> <span class='ocrx_word' id='word_1_253' title='bbox 617 1889 742 1938; x_wconf 83' lang='lat' dir='ltr'>Heyse</span> <span class='ocrx_word' id='word_1_254' title='bbox 761 1887 787 1923; x_wconf 92' lang='lat' dir='ltr'>l.</span> <span class='ocrx_word' id='word_1_255' title='bbox 808 1888 832 1924; x_wconf 90' lang='lat' dir='ltr'>l.</span> <span class='ocrx_word' id='word_1_256' title='bbox 854 1900 935 1939; x_wconf 90' lang='lat' dir='ltr'>cap.</span> <span class='ocrx_word' id='word_1_257' title='bbox 950 1888 983 1925; x_wconf 89' lang='lat' dir='ltr'><strong>V</strong></span> <span class='ocrx_word' id='word_1_258' title='bbox 1003 1902 1041 1939; x_wconf 89' lang='lat' dir='ltr'>p.</span> <span class='ocrx_word' id='word_1_259' title='bbox 1062 1886 1114 1928; x_wconf 78' lang='grc'>84</span> <span class='ocrx_word' id='word_1_260' title='bbox 1131 1899 1238 1938; x_wconf 81' lang='lat' dir='ltr'>seqq,</span> <span class='ocrx_word' id='word_1_261' title='bbox 1260 1899 1304 1923; x_wconf 91' lang='lat' dir='ltr'>eo</span> <span class='ocrx_word' id='word_1_262' title='bbox 1325 1886 1516 1923; x_wconf 78' lang='lat' dir='ltr'>breviores</span> <span class='ocrx_word' id='word_1_263' title='bbox 1537 1899 1615 1923; x_wconf 88' lang='lat' dir='ltr'>esse</span> <span class='ocrx_word' id='word_1_264' title='bbox 1635 1899 1710 1938; x_wconf 88' lang='lat' dir='ltr'>po-</span> 
     </span>
     <span class='ocr_line' id='line_1_29' title="bbox 226 1942 1710 1996; baseline -0.001 -15"><span class='ocrx_word' id='word_1_265' title='bbox 226 1945 398 1982; x_wconf 87' lang='lat' dir='ltr'>terimus.</span> <span class='ocrx_word' id='word_1_266' title='bbox 454 1944 511 1979; x_wconf 91' lang='lat' dir='ltr'>De</span> <span class='ocrx_word' id='word_1_267' title='bbox 535 1942 804 1994; x_wconf 83' lang='lat' dir='ltr'>peregrinandi</span> <span class='ocrx_word' id='word_1_268' title='bbox 832 1944 950 1981; x_wconf 92' lang='lat' dir='ltr'>modo</span> <span class='ocrx_word' id='word_1_269' title='bbox 987 1946 1019 1982; x_wconf 90' lang='lat' dir='ltr'>si</span> <span class='ocrx_word' id='word_1_270' title='bbox 1050 1957 1208 1996; x_wconf 87' lang='lat' dir='ltr'>quaeras</span> <span class='ocrx_word' id='word_1_271' title='bbox 1221 1971 1232 1988; x_wconf 92' lang='lat'>‚</span> <span class='ocrx_word' id='word_1_272' title='bbox 1271 1942 1383 1980; x_wconf 80' lang='lat' dir='ltr'>valde</span> <span class='ocrx_word' id='word_1_273' title='bbox 1420 1943 1615 1993; x_wconf 87' lang='lat' dir='ltr'>probabile</span> <span class='ocrx_word' id='word_1_274' title='bbox 1653 1943 1710 1991; x_wconf 89' lang='lat' dir='ltr'>fit,</span> 
     </span>
     <span class='ocr_line' id='line_1_30' title="bbox 227 1998 1711 2052; baseline -0.001 -14"><span class='ocrx_word' id='word_1_275' title='bbox 227 2000 498 2038; x_wconf 86' lang='lat' dir='ltr'>mercatoribus</span> <span class='ocrx_word' id='word_1_276' title='bbox 533 2001 859 2051; x_wconf 84' lang='lat' dir='ltr'>peregrinantibus</span> <span class='ocrx_word' id='word_1_277' title='bbox 910 2014 949 2038; x_wconf 90' lang='lat' dir='ltr'>se</span> <span class='ocrx_word' id='word_1_278' title='bbox 988 2008 1136 2052; x_wconf 88' lang='lat' dir='ltr'>patrem</span> <span class='ocrx_word' id='word_1_279' title='bbox 1175 1999 1352 2036; x_wconf 87' lang='lat' dir='ltr'>historiae</span> <span class='ocrx_word' id='word_1_280' title='bbox 1390 1998 1608 2037; x_wconf 81' lang='lat' dir='ltr'>adiunxisse</span> <span class='ocrx_word' id='word_1_281' title='bbox 1625 2002 1711 2037; x_wconf 88' lang='lat' dir='ltr'>&#39;so-</span> 
     </span>
     <span class='ocr_line' id='line_1_31' title="bbox 229 2053 1710 2109; baseline -0.001 -15"><span class='ocrx_word' id='word_1_282' title='bbox 229 2059 353 2105; x_wconf 83' lang='lat' dir='ltr'>cium3</span> <span class='ocrx_word' id='word_1_283' title='bbox 384 2053 485 2105; x_wconf 37' lang='lat' dir='ltr'>mm)</span> <span class='ocrx_word' id='word_1_284' title='bbox 524 2069 600 2108; x_wconf 89' lang='lat' dir='ltr'>quo</span> <span class='ocrx_word' id='word_1_285' title='bbox 631 2058 734 2093; x_wconf 88' lang='lat' dir='ltr'>enim</span> <span class='ocrx_word' id='word_1_286' title='bbox 761 2058 833 2094; x_wconf 91' lang='lat' dir='ltr'>alio</span> <span class='ocrx_word' id='word_1_287' title='bbox 864 2056 981 2095; x_wconf 91' lang='lat' dir='ltr'>modo</span> <span class='ocrx_word' id='word_1_288' title='bbox 1011 2057 1076 2094; x_wconf 62' lang='lat' dir='ltr'>illa</span> <span class='ocrx_word' id='word_1_289' title='bbox 1105 2058 1327 2109; x_wconf 87' lang='lat' dir='ltr'>praesertim</span> <span class='ocrx_word' id='word_1_290' title='bbox 1357 2063 1478 2093; x_wconf 89' lang='lat' dir='ltr'>aetate</span> <span class='ocrx_word' id='word_1_291' title='bbox 1519 2055 1568 2093; x_wconf 90' lang='lat' dir='ltr'>ad</span> <span class='ocrx_word' id='word_1_292' title='bbox 1596 2057 1710 2094; x_wconf 84' lang='lat' dir='ltr'>Asiae</span> 
     </span>
     <span class='ocr_line' id='line_1_32' title="bbox 228 2113 1710 2166; baseline -0.001 -15"><span class='ocrx_word' id='word_1_293' title='bbox 228 2115 359 2165; x_wconf 83' lang='lat' dir='ltr'>plagas</span> <span class='ocrx_word' id='word_1_294' title='bbox 377 2113 586 2162; x_wconf 82' lang='lat' dir='ltr'>interiores,</span> <span class='ocrx_word' id='word_1_295' title='bbox 607 2113 656 2150; x_wconf 88' lang='lat' dir='ltr'>ad</span> <span class='ocrx_word' id='word_1_296' title='bbox 675 2116 917 2165; x_wconf 78' lang='lat' dir='ltr'>Aegyptum,</span> <span class='ocrx_word' id='word_1_297' title='bbox 946 2122 988 2151; x_wconf 90' lang='lat' dir='ltr'>ut</span> <span class='ocrx_word' id='word_1_298' title='bbox 1010 2113 1075 2151; x_wconf 90' lang='lat' dir='ltr'>has</span> <span class='ocrx_word' id='word_1_299' title='bbox 1096 2115 1332 2166; x_wconf 88' lang='lat' dir='ltr'>potissimum</span> <span class='ocrx_word' id='word_1_300' title='bbox 1361 2113 1559 2149; x_wconf 87' lang='lat' dir='ltr'>nominem</span> <span class='ocrx_word' id='word_1_301' title='bbox 1585 2114 1710 2163; x_wconf 85' lang='lat' dir='ltr'>regio-</span> 
     </span>
     <span class='ocr_line' id='line_1_33' title="bbox 227 2168 1710 2222; baseline -0.001 -15"><span class='ocrx_word' id='word_1_302' title='bbox 227 2183 315 2219; x_wconf 89' lang='lat' dir='ltr'>nes,</span> <span class='ocrx_word' id='word_1_303' title='bbox 355 2177 552 2220; x_wconf 86' lang='lat' dir='ltr'>penetrare</span> <span class='ocrx_word' id='word_1_304' title='bbox 578 2171 796 2222; x_wconf 85' lang='lat' dir='ltr'>multosque</span> <span class='ocrx_word' id='word_1_305' title='bbox 814 2171 906 2208; x_wconf 88' lang='lat' dir='ltr'>alios</span> <span class='ocrx_word' id='word_1_306' title='bbox 935 2171 1095 2208; x_wconf 89' lang='lat' dir='ltr'>aliarum</span> <span class='ocrx_word' id='word_1_307' title='bbox 1120 2178 1308 2208; x_wconf 86' lang='lat' dir='ltr'>terrarum</span> <span class='ocrx_word' id='word_1_308' title='bbox 1327 2168 1501 2206; x_wconf 85' lang='lat' dir='ltr'>homines</span> <span class='ocrx_word' id='word_1_309' title='bbox 1520 2176 1710 2208; x_wconf 79' lang='lat' dir='ltr'>mercatu-</span> 
     </span>
     <span class='ocr_line' id='line_1_34' title="bbox 228 2223 1539 2279; baseline 0 -14"><span class='ocrx_word' id='word_1_310' title='bbox 228 2240 293 2265; x_wconf 86' lang='lat' dir='ltr'>rae</span> <span class='ocrx_word' id='word_1_311' title='bbox 316 2239 429 2264; x_wconf 84' lang='lat' dir='ltr'>causa</span> <span class='ocrx_word' id='word_1_312' title='bbox 447 2226 538 2264; x_wconf 88' lang='lat' dir='ltr'>illuc</span> <span class='ocrx_word' id='word_1_313' title='bbox 559 2227 792 2265; x_wconf 89' lang='lat' dir='ltr'>confluentes</span> <span class='ocrx_word' id='word_1_314' title='bbox 817 2240 1046 2279; x_wconf 86' lang='lat' dir='ltr'>cognoscere</span> <span class='ocrx_word' id='word_1_315' title='bbox 1066 2241 1110 2265; x_wconf 92' lang='lat' dir='ltr'>ac</span> <span class='ocrx_word' id='word_1_316' title='bbox 1129 2228 1308 2265; x_wconf 84' lang='lat' dir='ltr'>sciscitari</span> <span class='ocrx_word' id='word_1_317' title='bbox 1327 2223 1539 2278; x_wconf 77' lang='lat' dir='ltr'>potuisset?</span> 
     </span>
    </p>
   </div>
   <div class='ocr_carea' id='block_1_6' title="bbox 232 2437 1709 2528">
    <p class='ocr_par' dir='ltr' id='par_1_6' title="bbox 232 2437 1709 2528">
     <span class='ocr_line' id='line_1_35' title="bbox 321 2437 1709 2484; baseline -0.001 -13"><span class='ocrx_word' id='word_1_318' title='bbox 321 2439 359 2482; x_wconf 57' lang='lat'>²³)</span> <span class='ocrx_word' id='word_1_319' title='bbox 383 2438 423 2471; x_wconf 87' lang='lat' dir='ltr'>In</span> <span class='ocrx_word' id='word_1_320' title='bbox 447 2437 647 2471; x_wconf 82' lang='lat' dir='ltr'>Artaxerxis</span> <span class='ocrx_word' id='word_1_321' title='bbox 671 2439 838 2477; x_wconf 87' lang='lat' dir='ltr'>aetatem,</span> <span class='ocrx_word' id='word_1_322' title='bbox 862 2438 919 2483; x_wconf 91' lang='lat' dir='ltr'>qui</span> <span class='ocrx_word' id='word_1_323' title='bbox 942 2437 1067 2473; x_wconf 84' lang='lat' dir='ltr'>Xerxis</span> <span class='ocrx_word' id='word_1_324' title='bbox 1090 2439 1180 2473; x_wconf 76' lang='lat' dir='ltr'>filius</span> <span class='ocrx_word' id='word_1_325' title='bbox 1201 2438 1280 2473; x_wconf 87' lang='lat' dir='ltr'>huic</span> <span class='ocrx_word' id='word_1_326' title='bbox 1302 2438 1370 2484; x_wconf 86' lang='lat' dir='ltr'>ipsi</span> <span class='ocrx_word' id='word_1_327' title='bbox 1393 2437 1569 2480; x_wconf 82' lang='lat' dir='ltr'>successit,</span> <span class='ocrx_word' id='word_1_328' title='bbox 1596 2437 1709 2471; x_wconf 83' lang='lat' dir='ltr'>Hero-</span> 
     </span>
     <span class='ocr_line' id='line_1_36' title="bbox 232 2482 1708 2528; baseline -0.001 -11"><span class='ocrx_word' id='word_1_329' title='bbox 232 2482 302 2517; x_wconf 80' lang='lat' dir='ltr'>doti</span> <span class='ocrx_word' id='word_1_330' title='bbox 324 2484 445 2517; x_wconf 88' lang='lat' dir='ltr'>itinera</span> <span class='ocrx_word' id='word_1_331' title='bbox 461 2483 568 2517; x_wconf 86' lang='lat' dir='ltr'>reiicit</span> <span class='ocrx_word' id='word_1_332' title='bbox 591 2483 789 2516; x_wconf 87' lang='lat' dir='ltr'>Dahlmann.</span> <span class='ocrx_word' id='word_1_333' title='bbox 814 2483 835 2516; x_wconf 88' lang='lat' dir='ltr'>l.</span> <span class='ocrx_word' id='word_1_334' title='bbox 863 2484 884 2516; x_wconf 89' lang='lat' dir='ltr'>l.</span> <span class='ocrx_word' id='word_1_335' title='bbox 906 2496 938 2528; x_wconf 83' lang='lat' dir='ltr'>p.</span> <span class='ocrx_word' id='word_1_336' title='bbox 963 2485 1019 2518; x_wconf 69' lang='lat'>54.</span> <span class='ocrx_word' id='word_1_337' title='bbox 1065 2485 1139 2518; x_wconf 83' lang='lat' dir='ltr'>Nos</span> <span class='ocrx_word' id='word_1_338' title='bbox 1163 2485 1242 2518; x_wconf 90' lang='lat' dir='ltr'>illud</span> <span class='ocrx_word' id='word_1_339' title='bbox 1272 2485 1368 2518; x_wconf 86' lang='lat' dir='ltr'>modo</span> <span class='ocrx_word' id='word_1_340' title='bbox 1401 2484 1572 2518; x_wconf 80' lang='lat' dir='ltr'>affirmare</span> <span class='ocrx_word' id='word_1_341' title='bbox 1604 2483 1708 2517; x_wconf 84' lang='lat' dir='ltr'>aude-</span> 
     </span>
    </p>
   </div>
   <div class='ocr_carea' id='block_1_7' title="bbox 231 2528 1710 2620">
    <p class='ocr_par' dir='ltr' id='par_1_7' title="bbox 231 2528 1710 2620">
     <span class='ocr_line' id='line_1_37' title="bbox 231 2528 1710 2573; baseline 0.001 -12"><span class='ocrx_word' id='word_1_342' title='bbox 231 2540 323 2570; x_wconf 85' lang='lat' dir='ltr'>mus,</span> <span class='ocrx_word' id='word_1_343' title='bbox 346 2530 467 2563; x_wconf 81' lang='lat' dir='ltr'>itinera</span> <span class='ocrx_word' id='word_1_344' title='bbox 489 2530 532 2562; x_wconf 89' lang='lat' dir='ltr'>ab</span> <span class='ocrx_word' id='word_1_345' title='bbox 551 2529 724 2562; x_wconf 83' lang='lat' dir='ltr'>Herodoto</span> <span class='ocrx_word' id='word_1_346' title='bbox 747 2540 806 2573; x_wconf 86' lang='lat' dir='ltr'>per</span> <span class='ocrx_word' id='word_1_347' title='bbox 833 2529 947 2563; x_wconf 82' lang='lat' dir='ltr'>Asiam</span> <span class='ocrx_word' id='word_1_348' title='bbox 971 2535 1006 2563; x_wconf 91' lang='lat' dir='ltr'>et</span> <span class='ocrx_word' id='word_1_349' title='bbox 1030 2531 1178 2564; x_wconf 78' lang='lat' dir='ltr'>Africam</span> <span class='ocrx_word' id='word_1_350' title='bbox 1201 2533 1294 2566; x_wconf 72' lang='lat' dir='ltr'>facta</span> <span class='ocrx_word' id='word_1_351' title='bbox 1324 2530 1446 2565; x_wconf 85' lang='lat' dir='ltr'>cadere</span> <span class='ocrx_word' id='word_1_352' title='bbox 1475 2533 1554 2563; x_wconf 84' lang='lat' dir='ltr'>ante</span> <span class='ocrx_word' id='word_1_353' title='bbox 1583 2528 1710 2562; x_wconf 83' lang='lat' dir='ltr'>recita-</span> 
     </span>
     <span class='ocr_line' id='line_1_38' title="bbox 232 2574 1000 2620; baseline 0.001 -12"><span class='ocrx_word' id='word_1_354' title='bbox 232 2574 355 2608; x_wconf 83' lang='lat' dir='ltr'>tionem</span> <span class='ocrx_word' id='word_1_355' title='bbox 385 2575 626 2619; x_wconf 70' lang='lat' dir='ltr'>Olympiacam.</span> <span class='ocrx_word' id='word_1_356' title='bbox 681 2574 758 2610; x_wconf 81' lang='lat' dir='ltr'>vid.</span> <span class='ocrx_word' id='word_1_357' title='bbox 781 2586 884 2620; x_wconf 86' lang='lat' dir='ltr'>supra</span> <span class='ocrx_word' id='word_1_358' title='bbox 908 2577 941 2617; x_wconf 71' lang='grc' dir='ltr'>ἓ.</span> <span class='ocrx_word' id='word_1_359' title='bbox 966 2576 1000 2609; x_wconf 83' lang='lat'>4.</span> 
     </span>
    </p>
   </div>
   <div class='ocr_carea' id='block_1_8' title="bbox 232 2640 1707 2733">
    <p class='ocr_par' dir='ltr' id='par_1_8' title="bbox 232 2640 1707 2733">
     <span class='ocr_line' id='line_1_39' title="bbox 232 2640 1707 2733; baseline 0 -58"><span class='ocrx_word' id='word_1_360' title='bbox 232 2698 255 2733; x_wconf 69' lang='lat' dir='ltr'>p</span> <span class='ocrx_word' id='word_1_361' title='bbox 291 2641 524 2731; x_wconf 53' lang='lat' dir='ltr'>5;*2e(}{{kert.</span> <span class='ocrx_word' id='word_1_362' title='bbox 548 2644 678 2688; x_wconf 82' lang='lat' dir='ltr'>Geogr.</span> <span class='ocrx_word' id='word_1_363' title='bbox 704 2644 850 2678; x_wconf 83' lang='lat' dir='ltr'>Graece.</span> <span class='ocrx_word' id='word_1_364' title='bbox 877 2650 912 2678; x_wconf 83' lang='lat' dir='ltr'>et</span> <span class='ocrx_word' id='word_1_365' title='bbox 934 2645 1065 2681; x_wconf 90' lang='lat' dir='ltr'>Romm.</span> <span class='ocrx_word' id='word_1_366' title='bbox 1087 2644 1117 2687; x_wconf 90' lang='lat'>1,</span> <span class='ocrx_word' id='word_1_367' title='bbox 1142 2646 1161 2679; x_wconf 87' lang='lat'>1</span> <span class='ocrx_word' id='word_1_368' title='bbox 1185 2655 1219 2690; x_wconf 89' lang='lat' dir='ltr'>p.</span> <span class='ocrx_word' id='word_1_369' title='bbox 1241 2646 1285 2681; x_wconf 88' lang='grc'>71</span> <span class='ocrx_word' id='word_1_370' title='bbox 1309 2655 1404 2689; x_wconf 84' lang='lat' dir='ltr'>seqq.</span> <span class='ocrx_word' id='word_1_371' title='bbox 1416 2640 1615 2677; x_wconf 74' lang='lat' dir='ltr'>Dammana.</span> <span class='ocrx_word' id='word_1_372' title='bbox 1639 2641 1662 2676; x_wconf 86' lang='lat'>1.</span> <span class='ocrx_word' id='word_1_373' title='bbox 1683 2640 1707 2676; x_wconf 93' lang='lat' dir='ltr'>l·</span> 
     </span>
    </p>
   </div>
   <div class='ocr_carea' id='block_1_9' title="bbox 234 2753 1710 2846">
    <p class='ocr_par' dir='ltr' id='par_1_9' title="bbox 234 2753 1710 2846">
     <span class='ocr_line' id='line_1_40' title="bbox 323 2753 1710 2802; baseline 0.004 -16"><span class='ocrx_word' id='word_1_374' title='bbox 323 2754 402 2798; x_wconf 72' lang='grc'>***)</span> <span class='ocrx_word' id='word_1_375' title='bbox 425 2753 512 2786; x_wconf 85' lang='lat' dir='ltr'>Hine</span> <span class='ocrx_word' id='word_1_376' title='bbox 534 2755 606 2798; x_wconf 81' lang='lat' dir='ltr'>ipse</span> <span class='ocrx_word' id='word_1_377' title='bbox 629 2760 729 2800; x_wconf 85' lang='lat' dir='ltr'>pater</span> <span class='ocrx_word' id='word_1_378' title='bbox 749 2757 910 2793; x_wconf 76' lang='lat' dir='ltr'>historiae</span> <span class='ocrx_word' id='word_1_379' title='bbox 932 2758 1014 2793; x_wconf 86' lang='lat' dir='ltr'>talia</span> <span class='ocrx_word' id='word_1_380' title='bbox 1037 2760 1258 2793; x_wconf 83' lang='lat' dir='ltr'>mercatorum</span> <span class='ocrx_word' id='word_1_381' title='bbox 1280 2756 1405 2790; x_wconf 81' lang='lat' dir='ltr'>itinera</span> <span class='ocrx_word' id='word_1_382' title='bbox 1428 2755 1710 2802; x_wconf 79' lang='lat' dir='ltr'>descripsissevi-</span> 
     </span>
     <span class='ocr_line' id='line_1_41' title="bbox 234 2799 829 2846; baseline 0.003 -12"><span class='ocrx_word' id='word_1_383' title='bbox 234 2800 356 2843; x_wconf 83' lang='lat' dir='ltr'>detur3</span> <span class='ocrx_word' id='word_1_384' title='bbox 378 2799 448 2836; x_wconf 83' lang='lat' dir='ltr'>vid.</span> <span class='ocrx_word' id='word_1_385' title='bbox 472 2799 516 2844; x_wconf 86' lang='lat' dir='ltr'>V,</span> <span class='ocrx_word' id='word_1_386' title='bbox 541 2801 585 2835; x_wconf 74' lang='lat'>52</span> <span class='ocrx_word' id='word_1_387' title='bbox 608 2800 721 2846; x_wconf 84' lang='lat' dir='ltr'>ibique</span> <span class='ocrx_word' id='word_1_388' title='bbox 744 2808 829 2836; x_wconf 78' lang='lat' dir='ltr'>nott.</span> 
     </span>
    </p>
   </div>
   <div class='ocr_carea' id='block_1_10' title="bbox 1819 3041 1826 3130">
    <p class='ocr_par' dir='ltr' id='par_1_10' title="bbox 1819 3041 1826 3130">
     <span class='ocr_line' id='line_1_42' title="bbox 1819 3041 1826 3130; textangle 90"><span class='ocrx_word' id='word_1_389' title='bbox 1819 3041 1826 3130; x_wconf 47' lang='grc' dir='ltr'><strong>ῳ</strong></span> 
     </span>
    </p>
   </div>
  </div>
 </body>
</html>
