1996 3238
472 228 530 268 96
876 226 1335 265 HERODOTI

476 346 558 391 σφι
605 334 722 387 ἔδοξε
780 335 1149 394 βουλευομένοισι,
1211 336 1470 393 οἰκοδόμεον
1529 337 1601 381 διὰ
1656 343 1791 383 τοῦὸο

450 402 657 458 4Ἰσθμοῦ
685 408 837 459 τεῖχος.
889 404 962 448 ἅτε
983 406 1028 449 δὲ
1056 404 1247 448 ἐουσέων
1261 406 1509 459 μυριαδέων
1527 403 1736 457 πολλέων,

474 471 549 514 καὶ
587 471 751 522 παντὸς
789 470 949 527 ἀνδρὸς
989 471 1295 527 ἐργαζομένου,
1338 472 1465 528 ἤνετο
1509 473 1558 517 τὸ
1595 474 1735 529 ἔργον.

446 537 551 581 5καὶ
582 536 667 593 γάρ
699 541 840 592 λίθοι,
881 541 953 584 καὶ
990 541 1182 589 πλίνθοι,
1218 540 1291 582 καὶ
1325 540 1441 594 ξύλα,
1468 542 1540 585 καὶ
1571 542 1735 598 φορμοὶ

475 604 660 661 ψάμμου
699 606 875 662 πλήρεες
912 607 1218 662 έσεφορέοντο,
1262 609 1334 650 καὶ
1374 609 1547 653 ἐλίνυον
1575 609 1735 654 οὐδένα

473 673 634 729 χρόνον
681 675 724 717 οἱ
759 674 1057 730 βοηθήσαντες
1095 674 1394 730 ἐργαζόμενοι,
1427 677 1525 721 οὔτε
1563 678 1732 732 νυκτὸς,
1747 683 1791 720 65

346 738 414 783 72
471 740 572 784 οὔτε
590 741 765 797 ἡμέρης.
796 744 850 784 Οἱ
868 743 913 784 δὲ
932 743 1209 798 βωθήσαντες
1229 743 1270 794 ἐς
1282 744 1358 786 τὸν
1372 743 1557 801 Ἰσθμὸν
1577 748 1737 802 πανδη-

142 802 423 871 ἓξξῑὲωῗξζῗιᾘξξξ
479 810 561 864 μεὶ,
573 811 663 853 οἵδε
676 805 1024 865 ἦσανἘλλήνων·
1054 810 1390 865 Λακεδαιμόνιοί
1398 829 1441 854 τε
1456 814 1736 868 καὶἈρκάδες

142 870 402 933 ξζζζξιζῇιξίῗζξῇ
476 877 655 928 πάντες,
686 876 758 920 καὶ
783 875 963 929 Ἠλεῖοι,
991 881 1063 921 καὶ
1095 881 1350 933 Κορίνθιοι,
1382 880 1454 923 καὶ
1483 881 1736 934 Σικυώνιοι,

473 946 549 988 καὶ
575 943 874 1000 Ἐπιδαύριοι,
905 947 980 989 καὶ
1011 947 1227 1000 Φλιάσιοι,
1257 947 1330 990 καὶ
1365 948 1633 1004 Τροιζήνιοι,
1663 953 1737 993 καὶ

444 1009 739 1067 2“Ερμιονέες.
799 1007 926 1057 οὗτοι
965 1015 1044 1070 μὲν
1083 1012 1196 1072 ἦσαν
1241 1017 1284 1059 οἱ
1318 1016 1618 1072 βοηθήσαντες
1663 1018 1824 1062 καὶ7ο’

473 1078 885 1135 ’ὑπεραῤῥωδέοντες
914 1085 968 1140 τῇ
991 1080 1160 1128 Ἑλλάδι
1179 1084 1518 1142 κινδυνευούσῃ*
1547 1090 1660 1130 τοῖσι
1689 1086 1736 1131 δὲ

419 1304 530 1346 neta,
562 1297 603 1335 in
622 1300 944 1350 periculosissimis
963 1301 1074 1340 habi-

418 1361 459 1391 ta
497 1353 810 1409 horrendumque
853 1358 958 1395 haud
994 1373 1073 1396 uno

418 1410 504 1448 loco
535 1414 720 1463 praebens
737 1413 959 1465 adspectum
990 1422 1072 1453 tum

420 1469 469 1513 ob
505 1481 616 1519 rupes
642 1472 884 1521 praecipites,
913 1480 998 1509 tum
1022 1474 1070 1510 ob

419 1537 526 1561 mare
536 1527 706 1563 vicinum
720 1535 928 1580 ventosque
940 1531 1083 1580 impor-

420 1587 546 1618 tunos.
602 1582 742 1621 Adhuc
764 1587 906 1622 tramiti
937 1599 1081 1623 nomen

420 1637 519 1675 Kakz'
533 1639 634 1676 scala
654 1641 678 1676 i.
695 1654 729 1677 e.
749 1641 845 1678 mala
862 1644 934 1689 via,
956 1644 1082 1693 prouti

420 1695 582 1731 similem
596 1695 789 1747 quendam
804 1699 995 1734 tramitem
1015 1713 1082 1735 su-

420 1763 490 1801 per
530 1751 712 1789 Rhaetiae
748 1754 838 1804 iuga
873 1754 1082 1793 deductum

422 1805 568 1856 adhuc,
601 1808 704 1860 quod
722 1823 838 1848 nemo
853 1813 984 1859 nescit,
1010 1825 1082 1849 vo-

423 1870 511 1900 cant
558 1864 656 1902 Viam
698 1864 853 1906 Malam.
911 1869 1082 1906 Plurima

423 1919 528 1958 dabit
542 1922 806 1972 Reinganum:
831 1923 896 1961 das
915 1925 988 1962 alte
997 1927 1082 1962 Me-

423 1978 522 2027 garis
535 1991 573 2028 p.
595 1982 648 2019 27
670 1993 775 2032 seqq.
821 1983 913 2032 Ipsis
937 1984 1081 2019 monti-

424 2034 494 2071 bus
510 2047 653 2071 nomen
682 2036 802 2073 fertur
833 2051 911 2075 esse
928 2038 1083 2076 Derveni

423 2089 550 2139 Banu,
581 2093 763 2143 quoniam
785 2093 834 2130 ad
854 2097 1084 2145 septentrio-

422 2147 510 2182 nale
531 2150 723 2185 montium
739 2151 835 2187 latus
865 2152 1083 2190 Turcarum

421 2206 633 2254 portorium
658 2203 700 2257 (i.
727 2220 760 2244 e.
788 2207 963 2254 Derveni;
991 2222 1083 2246 nam

422 2259 528 2297 Bmzo
546 2269 718 2298 montem
737 2277 766 2300 s.
789 2265 927 2301 collem
947 2279 1081 2317 quem-

423 2317 515 2353 libet
534 2316 695 2372 indicat)
723 2321 816 2356 olim
834 2323 1083 2360 constitutum

424 2380 516 2410 erat.

480 2425 548 2468 ἷίτε
586 2428 628 2469 δὲ
658 2429 829 2471 ἐουσέων
858 2432 1082 2485 μυριαὸέων

425 2484 622 2537 πολλέων]
647 2486 688 2526 δὲ
709 2502 729 2524 e
742 2490 905 2526 Florent.
922 2503 1010 2526 cum
1024 2504 1080 2526 re-

427 2549 542 2579 centt.
571 2542 727 2580 exhibui
753 2559 821 2596 pro
861 2543 935 2597 δή,
975 2546 1079 2598 quod

428 2611 516 2634 cum
551 2598 757 2639 Scliaefero
793 2604 946 2639 retinuit
982 2605 1084 2640 Mat-

427 2653 539 2691 thiae.
575 2655 636 2691 Ad
657 2654 773 2706 ἥνετο
795 2660 896 2696 conf.
917 2667 1011 2701 nott,
1033 2659 1081 2697 ad

426 2712 463 2758 1,
497 2712 588 2751 189.
622 2713 701 2759 Vll,
728 2718 780 2755 20
801 2723 836 2752 et
855 2715 903 2753 ad
926 2716 1080 2756 ἐλίνυον

425 2773 520 2807 nott.
548 2767 656 2816 adl,
687 2772 753 2809 67.
812 2771 963 2827 φορμοὶ
991 2781 1079 2812 sunt

425 2824 560 2873 corbes,
592 2827 762 2865 canistra.

1326 1305 1416 1356 Cap.
1440 1307 1601 1345 LXXII.

1189 1382 1241 1421 Οἵ
1251 1383 1273 1422 δ
1284 1380 1300 1422 ὲ
1312 1380 1430 1435 βωθή
1437 1386 1590 1433 σαντες]
1608 1386 1663 1422 Ita
1674 1385 1794 1423 Wes-

1129 1440 1265 1490 seling.
1289 1454 1337 1477 ex
1355 1441 1528 1479 Eustatli.
1556 1441 1604 1478 ad
1623 1441 1730 1479 Iliad.
1753 1456 1794 1493 p.

1137 1498 1238 1545 228,
1267 1500 1342 1553 ,16
1379 1511 1409 1535 S.
1447 1500 1557 1544 218,
1594 1501 1660 1538 21.
1717 1499 1794 1535 Alii

1139 1553 1429 1604 βοηθήσαντες,
1440 1554 1542 1606 quod
1558 1556 1684 1605 ipsum
1700 1569 1794 1593 mox

1139 1621 1294 1659 omnes,
1333 1618 1522 1662 quantum
1563 1613 1639 1649 scio
1658 1640 1670 1659 ,
1707 1613 1794 1649 libri

1138 1667 1334 1715 praebent.
1392 1668 1458 1704 Tu
1477 1668 1577 1707 conf.
1605 1668 1716 1705 allata
1745 1667 1794 1706 ad

1137 1722 1246 1772 VIII,
1289 1726 1325 1763 1.
1343 1744 1398 1751 —
1436 1723 1498 1760 Ad
1534 1724 1705 1762 dativum
1746 1727 1800 1780 τῇ

1136 1776 1293 1818 Ἑλλάδι
1312 1782 1456 1817 consul.
1475 1780 1612 1819 Matth.
1638 1783 1705 1820 Gr.
1729 1783 1796 1820 Gr.

1141 1837 1177 1881 ς.
1198 1834 1281 1876 394
1298 1850 1386 1888 pag.
1402 1841 1499 1879 721.

1195 1928 1297 1964 τοῖσι
1335 1924 1378 1965 δὲ
1409 1924 1562 1966 ἄλλοισι
1591 1929 1798 1967 Πελοπον-

1137 1982 1313 2032 νησίοισι
1348 1982 1455 2034 ἔμελε
1491 1981 1628 2033 οὐδέν]
1659 1986 1795 2022 Merito

1140 2036 1233 2075 haec
1267 2039 1411 2077 attendi
1440 2041 1521 2078 vult
1561 2040 1796 2079 Dahlmann.

1138 2096 1178 2131 in
1205 2095 1387 2135 Herodot.
1423 2110 1510 2148 pag.
1551 2097 1650 2146 184,
1691 2105 1734 2135 ut
1774 2111 1796 2135 e

1139 2152 1275 2204 quibus
1291 2154 1438 2204 insigne
1456 2155 1580 2191 Nostri
1607 2155 1796 2205 scriptoris

1137 2208 1306 2246 studium
1338 2211 1502 2257 eluceat,
1544 2223 1620 2261 quo
1661 2209 1796 2248 ductus

1136 2278 1258 2301 unum
1282 2279 1429 2313 verum,
1459 2266 1562 2318 quod
1582 2268 1622 2302 iu
1641 2268 1798 2318 singulis

1140 2322 1251 2358 rebus
1293 2322 1511 2372 indagando
1548 2331 1796 2374 compererat,

1138 2377 1287 2414 tradere
1314 2381 1454 2424 voluit,
1488 2380 1534 2416 ab
1567 2382 1672 2416 omni
1707 2393 1798 2432 par-

1136 2435 1231 2470 tium
1242 2435 1366 2472 studio
1387 2437 1435 2472 ita
1454 2437 1609 2484 alienus,
1631 2445 1684 2485 ut,
1699 2450 1796 2489 quae

1136 2490 1261 2527 forsan
1297 2494 1422 2529 minus
1448 2492 1651 2530 laudabilia
1678 2493 1796 2531 adeo-

1137 2560 1210 2598 que
1221 2551 1367 2598 ingrata
1379 2548 1432 2586 his
1444 2550 1513 2586 illis
1535 2551 1701 2598 fuissent,
1716 2563 1794 2587 non

1140 2605 1278 2641 celaret
1317 2607 1513 2643 silentiove
1554 2608 1795 2657 praetermit-

1139 2667 1244 2698 teret.
1276 2663 1402 2714 ltaque
1422 2664 1534 2699 etiam
1555 2662 1593 2700 h.
1619 2664 1645 2700 l.
1667 2670 1795 2714 aperte

1136 2717 1289 2765 indicat,
1313 2721 1469 2770 quinam
1487 2720 1584 2756 inter
1600 2720 1795 2770 Pelopon-

1134 2776 1257 2812 nesios
1270 2777 1448 2812 Graeciae
1467 2776 1678 2813 libertatem
1698 2777 1794 2813 tueri

1134 2830 1359 2881 studuerint,
1383 2833 1524 2886 quique
1545 2834 1794 2884 neglexerint.
