1879 3222
436 135 519 176 264

807 135 1298 173 ,HERODOTI

406 245 530 285 δτοῠ.
586 239 609 283 ὁ
651 241 696 284 δὲ
739 241 787 284 ἐν
827 240 966 299 τούτῳ
996 246 1057 298 τῷ
1085 246 1206 300 κακῷ
1235 244 1443 299 ἐχόμενος,
1467 244 1573 287 ὥστε
1596 246 1685 298 τρέ-

435 323 524 363 χων
563 308 662 361 περὶ
699 311 773 363 τῆς
800 313 938 364 ψυχῆς
965 310 1050 364 πρό
1084 328 1124 354 τε
1154 315 1234 354 τοῦ
1263 310 1461 353 θανάτου
1496 312 1742 366 πεισόμε-65

435 390 511 424 νος
537 375 675 417 πολλά
705 391 748 417 τε
778 376 849 418 καὶ
879 378 1036 433 λυγρὰ,
1069 379 1195 433 ἔργον
1224 377 1433 433 ἐργάσατο
1464 378 1590 433 μέζον
1620 377 1687 420 λό-

405 444 532 496 4γου.
563 440 619 492 ὦς
646 441 729 498 γὰρ
761 444 813 499 δὴ
843 444 1008 488 ἐδέδετο
1038 444 1085 487 ἐν
1105 445 1215 502 ξύλῳ
1236 448 1512 502 σιδηροδέτῳ,
1537 444 1688 488 ἐσενει-

432 509 612 565 χθέντος
641 527 727 562 κως
758 513 958 567 σιδηρίου
988 511 1212 568 ἐκράτησε·
1264 511 1419 556 αὐτίκα
1457 513 1502 556 δὲ
1533 512 1687 567 ἐμηχα-

435 580 542 621 νᾶτο
573 577 883 632 ἀνδρειότατον
913 580 1040 633 ἔργον
1079 578 1254 621 πάντων
1283 584 1370 622 τῶν
1399 580 1520 635 ἡμεῖς
1549 582 1685 634 ἴδμεν.
1697 586 1743 620 7ο

436 646 793 702 σταθμησάμενος
832 646 917 702 γοέρ
958 646 1071 696 ὅκως
1099 645 1356 697 ἐξελεύσεταί
1386 650 1429 690 οἱ
1456 647 1504 691 τὸ
1535 648 1688 691 λοιπόν

406 715 523 755 5τοῦ
551 712 698 764 ποδὸς,
732 711 918 768 οἷπέταμε
947 713 1024 756 τὸν
1053 712 1215 768 ταρσὸν
1236 712 1414 756 ἑωυτοῦ.

1477 719 1610 757 ταῦτα
1641 716 1687 759 δὲ

434 778 645 835 ποιήσας,
678 780 786 824 ὥστε
817 780 1144 837 φυλασσόμενος
1172 779 1260 824 ὑπὸ
1285 780 1513 835 φυλάκων,
1544 783 1688 837 διορύ-

435 847 510 897 ξας
537 848 614 890 τὸν
644 853 801 903 τοῖχον,
832 849 995 905 ἀπέδρη
1026 848 1069 899 ἐς
1102 848 1273 904 Τεγέην,
1323 848 1396 900 τὰς
1425 849 1503 903 μὲν
1531 847 1689 900 νύκτας

434 913 744 969 πορευόμενος,
774 915 848 966 τοὶς
877 916 923 960 δὲ
952 916 1113 971 ἡμέρας
1143 916 1402 960 καταδύνων
1431 917 1473 968 ές
1493 915 1690 972 ὕληνκαὶ
1751 932 1754 933 ’

436 980 736 1037 αὐλιζόμενος·
786 983 903 1026 οὕτω
943 984 1050 1026 ὥστε
1093 986 1453 1039 Λακεδαιμονίων
1481 985 1745 1039 πανδημεὶ75

435 1049 693 1104 διζημένων,
724 1052 846 1109 τρίτῃ
882 1049 1080 1108 εὐφρόνῃ
1109 1051 1313 1107 γενέσθαι
1340 1051 1387 1094 ἐν
1405 1052 1555 1108 Τεγέῃ·
1585 1053 1691 1102 τούς

435 1117 481 1160 δὲ
518 1119 564 1162 έν
600 1119 800 1176 θωύματι
828 1119 997 1179 μεγάλῳ
1027 1119 1246 1176 ἐνέχεσθαι
1271 1122 1344 1176 τῆς
1372 1135 1416 1163 τε
1445 1118 1615 1176 τόλμης,
1647 1117 1691 1163 ὁ-

377 1302 441 1349 111,
478 1304 556 1342 119
588 1309 625 1339 et
656 1301 703 1339 de
732 1316 826 1342 voce
861 1297 1034 1357 οἷνοῖρσια

377 1364 472 1395 nott.
499 1357 547 1395 ad
568 1360 633 1406 ΙΙΙ,
666 1362 730 1400 10.

394 1427 397 1431 “
432 1413 476 1453 έν
491 1411 617 1469 τούτῳ
632 1419 684 1469 τῷ
705 1419 815 1471 κακῷ
830 1413 1032 1469 ἐχόμενος]

377 1471 497 1521 Attigi
517 1471 566 1510 ad
586 1473 761 1523 vm‚52.
796 1474 914 1526 Seqq.
938 1470 1037 1513 ὥστε

381 1525 529 1578 τρέχειν
560 1528 649 1580 περὶ
683 1533 753 1580 τῆς
778 1533 914 1582 ψυχῆς
946 1531 1037 1567 illu-

381 1585 495 1620 stravi
521 1584 569 1621 ad
599 1587 680 1633 VH,
710 1587 776 1627 57.
834 1586 897 1623 Ad
924 1600 1036 1625 voces

380 1637 496 1690 μέζον
522 1635 643 1692 λόγου
671 1641 748 1679 vid.
769 1649 864 1679 nott.
886 1641 934 1678 ad
955 1643 1035 1690 VII,

437 1749 589 1791 ἐδέδετο
623 1751 665 1792 έν
702 1749 807 1805 ξύλῳ
835 1751 1038 1805 σιδηροδέ-

381 1807 453 1859 τῳ]
484 1809 604 1858 Attigi
624 1808 671 1846 ad
695 1811 756 1858 VI,
780 1809 847 1850 75.
878 1811 1039 1847 Wesse-

380 1864 518 1913 lingius
539 1865 702 1902 conferri
731 1868 835 1904 iubet
854 1868 967 1903 Petit.
989 1865 1038 1902 ad

379 1921 500 1970 Legg.
531 1922 646 1960 Attio.
674 1923 737 1971 IV,
769 1926 793 1963 9
821 1936 859 1972 p.
891 1921 969 1963 461
1002 1929 1039 1959 et

380 1977 481 2013 Actt.
518 1979 651 2028 Apost.
684 1981 786 2029 XVI,
815 1977 869 2018 24
908 1980 1037 2031 ibique

382 2033 574 2071 Wetsteu.

438 2087 732 2141 ἐσενειχθέντος
751 2105 830 2137 κως
858 2090 1040 2143 σιδηρίου

381 2143 592 2197 ἐκράτησε]
623 2147 648 2187 i.
670 2161 703 2183 e.
741 2152 870 2184 nactus
903 2151 953 2185 est
980 2150 1042 2185 in—

382 2206 608 2240 strumentum
620 2202 777 2252 ferreum
799 2204 919 2254 aliquo
943 2203 1041 2241 modo

385 2260 602 2309 compedibus
630 2260 772 2297 illatum
809 2273 930 2312 eoque
958 2261 1040 2311 ipso

384 2314 471 2352 dein
492 2329 580 2353 usus
597 2323 651 2352 est
671 2315 719 2352 ad
739 2315 879 2367 pedem
900 2329 1039 2367 ampu-

385 2370 556 2410 tandum.
613 2374 795 2424 Namque·
811 2386 874 2423 pes
905 2372 1040 2410 adstri-

385 2435 466 2465 ctus
487 2436 565 2466 erat
583 2429 688 2479 liguo
709 2427 946 2482 σιδηροδέτῳ
962 2431 986 2465 i.
1005 2442 1039 2467 e.

386 2484 488 2535 quod
508 2486 607 2522 ferro
628 2485 840 2523 revinctum
856 2493 957 2533 erat3
980 2484 1040 2522 id-

387 2553 460 2591 que
481 2543 605 2591 ipsum
624 2543 767 2579 ferrum
787 2556 817 2580 s.
830 2543 1041 2579 ferramen-

389 2601 471 2632 tum
503 2595 601 2647 (hoc
633 2600 735 2635 enim
765 2606 819 2636 est
847 2594 1040 2650 σιδήριον,

391 2658 433 2689 ut
451 2654 578 2690 notavi
594 2653 642 2691 ad
661 2656 740 2700 Vn,
765 2658 832 2702 18)
862 2654 950 2692 inde
972 2669 1042 2691 ex-

390 2709 514 2757 traxit,
535 2722 611 2760 quo
641 2711 779 2760 pedem
806 2713 1042 2762 implicatum

1092 1310 1128 1341 et
1148 1304 1335 1341 innexum
1356 1303 1604 1342 abscinderet.
1620 1324 1677 1351 Τ
1701 1305 1746 1341 Iu

1091 1373 1197 1412 seqq.
1223 1362 1384 1399 verbum
1417 1357 1749 1412 σταθμησάμενος

1092 1415 1182 1454 hino
1214 1419 1354 1456 excitat
1383 1417 1520 1456 Suidas
1557 1430 1588 1455 s-
1627 1431 1662 1457 v.
1696 1418 1750 1454 111

1093 1487 1130 1525 p.
1151 1476 1245 1515 368.

1149 1524 1324 1581 ἆπέταμε
1378 1527 1463 1570 τὸν
1520 1540 1642 1582 ταρσ
1658 1525 1747 1578 όν]

1093 1585 1265 1623 Plantam
1280 1586 1381 1636 pedis
1400 1587 1693 1637 interpretantur
1717 1597 1749 1621 s.

1093 1643 1321 1678 anteriorem
1351 1641 1455 1691 pedis
1486 1648 1644 1692 partem,
1675 1640 1750 1692 quit

1092 1704 1198 1747 parte
1218 1711 1283 1747 pes
1304 1698 1414 1734 latior
1433 1704 1496 1734 est.
1543 1698 1682 1734 Pollux
1701 1698 1749 1745 11,

1093 1751 1119 1791 4
1143 1754 1179 1798 ξ.
1205 1756 1305 1794 197:
1339 1754 1425 1801 (τοῦ
1449 1750 1587 1800 ποδὸς)
1612 1750 1656 1792 τό
1687 1752 1752 1804 ἔμ-

1093 1813 1274 1859 προσθεν
1288 1806 1383 1860 μετὰ
1405 1806 1499 1856 τούς
1518 1805 1750 1857 δακτύλους,

1093 1860 1249 1914 ταρσός.
1306 1867 1350 1901 In
1375 1863 1486 1902 huius
1515 1866 1663 1916 ταρσοῦ
1682 1865 1753 1901 ab·

1092 1922 1194 1958 scissi
1203 1923 1329 1958 locum
1340 1935 1434 1958 mox
1441 1923 1503 1958 ifle
1523 1922 1753 1959 substituisse

1097 1977 1214 2014 fertur
1246 1975 1407 2026 ξύλινον
1446 1976 1576 2018 πόδαε
1625 1979 1753 2029 itaque

1097 2030 1243 2085 ταρσὸν
1285 2035 1408 2072 latiori
1437 2048 1550 2072 sensu
1580 2035 1752 2084 accipere

1096 2092 1231 2127 malim
1250 2089 1297 2127 de
1317 2092 1423 2128 omui
1442 2090 1540 2142 pede
1567 2097 1631 2127 aut
1652 2096 1752 2127 certe

1098 2146 1146 2184 de
1165 2148 1333 2184 inferiori
1353 2148 1431 2183 eius
1451 2154 1567 2198 parte.
1601 2145 1752 2195 Tegeam

1097 2211 1226 2240 autem
1271 2205 1544 2254 Hegesistratus
1593 2203 1752 2253 aufugit,

1098 2273 1173 2311 quo
1195 2258 1331 2296 eodem
1359 2261 1474 2296 etiam
1499 2258 1752 2311 Leotychides

1095 2317 1134 2352 in
1155 2317 1312 2352 exilium
1333 2317 1487 2365 abierat,
1516 2323 1609 2353 teste
1628 2318 1754 2353 Hero-

1097 2371 1186 2409 doto
1208 2374 1269 2420 vl,
1292 2376 1366 2413 67:
1398 2374 1537 2425 quippe
1559 2373 1752 2423 Tegeatae

1096 2430 1308 2467 Laconibus
1329 2430 1463 2466 infensi
1475 2437 1587 2480 atque
1597 2427 1751 2474 inimici,

1097 2492 1139 2522 ut
1160 2488 1295 2522 monui
1316 2485 1363 2524 ad
1383 2487 1413 2534 Ι,
1435 2486 1500 2527 65.
1521 2487 1590 2533 ΙΧ,
1611 2486 1663 2524 26
1684 2483 1750 2520 flu·

1098 2543 1166 2583 35.
1195 2544 1253 2578 De
1272 2544 1388 2580 verbo
1408 2538 1634 2588 αὐλίζεσθαι
1648 2540 1749 2577 conf.

1097 2605 1192 2635 nott.
1215 2597 1263 2636 ad
1283 2599 1380 2647 V111,
1401 2601 1448 2646 83
1479 2597 1526 2634 de
1563 2609 1655 2634 voce
1687 2591 1751 2634 εὕ-

1100 2650 1257 2707 φρόνης
1276 2654 1353 2696 vid.
1370 2660 1462 2692 nott.
1485 2652 1533 2690 ad
1554 2653 1634 2699 Vll,
1658 2655 1723 2692 12.

1155 2711 1197 2751 ἕν
1235 2707 1420 2763 θωύματι
1450 2733 1497 2738 -
1523 2707 1747 2761 ἐνέχεσθαι]
