1879 3222
347 192 432 233 382
880 189 1255 228 COMMENTATIO

347 302 491 341 Edonis
521 300 568 340 de
596 301 733 340 fodinis
767 302 901 350 aureis,
932 315 1030 355 quae
1048 312 1279 341 memoratur
1299 306 1366 351 IX,
1387 303 1440 344 75
1460 302 1590 342 incidit
1609 305 1646 341 in
1671 318 1816 343 annum

348 361 429 401 453
453 373 487 396 a.
509 358 598 396 Chr.
618 373 655 396 n.
676 374 706 397 s.
727 361 877 411 Olymp.
897 361 1074 408 LXXXI,
1097 365 1135 401 2.
1193 364 1249 398 De
1276 363 1414 399 Sitalce
1435 374 1558 398 sermo
1585 369 1638 398 est
1666 363 1728 409 IV,
1741 366 1813 403 80:

346 415 384 453 id
396 414 498 468 quod
509 417 749 466 probabiliter
768 416 897 453 incidit
912 418 949 453 iu
961 430 1049 454 ann.
1064 415 1139 456 431
1156 431 1188 454 a.
1203 416 1291 455 Chr.
1309 432 1348 455 n.
1369 431 1398 454 s.
1420 418 1569 468 Olymp.
1586 419 1814 464 LXXXVII,

349 475 369 511 1
389 485 400 520 3
431 471 478 508 de
497 471 772 509 Thebanorum
792 472 1034 524 expeditione
1053 474 1092 508 in
1114 474 1303 521 Plataeas,
1333 487 1429 526 quae
1459 474 1592 510 accidit
1615 487 1715 512 anuo
1735 473 1813 514 431

346 540 379 565 a.
402 527 501 567 Chn.
522 542 576 576 n„
604 530 684 577 VII,
707 532 785 571 233
807 531 870 579 (T.
893 531 945 566 111
966 543 1000 580 p.
1023 531 1137 576 788),
1177 529 1223 566 de
1245 532 1519 581 Spartanorum
1541 532 1692 580 legatis,
1722 542 1817 581 quos

344 583 595 622 Athenienses
622 586 854 637 intercepere
883 599 982 622 anno
1012 584 1093 625 430
1127 597 1161 621 a.
1195 585 1284 622 Chr.
1317 600 1357 623 n.
1416 588 1519 631 Quae
1539 594 1738 623 narrantur
1753 587 1815 628 Vl,

343 642 410 688 98,
434 654 477 677 ea
493 649 593 678 certe
613 641 753 679 cadunt
769 650 851 692 post
871 655 1014 678 annum
1031 640 1112 680 425
1130 654 1164 677 a.
1185 641 1272 680 Chr,
1292 655 1332 682 n.
1348 656 1377 678 s.
1398 644 1549 693 Olymp.
1570 642 1817 689 LXXXVIII,

343 696 390 744 (ἐς
421 710 542 750 eoque
561 699 673 735 etiam
689 700 886 749 pertinent,
907 711 1003 749 quae
1024 698 1091 743 IX,
1114 700 1167 737 73
1191 696 1237 733 de
1257 699 1430 745 Decelea,
1458 701 1522 745 111,
1547 699 1595 739 15
1618 699 1664 736 de
1676 702 1818 750 Amyr-

342 758 427 790 taeo
457 761 495 791 et
514 756 542 801 I,
569 757 645 795 130
666 755 712 791 de
731 754 872 801 Medis,
905 755 970 806 qui
991 766 1011 789 a
1032 754 1143 789 Dario
1164 752 1289 790 Notho
1315 752 1532 791 defecerunt
1560 768 1659 793 auno
1682 755 1762 796 408
1783 768 1817 792 a·

343 807 434 848 Chr.
465 824 495 848 s.
517 811 670 861 Olymp.
690 811 825 857 XCIII,
850 813 886 850 1.
947 810 1062 846 Plura
1083 808 1311 848 Dahlmaun.
1342 811 1381 846 in
1401 811 1516 858 libro,
1557 813 1622 862 qui
1645 811 1818 849 Herodo—

341 872 402 903 tus
421 866 635 903 inscribitur
663 879 751 916 pag.
771 865 936 907 38—47
957 867 1043 907 coll.
1059 868 1184 918 Heyse
1200 868 1226 904 l.
1247 868 1271 905 l.
1294 880 1331 917 p.
1353 868 1418 914 69,
1440 865 1492 907 74
1512 880 1591 919 seq.

450 925 582 974 Neque
601 935 693 959 vero
714 921 772 959 his
793 935 891 970 eam,
914 936 1030 974 quam
1051 922 1098 959 de
1124 923 1351 960 recitationis
1378 929 1548 973 tempore
1567 922 1696 974 posui,
1730 936 1818 960 sen-

337 981 496 1017 tentiam
514 979 676 1016 convelli
690 992 797 1030 posse
817 986 963 1030 putem.
1021 978 1132 1025 Quod
1152 981 1256 1016 enim
1277 979 1324 1015 ad
1355 980 1524 1015 Plinium
1545 981 1676 1016 attinet
1705 978 1819 1016 Thu-

337 1037 402 1073 riis
434 1034 670 1073 Herodotum
691 1049 784 1087 opus
805 1049 918 1072 suum
948 1036 1143 1073 condidisse
1165 1036 1219 1083 (i.
1245 1049 1278 1073 e.
1302 1038 1537 1085 composuisse,
1558 1035 1751 1088 scripsisse)
1772 1032 1818 1086 ἢ)

339 1091 550 1140 dicentem,
571 1099 608 1129 et
627 1093 706 1143 ipse
726 1099 849 1129 statuo
872 1091 1027 1129 Thuriis
1049 1088 1116 1141 Μ’)
1148 1091 1386 1129 Herodotum
1407 1105 1500 1143 opus
1522 1091 1668 1129 dudum
1687 1093 1820 1129 incoe-

337 1156 449 1200 ptum
470 1156 506 1186 et
521 1148 743 1185 inchoatum
763 1148 888 1186 denuo
908 1156 1123 1186 retractasse
1145 1156 1181 1186 et
1200 1151 1238 1185 in
1261 1161 1345 1185 eam
1359 1178 1368 1196 ,
1410 1162 1525 1201 quam
1555 1148 1680 1186 adhuc
1699 1147 1819 1185 habe-

338 1219 446 1254 mus,
478 1204 665 1255 redegisse.
684 1206 867 1253 formam,
906 1219 955 1241 ne
977 1205 1100 1242 dicam
1121 1206 1343 1254 absolvisse,
1372 1205 1401 1241 si
1422 1204 1578 1257 quidem
1596 1207 1657 1243 vel
1675 1206 1728 1242 sic
1743 1206 1820 1241 im-

336 1263 551 1313 perfectum
578 1263 717 1299 mansit
751 1262 856 1310 illud,
895 1258 999 1312 Μῇ)
1028 1275 1154 1313 neque
1185 1263 1223 1298 in
1239 1261 1326 1309 fine,
1347 1275 1474 1313 neque
1494 1263 1532 1298 in
1554 1263 1633 1299 aliis
1652 1262 1818 1313 partibus

337 1319 452 1369 plane
472 1319 686 1356 absolutum
708 1317 769 1371 †),
800 1332 921 1370 quum
939 1331 1070 1355 senem
1089 1321 1129 1354 in
1151 1317 1392 1365 elaborando,
1412 1318 1654 1368 perficiendo,
1683 1319 1819 1355 liman-

340 1374 390 1412 do
412 1382 638 1425 occupatum
657 1382 897 1426 praematura
911 1388 1012 1412 mors
1033 1376 1255 1425 oppressisse
1274 1373 1465 1422 videatur,
1487 1373 1581 1411 adeo
1601 1382 1643 1411 ut
1662 1375 1723 1412 vel
1743 1375 1819 1411 siue

338 1428 482 1468 careret
497 1432 612 1479 liber,
637 1445 758 1483 ,quem
779 1433 933 1468 ulterius
964 1445 985 1467 e
1005 1433 1190 1482 scriptoris
1215 1432 1369 1468 consilio
1390 1438 1572 1482 spectasse
1596 1430 1700 1468 haud
1719 1432 1820 1467 male

338 1489 501 1525 coniecit
520 1487 834 1538 Dahl1nann.l.l.
853 1503 891 1539 p.
916 1491 1008 1528 137.
1028 1491 1122 1535 217,
1154 1488 1219 1540 qui
1239 1487 1342 1524 idem
1366 1495 1466 1524 recte
1493 1489 1620 1525 statuit
1650 1500 1736 1538 pag.
1764 1487 1818 1526 48

338 1557 417 1596 seq.
445 1557 577 1582 senem
602 1545 714 1582 fuisse
742 1545 980 1581 Herodotum
997 1573 1007 1591 ,
1039 1557 1159 1594 quum
1181 1543 1337 1580 Thuriis
1367 1557 1460 1594 opus
1491 1557 1603 1580 suum
1624 1543 1817 1582 conderet.

335 1601 415 1637 Nec
435 1601 536 1637 male
555 1602 698 1650 Iaeger.
720 1602 745 1639 l.
758 1601 784 1641 l,
805 1614 843 1650 p.
864 1603 936 1639 16:
967 1601 1098 1647 „Libri
1118 1601 1361 1650 scriptionem
1377 1601 1414 1635 iu
1430 1601 1605 1636 ultimam
1624 1601 1721 1636 vitae
1737 1602 1817 1636 He-

336 1655 462 1693 rodoti
489 1662 636 1706 partem
655 1655 832 1703 incidere,
865 1656 1002 1691 clamat
1024 1654 1187 1706 denique
1206 1662 1305 1691 totus
1327 1656 1446 1705 operis
1467 1656 1581 1703 color,
1611 1657 1735 1693 senilis
1756 1657 1817 1692 in-

339 1713 442 1762 genii
468 1711 639 1748 indolem
665 1712 851 1748 redolens.
909 1709 1104 1747 Iudicandi
1129 1709 1408 1762 disserendique
1438 1712 1552 1758 ratio,
1598 1725 1666 1762 per
1693 1719 1817 1749 totum

338 1769 480 1805 librum
492 1769 614 1815 obvia,
636 1775 678 1805 ut
699 1767 746 1804 de
769 1768 866 1805 vitae
890 1765 1081 1803 humanae
1103 1767 1318 1803 conditione
1340 1781 1542 1819 rerumque
1563 1766 1817 1805 humanarum

339 1837 474 1871 cursu,
515 1823 681 1861 hominis
710 1831 765 1860 est
795 1824 932 1860 multas
953 1824 1097 1873 experti
1117 1825 1312 1875 variasque
1333 1824 1431 1860 res.“
1490 1826 1534 1859 In
1555 1825 1713 1861 Graecia
1732 1838 1815 1861 ma-

339 1893 417 1932 gna
441 1879 679 1918 Herodotum
699 1879 870 1918 historias
889 1893 974 1918 suas
993 1880 1194 1918 absolvisse
1222 1880 1384 1931 probant
1412 1881 1537 1929 etiam,
1567 1893 1665 1933 quae
1685 1880 1734 1918 ad
1751 1881 1816 1931 IV,

431 2070 465 2115 ‘'‘)
491 2069 546 2104 Cf.
571 2070 687 2114 Heyse
708 2069 731 2104 l.
755 2069 778 2102 l.
802 2081 836 2115 p.
861 2070 918 2104 71.

430 2139 491 2183 **)
518 2139 577 2172 Sic
599 2137 651 2171 uti
675 2138 738 2171 hoc
760 2140 850 2179 utar,
872 2137 907 2170 in
930 2136 1029 2170 Italia
1053 2136 1160 2170 literis
1182 2136 1340 2171 mandata
1371 2149 1445 2170 esse
1467 2140 1630 2182 apparet,
1654 2150 1742 2184 quae
1765 2138 1818 2172 le-

337 2185 557 2275 ᾗῖῐίιὶἵ;ὀῐ;,
573 2185 633 2265 ἐξ
671 2184 746 2219 coll.
772 2185 814 2218 15
838 2189 907 2217 not.
932 2183 992 2225 IV,
1015 2183 1069 2217 99.
1096 2183 1139 2224 V,
1162 2183 1207 2217 44
1230 2189 1313 2217 nott.
1366 2183 1463 2216 Conf.
1499 2184 1644 2229 Krfiger.
1669 2185 1721 2219 De
1745 2185 1815 2220 Vit.

430 2297 509 2341 ***)
547 2297 624 2332 Vid.
658 2300 743 2331 nott.
777 2296 820 2330 ad
854 2296 884 2335 Ι,
909 2297 985 2329 206.
1011 2295 1090 2337 VII,
1117 2296 1184 2330 213
1217 2295 1290 2329 coll.
1325 2296 1420 2339 VIII,
1447 2296 1521 2332 102.
1547 2298 1622 2332 132.
1648 2296 1711 2341 IX,
1738 2297 1812 2331 122.

341 2345 440 2379 Cons.
465 2344 662 2378 Dahlmann.
687 2355 720 2388 p.
745 2341 800 2376 48.
822 2344 899 2376 217.
922 2343 1053 2385 [aeger.
1079 2342 1100 2374 l.
1128 2342 1149 2375 l.
1176 2353 1211 2385 p.
1240 2342 1292 2375 13.

430 2413 470 2455 †)
497 2412 585 2445 Hinc
609 2415 728 2456 sponte
746 2410 946 2450 concidunt,
969 2421 1055 2454 quae
1079 2409 1154 2442 olim
1178 2409 1358 2443 tradebant
1381 2411 1423 2444 de
1447 2409 1630 2451 Herodoto,
1647 2409 1813 2455 quiprae-

339 2460 391 2490 ter
412 2457 515 2491 libros
542 2459 712 2491 Musarum
735 2456 844 2490 titulis
865 2456 1041 2497 insignitos
1066 2455 1229 2497 hodieque
1252 2457 1451 2499 superstites
1483 2457 1565 2490 alios
1587 2467 1720 2501 quoque
1755 2467 1814 2487 re-

339 2513 411 2535 rum
436 2505 695 2547 Assyriacarum
719 2506 778 2536 aut
795 2503 999 2545 Libycarum
1037 2502 1148 2544 (conf.
1172 2502 1216 2542 11,
1245 2503 1305 2535 161
1328 2502 1443 2546 ibique
1466 2502 1576 2545 nott.)
1605 2501 1708 2534 libros
1733 2513 1813 2534 con·

339 2548 533 2591 scripserim
556 2561 623 2594 qua
647 2550 688 2581 de
712 2560 749 2582 re
773 2548 849 2581 olim
873 2553 1040 2580 tractarat
1066 2548 1265 2590 wesseling.
1289 2548 1321 2580 iu
1347 2549 1487 2581 Dissert.
1514 2546 1637 2580 Herod.
1663 2546 1679 2578 l
1705 2552 1740 2580 et
1764 2547 1811 2580 11.

340 2593 491 2635 Accedit,
515 2595 602 2639 quod
628 2594 793 2628 Herodoti
818 2605 934 2626 nomen
959 2604 979 2626 a
1002 2593 1147 2626 librariis
1171 2593 1259 2626 haud
1282 2604 1358 2628 raro
1383 2604 1453 2626 cum
1467 2592 1646 2634 Herodoti,
1672 2592 1811 2626 aliorum

342 2638 528 2672 nominibus
552 2640 712 2673 similibus
738 2651 841 2684 prave
866 2639 1130 2672 confundebatur
1154 2639 1216 2681 (cf.
1244 2640 1274 2680 §-
1303 2642 1339 2678 1)
1365 2651 1425 2671 nec
1449 2649 1523 2671 raro
1547 2637 1622 2670 iude
1648 2637 1811 2672 Herodoti

341 2685 402 2717 sub
427 2685 556 2717 nomine
579 2686 805 2718 afferebantur
833 2685 1045 2724 sententiae,
1076 2695 1176 2717 voces
1198 2684 1229 2717 in
1256 2684 1416 2718 Herodoti
1449 2683 1556 2716 Musis
1586 2683 1719 2717 minime
1750 2684 1810 2717 ob·

340 2729 439 2770 viae,
471 2740 554 2774 quas
586 2741 627 2761 ex
663 2731 735 2763 aliis
766 2730 927 2763 Herodoti
954 2729 1087 2774 scriptis
1112 2730 1326 2774 depromptas
1360 2739 1435 2762 esse
1463 2729 1694 2774 opinabantur.
1741 2728 1809 2763 Sed

341 2775 478 2809 meliora
501 2775 566 2809 iam
592 2775 707 2808 docuit
730 2776 814 2809 idem
839 2775 1040 2818 Wesseling.
1066 2775 1154 2809 Diss.
1179 2775 1303 2809 Herod.
1326 2775 1390 2808 111.
