1879 3222
644 222 673 262 1.
703 222 864 260 INDEX
891 222 1083 260 RERUM.
1502 223 1581 264 481

112 335 271 370 Crisaeus
297 343 434 378 campus
466 326 527 374 (τὸ
552 329 732 374 Κρισαῖον
754 342 819 365 πε-

156 382 268 424 δίον),
290 379 382 421 vm,
405 377 451 410 32
473 378 545 410 not.

112 428 244 462 cristas
268 424 376 470 galeis
397 423 573 465 imponere
594 421 698 466 primi
709 423 820 456 osten-

156 475 278 506 derunt
300 471 414 510 Cares,
439 469 467 509 I,
491 467 557 500 171
581 472 652 502 not.

113 519 276 559 Critalla,
296 527 376 560 opp.
399 514 650 558 Cappadociae,
673 513 750 556 VII,
773 512 820 547 26

156 568 231 598 not.

114 611 263 646 criticae
296 604 380 639 artis
413 604 513 639 initia
536 605 631 649 apud
653 605 819 646 Graecos,

156 654 231 692 Vll,
253 651 275 685 6
297 655 367 685 not.
392 651 467 693 VII,
492 651 548 685 20.
584 651 673 694 apud
706 652 820 685 Heca-

154 705 268 734 taeum
292 702 326 731 et
356 697 571 740 potissimum
594 697 684 742 apud
706 699 822 731 Hero-

155 746 285 784 dotum,
313 744 447 777 comm.
472 745 503 785 §.
528 743 583 779 10.

112 790 280 826 critobuli
313 789 400 831 filia,
445 789 583 824 Amasis
628 799 726 830 uxor,
773 787 821 831 ΙΙ,

109 882 305 916 Critobulus
328 880 542 922 Toronaeus,
565 879 661 920 VIII,
686 879 765 912 127.

111 930 223 969 Crius,
254 927 422 971 Polycriti
454 927 557 969 filius,
584 926 642 967 Vl,
673 925 719 959 50
750 928 820 959 not.

155 975 249 1008 circa
272 984 351 1006 eum
369 977 402 1007 et
427 973 646 1006 Cleomenem
664 976 752 1012 acta,
777 972 821 1004 z'b.

153 1018 420 1055 Atheniensibus
460 1018 605 1053 traditus
635 1017 671 1051 in
705 1021 821 1052 custo-

157 1066 263 1106 diam,
287 1065 347 1106 VI,
363 1064 420 1098 73.

115 1114 215 1149 erius
260 1111 450 1154 Aegineta,
494 1107 667 1154 Polycriti
710 1111 824 1152 pater,

158 1158 239 1191 VIII
273 1157 330 1189 92.

114 1183 260 1247 Crobyzi⁸
281 1203 429 1235 Thraces
451 1198 639 1244 (Θρήϊκες
662 1198 699 1233 οὶ
727 1200 825 1243 Κρο-

158 1249 292 1295 βύζοι),
315 1248 376 1290 IV,
400 1246 446 1280 49
470 1252 538 1281 not.

115 1295 285 1329 Crocodili
309 1293 510 1337 descriptio,
532 1291 580 1335 ll,
603 1290 649 1325 68
671 1294 741 1325 not.
766 1289 824 1323 69.

156 1341 213 1375 70.
253 1339 415 1373 crocodili
452 1337 553 1379 sacri,
592 1337 638 1378 ΙΙ,
675 1337 720 1370 69
755 1339 826 1370 not.

157 1386 237 1421 148.
261 1397 380 1419 eorum
398 1385 569 1428 sepulcra,
587 1383 633 1424 II,
646 1383 724 1416 148.
748 1394 826 1415 cro-

158 1433 288 1466 codilos
310 1431 414 1464 Indus
439 1440 573 1472 quoque
597 1429 632 1464 fl.
659 1429 735 1469 alit,
767 1428 826 1469 lv,

158 1477 284 1512 44n0t.
306 1476 474 1510 crocodili
490 1475 629 1509 Africae
651 1478 828 1509 terrestres

158 1523 379 1563 bicubitales,
403 1522 464 1563 IV,
487 1522 553 1556 192
576 1527 645 1555 not.
671 1520 828 1554 crocodi-

157 1571 273 1605 lorum
311 1568 464 1602 mumiae
496 1567 665 1610 rariores,
703 1567 750 1608 ΙΙ,
781 1565 828 1600 69

160 1621 231 1650 not.
255 1614 419 1648 crocodili
443 1625 577 1654 nomen,
616 1613 662 1653 ΙΙ,
686 1613 732 1646 69
757 1617 826 1645 not.

159 1661 333 1696 Crocodili
371 1671 432 1702 per
464 1661 673 1703 Aegyptum,
708 1658 753 1698 ΙΙ,
784 1657 830 1691 68

159 1712 231 1742 not.
253 1717 332 1748 ova,
357 1705 400 1746 11,
414 1704 459 1739 68
476 1711 534 1739 not
568 1704 766 1747 descriptio,
782 1703 829 1745 Il,

159 1753 206 1788 68
234 1758 304 1786 not.
333 1751 379 1785 69
411 1754 479 1784 not.
524 1751 665 1794 lingua,
699 1749 746 1792 ΙΙ,
783 1749 830 1782 68

160 1803 233 1835 not.
269 1799 307 1842 *)
340 1797 484 1830 maxilla
514 1795 669 1837 inferior,
702 1796 749 1837 ΙΙ,
772 1794 830 1829 68.

162 1845 262 1883 cutis,
287 1845 330 1881 11,
354 1842 399 1876 68
423 1847 492 1876 not.

120 1890 374 1926 Crocodilon-um
399 1889 479 1921 urbs
503 1886 668 1931 Aegypti,
692 1885 739 1928 Il,
763 1885 832 1920 1-18

166 1941 236 1969 not.

123 1983 276 2021 Croesus,
307 1992 349 2014 ex
371 1978 656 2011 Mermnadarum
679 1977 829 2019 familia,

164 2028 235 2069 Ι,7.
260 2024 409 2070 Alyattis
432 2024 482 2056 fil.
507 2035 547 2056 ex
567 2023 688 2056 Carica
713 2035 831 2064 uxore,

163 2073 421 2107 pantaleontem
448 2070 587 2102 fratrem
606 2069 831 2102 rebellantem

165 2118 337 2158 interficit,
362 2116 389 2156 Ι,
414 2115 469 2149 92.
507 2126 612 2147 annos
642 2126 744 2150 xxxv.
768 2126 832 2148 na-

166 2169 221 2199 tus
245 2164 385 2207 suscipit
408 2172 553 2203 regnum
579 2161 765 2204 Lydorum,
798 2164 833 2194 et

165 2210 336 2254 Ephesios
360 2208 512 2247 invadit3
537 2206 658 2239 deinde
681 2207 777 2240 Iones
799 2210 833 2240 et

165 2257 287 2291 Aeoles
321 2256 356 2289 in
377 2253 459 2286 Asia
481 2252 622 2296 subigit,
655 2252 682 2293 I,
706 2252 762 2286 26.
785 2253 833 2287 cf.

168 2315 200 2336 c.
233 2301 268 2336 7.
303 2301 420 2335 statim
443 2298 542 2332 Iones
565 2298 739 2332 insulanos
771 2299 832 2331 ad-

168 2359 318 2393 gressus,
340 2350 457 2390 postea
482 2356 561 2377 cum
584 2344 626 2377 iis
641 2344 833 2388 hospitium

142 2393 353 2437 ,contrahiss
385 2402 414 2423 c.
448 2389 504 2423 27.
538 2401 684 2435 regnum
717 2391 833 2436 Lydo-

167 2451 249 2475 rum
271 2438 392 2473 multis
413 2435 563 2471 subactis
599 2436 737 2480 populis
768 2449 830 2473 au-

919 335 991 375 get,
1017 345 1046 365 c.
1074 330 1119 364 28
1143 340 1265 373 ειη-
1289 341 1368 364 cnm
1393 329 1582 374 Aegyptio-

919 389 997 411 rum
1036 387 1119 420 rege
1151 375 1292 417 Amasi,
1314 381 1348 411 et
1371 377 1584 422 Babylonio-

919 434 999 456 rum
1025 423 1201 465 Labyneto
1226 422 1345 455 foedus
1367 423 1454 466 init,
1476 425 1502 463 I,
1526 423 1583 457 77.

918 486 965 492 ——-
989 468 1194 508 Miltiadem,
1223 478 1244 501 a
1269 468 1506 512 Lampsacenis
1525 480 1584 504 ca-

920 517 1031 557 ptum,
1062 514 1198 553 liberat,
1225 514 1284 555 VI,
1308 514 1364 547 37.
1398 515 1471 548 eius
1504 526 1585 550 cum

920 560 1047 593 Solone
1068 558 1290 602 colloquium,
1314 559 1341 600 1,
1368 559 1583 596 30-33n0t.

920 606 1063 638 Excurs.
1100 605 1131 637 Il
1166 616 1197 648 p.
1235 602 1314 638 657.
1347 607 1520 640 somnium
1541 608 1584 641 de

920 650 1007 692 filio,
1033 662 1062 683 c.
1088 649 1143 684 34.
1166 650 1362 691 Adrastum,
1385 653 1489 686 caede
1511 664 1532 687 a
1547 664 1585 687 ee

920 697 1109 739 expiatum,
1129 707 1235 738 quum
1258 696 1367 729 filium
1380 696 1506 731 invitus
1525 710 1585 732 oc-

921 743 1069 783 cidisset,
1091 741 1289 775 humaniter
1303 746 1440 784 tractat,
1461 755 1583 786 quam-

922 787 1586 871 *³25¹”ffi‘1221333f‘22‘2233l22‘i’„¹125ss

921 855 963 861 -
1014 860 1021 867 ι
1114 852 1128 867 Β

921 880 1122 925 potentiam,
1146 880 1290 913 oracula
1312 879 1407 913 varie
1425 882 1585 924 consulit,

921 928 949 968 I,
968 927 1013 961 46
1028 938 1120 970 seqq.
1145 925 1180 959 in
1196 925 1402 960 consulendo
1415 928 1586 970 Delphico

921 973 1063 1007 oraculo
1100 973 1144 1006 ab
1190 973 1397 1005 Alcmaeone
1436 974 1586 1016 adiutus,

921 1020 1014 1052 hunc
1036 1028 1164 1063 magno
1198 1018 1275 1051 auri
1300 1019 1449 1061 pondere
1471 1020 1587 1062 donat,

924 1065 985 1106 VI,
1010 1062 1086 1097 125.
1121 1068 1155 1097 et
1177 1065 1286 1097 multa
1306 1064 1494 1108 magnifica
1525 1066 1589 1099 do-

924 1110 1023 1144 naria
1046 1110 1082 1143 in
1112 1109 1310 1150 Graeciam,
1341 1116 1375 1142 et
1405 1111 1589 1156 praecipue

924 1157 1082 1200 Delphos
1115 1155 1241 1195 mittit,
1272 1155 1299 1196 1,
1324 1153 1369 1188 50
1392 1160 1461 1189 not.
1494 1169 1589 1200 seqq.

926 1203 970 1236 ci.
997 1214 1025 1235 c.
1050 1201 1106 1235 92.
1134 1201 1173 1242 V,
1195 1200 1242 1235 36
1263 1205 1297 1235 et
1320 1201 1413 1244 VIII,
1430 1201 1488 1236 35.
1509 1215 1590 1237 cum

925 1246 1226 1290 Lacedaemoniis,
1274 1247 1488 1282 Graecorum
1524 1260 1590 1293 po-

926 1293 1126 1328 tentissimis
1157 1294 1218 1337 (cf.
1243 1305 1272 1328 c.
1295 1291 1341 1326 53
1364 1298 1397 1327 et
1421 1293 1485 1338 56)
1517 1297 1591 1328 foe-

927 1340 990 1373 dus
1021 1339 1109 1383 init,
1141 1339 1169 1379 1,
1193 1338 1238 1372 69
1260 1350 1330 1382 seq.
1354 1339 1592 1383 Cappadociae

925 1387 1057 1419 bellum
1083 1385 1197 1425 infert,
1231 1386 1420 1429 Astyagem
1443 1397 1464 1420 a
1499 1388 1592 1431 Cyro

927 1443 1037 1476 regno
1059 1436 1210 1471 exutum,
1236 1431 1382 1464 adfinem
1404 1443 1505 1466 suum
1539 1433 1593 1467 ul-

928 1478 1010 1512 cisci
1045 1478 1195 1520 cupiens,
1228 1477 1258 1519 I,
1282 1476 1327 1510 73
1351 1489 1442 1520 seqq.
1498 1480 1594 1523 Haly

930 1525 965 1558 ss.
989 1523 1149 1557 Thaletis
1172 1534 1275 1566 opera
1298 1523 1451 1563 traiecto,
1473 1524 1596 1568 Syrios

926 1570 1063 1611 evertit,
1087 1574 1121 1603 et
1136 1580 1214 1602 cum
1229 1570 1320 1612 Cyro
1330 1569 1472 1612 ancipiti
1483 1572 1597 1605 Marte

928 1621 1072 1660 pugnat,
1113 1627 1142 1647 c.
1162 1613 1207 1647 75
1241 1626 1311 1657 seq.
1348 1615 1473 1649 Sardes
1495 1617 1597 1658 redit,

930 1661 1087 1705 proximo
1111 1672 1190 1693 vere
1210 1661 1341 1693 bellum
1358 1667 1598 1705 renovaturus,

932 1719 961 1740 c.
986 1706 1043 1740 77.
1068 1706 1103 1739 in
1126 1706 1297 1739 Sardiano
1319 1717 1445 1750 campo
1468 1719 1489 1742 a
1505 1709 1600 1753 Cyro

930 1753 1054 1793 victus,
1088 1764 1118 1788 c.
1150 1751 1301 1786 79-81.
1335 1752 1502 1787 Sardibus
1535 1766 1599 1788 ex-

931 1798 1105 1843 pugnatis,
1128 1798 1226 1831 vivus
1249 1803 1381 1841 captus,
1418 1811 1505 1842 rogo
1529 1800 1598 1833 im-

932 1845 1062 1888 positus
1085 1844 1130 1878 ab
1154 1844 1315 1887 Apolline
1340 1844 1498 1878 invocato
1526 1857 1598 1879 ser-

931 1896 1045 1933 vatur,
1070 1901 1099 1922 c.
1123 1888 1271 1923 SI-ffl.
1295 1892 1330 1923 et
1351 1895 1420 1923 not.
1434 1891 1476 1923 ad
1501 1891 1527 1935 1,
1539 1891 1597 1929 86,

931 1937 974 1969 T.
1002 1936 1020 1969 1
1044 1947 1076 1978 p.
1106 1934 1184 1968 927.
1211 1935 1269 1977 *ἢ
1294 1954 1336 1959 -
1362 1935 1488 1980 Pythio
1514 1938 1599 1972 mit-

931 1981 974 2016 tit
1011 1982 1201 2023 compedes,
1234 1980 1345 2024 Gygis
1383 1982 1488 2015 abavi
1527 1983 1599 2017 cri-

933 2038 1011 2060 men
1042 2027 1150 2067 luens,
1188 2027 1217 2067 I,
1241 2026 1287 2059 90
1309 2038 1379 2070 seq.
1405 2028 1450 2061 cf.
1483 2041 1513 2063 c.
1538 2029 1596 2064 13.

933 2084 955 2107 a
978 2073 1067 2116 Cyro
1089 2072 1227 2115 colitur,
1250 2072 1351 2115 eique
1373 2074 1502 2108 bonum
1536 2076 1598 2110 dat

933 2118 1114 2152 consilium
1147 2119 1188 2150 de
1225 2119 1391 2152 Sardibus
1422 2131 1489 2153 non
1512 2121 1596 2155 diri-

933 2164 1077 2208 piendis,
1111 2164 1139 2207 Ι,
1162 2164 1206 2198 88
1229 2176 1297 2207 seq.
1323 2169 1394 2198 not.
1420 2171 1455 2200 et
1477 2167 1520 2200 de
1542 2179 1599 2201 re·-

933 2210 1140 2245 bellantium
1155 2211 1330 2254 Lydorum
1353 2211 1446 2246 vitae
1465 2212 1599 2247 ratione

934 2257 1174 2300 permutanda,
1203 2268 1230 2290 c.
1256 2255 1323 2291 155
1346 2269 1415 2301 seq.
1447 2258 1530 2292 item
1561 2259 1598 2293 in

934 2303 1026 2336 bello
1065 2302 1297 2348 Massagetico
1330 2304 1372 2337 de
1411 2305 1525 2338 Araxe
1560 2305 1597 2338 fl.

934 2348 1148 2389 traiiciendo,
1169 2348 1344 2383 c.207.-
1368 2360 1390 2383 a
1413 2350 1505 2394 Cyro
1518 2362 1600 2386 cum

933 2394 1106 2438 Cambyse
1128 2395 1177 2428 fil.
1213 2395 1248 2428 in
1274 2394 1428 2429 Persiam
1449 2396 1600 2431 remitti-

933 2445 1000 2485 tur,
1023 2453 1053 2475 c.
1063 2440 1142 2476 208.
1164 2440 1200 2475 in
1227 2441 1427 2487 Aegyptum
1446 2443 1600 2488 Camby-

218 2627 248 2672 “)
272 2628 359 2661 Add.
380 2628 618 2663 Blumenbach.
637 2629 909 2675 Vergleichende
930 2632 1110 2666 Anatomie
1127 2644 1162 2676 p.
1179 2633 1257 2668 347.

166 2727 176 2735 .
218 2686 264 2727 ”)
289 2686 351 2717 His
368 2686 456 2719 adde
470 2686 587 2719 miram
608 2687 835 2722 narrationem
860 2690 903 2722 de
924 2690 1050 2722 Croeso
1078 2696 1179 2733 capto
1208 2698 1242 2724 et
1268 2691 1348 2735 Cyri
1376 2691 1470 2725 iussu
1499 2692 1601 2726 flam-

130 2738 194 2761 mis
211 2730 339 2763 tradito
360 2732 420 2764 sed
436 2732 697 2776 superveniente
715 2734 828 2777 pluvia
854 2736 999 2768 liberato
1018 2737 1208 2780 iterumque
1229 2737 1308 2769 dein
1328 2746 1426 2782 capto
1447 2745 1481 2771 et
1509 2738 1600 2771 cruci

131 2773 257 2814 affixo,
287 2777 377 2819 apud
404 2778 678 2822 Mythographos
710 2780 894 2813 vaticanos
921 2793 940 2814 a
967 2783 1057 2814 Maio
1087 2782 1242 2815 detectos
1271 2790 1306 2816 et
1330 2784 1430 2818 Bodii
1460 2784 1538 2817 cura
1563 2785 1599 2818 iu

132 2819 314 2853 Germania
335 2822 451 2864 (Gellis
474 2824 580 2869 1834)
604 2835 717 2871 nuper
734 2826 890 2872 vulgatos
909 2829 924 2861 1
943 2829 973 2873 §-
991 2828 1067 2864 196.
1087 2828 1118 2862 ΙΙ
1138 2829 1172 2871 §-
1193 2830 1270 2863 190.

187 2869 409 2909 Hrnonor.
427 2871 496 2912 IV.

1244 2881 1293 2918 31
