1879 3222
77 821 355 856 Acerrimumsuper

77 855 144 882 eiua
172 854 321 882 cadavere

100 888 235 915 molium.
275 888 352 915 Bar-

97 922 142 948 ari
157 922 277 949 tandem
287 930 352 950 cum

411 174 495 214 236

805 170 1264 209 HERODOTI

411 279 534 325 ἔπεσέ
566 295 609 323 τε
638 280 711 323 καὶ
731 276 935 323 ἀπέθανε.
990 282 1135 322 Ταῦτα
1164 279 1210 322 δέ
1239 295 1325 330 κως
1343 277 1554 334 γινόμενα
1578 279 1659 323 ἐλε-

411 348 541 402 λήθεε
569 346 671 397 τοὺς
700 345 859 398 ἄλλους
889 345 1061 398 ἱππέας·
1099 346 1199 390 οὔτε
1235 348 1316 402 γὰρ
1357 347 1544 389 πεσόντα
1581 363 1657 401 μιν

411 413 533 457 εἶδον
563 413 648 457 ἀπὸ
678 417 758 457 τοῦ
786 415 948 464 ἵππου,
979 413 1078 458 οὔτε
1095 413 1455 469 ἀποθνήσκοντα·
1492 413 1660 469 ἀναχω-

411 480 561 537 ρήσιός
598 497 642 525 τε
677 482 905 538 γινομένης
942 483 1014 526 καὶ
1043 481 1348 537 ὑποστροφῆς,
1380 481 1461 525 οὐκ
1495 482 1660 535 ἔμαθον

384 548 462 593 6τὸ
504 548 751 605 γενόμενον.

810 549 898 592 ἐπεί
927 566 970 593 τε
1005 550 1050 592 δὲ
1079 550 1285 605 ἔστησαν,
1325 549 1479 593 αὐτίκα
1510 548 1656 592 ἐπόθε-
1672 555 1715 589 65

381 624 516 669 7σαν,
563 616 619 668 ὥς
646 629 781 672 σφεας
819 616 961 668 οὐδεὶς
988 613 1044 672 ἦν
1075 615 1098 659 ὁ
1130 617 1312 660 τάσσων.
1370 618 1584 672 μαθόντες
1614 618 1660 661 δὲ

408 682 457 727 τὸ
485 683 685 739 γεγονός,
728 683 1113 739 διακελευσάμενοι
1142 683 1338 738 ἤλαυνον
1368 685 1470 735 τούς
1500 687 1660 735 ἵππους

284 757 348 802 23
407 750 582 802 πάντες,
623 751 683 802 ὦς
714 751 769 795 ἂν
811 751 889 794 τόν
927 767 974 806 γε
1013 750 1169 804 νεκρὸν
1199 749 1434 794 ἀνελοίατο.
1485 751 1661 803 Ἰδόντες

413 818 458 862 δὲ
491 820 535 862 οἱ
555 818 784 876 Ἀθηναῖοι
814 817 959 862 ου’κέτι
997 818 1109 862 κατα
1137 820 1258 864 τέλεα
1286 818 1662 875 προσελαύνοντας

409 887 512 938 τούς
552 888 727 938 ἱππέας,
766 886 852 929 ἀλλ’
889 885 978 941 ἅμα
1020 886 1208 939 πάντας,
1247 887 1327 944 τήν
1364 887 1500 944 ἄλλην
1529 893 1719 942 στρα-70

77 956 351 994 Ψθεῡῢῦῑῐὸἔθῖϋ·
381 955 512 1010 Ξτιήν
541 954 827 1009 ἐπεβώσαντο.
861 954 908 997 ἐν
937 949 972 1011 ᾧ
1003 955 1048 998 δὲ
1080 955 1103 998 ὁ
1133 956 1257 1009 πεζὸς
1277 955 1390 1006 ἅπας
1412 955 1586 1011 ἒβώθεε,
1615 955 1662 998 ἐν

376 1019 553 1081 3του’τῳ
594 1020 705 1078 μάχη
744 1021 858 1073 ὀξεῖα
898 1023 996 1077 περὶ
1035 1027 1116 1066 τοῦ
1155 1028 1317 1078 νεκροῦ
1345 1026 1518 1079 γίνεται.
1579 1023 1660 1074 ἕως
1719 1024 1799 1063 702

405 1090 485 1146 μέν
516 1107 601 1133 νυν
638 1094 798 1145 μοῦνοι
840 1085 954 1146 ἦσαν
993 1091 1036 1132 οἱ
1071 1091 1334 1146 τριηκόσιοι,
1376 1091 1583 1135 ἑσσοῦντό
1617 1107 1662 1135 τε

404 1157 591 1210 πολλὸν,
629 1159 701 1201 καὶ
734 1158 814 1201 τόν
842 1156 1001 1212 νεκρὸν
1032 1156 1288 1203 ἀπέλειπον·
1334 1159 1392 1210 ὠς
1421 1160 1467 1203 δέ
1501 1171 1580 1214 σφι
1609 1158 1658 1203 τὸ

344 1226 347 1230 ’
405 1229 574 1280 πλῆθος
603 1225 932 1281 ἐπεβοήθησαν,
974 1225 1089 1268 οὕτω
1130 1226 1182 1282 δὴ
1222 1228 1369 1271 οὐκέτι
1408 1229 1452 1270 οἱ
1481 1226 1659 1270 ἱππόται

406 1292 636 1347 ὑπέμενον,
659 1293 763 1337 οὐδέ
785 1305 865 1349 σφι
889 1293 1099 1349 ἐξεγένετο
1116 1293 1195 1337 τὸν
1223 1293 1382 1349 νεκρὸν
1415 1293 1655 1346 ἀνελέσθαι,
1668 1303 1714 1336 75

405 1358 515 1403 ἀλλά
531 1359 640 1414 πρὸς
655 1360 802 1416 ἐκείνῳ
833 1359 991 1412 ἄλλους
1010 1360 1343 1416 προσαπόλεσαν
1364 1366 1452 1405 τῶν
1481 1361 1658 1405 ἱππέων.

377 1421 732 1485 4ἀποστήσαντες
761 1423 822 1473 ὧν
851 1428 960 1474 ὅσον
989 1445 1033 1473 τε
1063 1429 1145 1474 δύο
1165 1429 1337 1483 στάδια,
1368 1429 1659 1486 ἐβουλεύοντο

346 1628 489 1665 νεῖλεν.
546 1628 591 1664 In
624 1640 730 1678 seqq.
761 1641 894 1665 omnes
919 1627 1005 1665 libri

344 1678 550 1721 ἐπόθεσαν
606 1682 785 1733 (absentis
837 1685 1005 1722 desiderio

347 1741 438 1775 tacti
458 1739 582 1789 sunt),
614 1753 846 1792 quamquam
864 1743 929 1787 111,
952 1744 1004 1781 36

345 1791 537 1844 ἐπόθησε.
594 1795 673 1833 Sed
692 1796 786 1833 illud
805 1798 890 1834 satis
918 1804 1004 1834 tue-

345 1857 409 1887 tur
445 1853 603 1888 Homeri
642 1853 878 1905 aliorumque
911 1854 1005 1890 scri-

346 1913 501 1957 ptorum
524 1921 622 1947 usus.
681 1910 746 1946 Tu
772 1910 848 1947 vid.
869 1909 1004 1946 Matth.

347 1963 414 2002 Gr.
438 1965 503 2005 Gr.
531 1966 567 2010 §.
592 1967 669 2005 179
699 1980 735 2016 p.
757 1969 851 2006 321.
888 1968 1003 2003 Butt-

345 2031 478 2057 mann.
502 2022 564 2057 Gr.
589 2022 651 2057 Gr.
680 2022 698 2056 1
719 2034 806 2072 pag.
830 2025 909 2063 398
931 2024 1003 2058 ibi—

347 2089 422 2127 que
449 2077 551 2114 laud.
579 2076 743 2115 Fischer.
774 2078 822 2115 ad
843 2080 1002 2116 wellen

346 2133 381 2168 ΙΙ
403 2147 440 2183 p.
461 2132 565 2182 324,
598 2135 662 2185 qui
695 2134 802 2172 affert
829 2133 1001 2174 Eustath.

347 2188 396 2225 ad
420 2190 551 2241 Odyss.
581 2192 615 2226 11
644 2203 730 2241 pag.
761 2192 840 2232 375
869 2205 899 2230 s,
926 2194 1003 2231 102

345 2246 459 2282 Basil.
492 2246 560 2285 Cr.
589 2245 692 2283 addit
723 2247 921 2285 Heindorf.
954 2246 1002 2284 ad

344 2302 495 2339 Platon.
516 2302 713 2343 Phaedon,
726 2317 811 2354 pag.
829 2307 905 2344 180
921 2316 1001 2355 seq.

346 2357 453 2395 Idem
475 2358 656 2396 Matthiae
687 2360 725 2404 ς.
756 2361 837 2400 520
870 2367 949 2395 not.
975 2361 1001 2398 2

346 2427 432 2464 pag.
462 2418 563 2456 1003
585 2415 633 2452 ad
655 2416 768 2452 verba
791 2413 843 2461 ὥς
866 2412 918 2454 ἂν
947 2438 997 2443 --

346 2466 552 2510 ἀνελοίατο
605 2471 866 2509 conferendus.
944 2472 1002 2508 De

347 2527 461 2562 verbo
508 2524 761 2579 ἀναιρεῖσθαι
801 2527 1001 2565 afferemus

348 2582 536 2634 quaedam
556 2584 604 2621 ad
623 2586 698 2632 lx,
720 2588 788 2626 27.

543 2673 634 2723 cap,
665 2675 806 2715 xxm,

402 2747 671 2803 ἐπεβώσαντο]
701 2754 726 2790 ἰ.
749 2766 781 2790 e.
808 2755 877 2791 sibi
897 2755 1004 2792 auxi-

1062 1627 1109 1664 lio
1143 1627 1370 1664 advocarunt.
1427 1626 1515 1664 Vid.
1544 1634 1638 1666 nott.
1665 1625 1713 1663 ad

1059 1684 1089 1730 I,
1115 1685 1160 1721 11
1184 1690 1220 1720 et
1240 1682 1287 1718 ad
1306 1683 1526 1733 proximum
1549 1679 1712 1734 ἐβώθεε,

1063 1739 1166 1776 cuius
1215 1739 1298 1775 loco
1338 1739 1574 1776 Florentinus
1619 1740 1714 1776 liber

1061 1807 1149 1832 cum
1178 1796 1257 1832 aliis
1282 1791 1517 1845 ἐπεβοήθεε,
1549 1802 1645 1832 nott.
1665 1794 1714 1832 ad

1060 1852 1145 1888 VIII
1163 1880 1172 1897 ,
1205 1853 1240 1890 1.
1289 1851 1353 1887 Sic
1375 1852 1487 1901 paulo
1509 1851 1606 1887 infra
1624 1850 1716 1890 ε’πε-

1064 1904 1278 1958 βοήθησαν
1321 1920 1342 1942 e
1383 1907 1573 1944 Sancrofti
1618 1907 1714 1944 libro

1062 1965 1159 2000 bene
1201 1963 1407 2014 repositum
1449 1976 1470 2000 a
1509 1962 1714 2001 Schaefero

1060 2033 1129 2070 pro
1150 2020 1254 2069 vulg.
1279 2016 1543 2071 ἐπεβοήθησε.
1564 2041 1618 2047 -
1637 2021 1713 2057 Pro

1059 2077 1165 2125 vulg.
1212 2072 1428 2123 ἀπέλιπον,
1483 2075 1586 2127 quod
1630 2082 1714 2126 post

1060 2131 1308 2169 Schaeferum
1322 2131 1423 2168 dedit
1444 2144 1596 2183 quoque
1608 2130 1713 2168 Bek-

1058 2187 1194 2235 kerus,
1234 2187 1411 2239 equidem
1441 2201 1531 2224 cum
1558 2189 1712 2240 reliquis

1058 2258 1079 2280 e
1117 2245 1335 2280 Florentino
1385 2244 1539 2295 aliisque
1587 2245 1713 2296 recepi

1058 2296 1284 2339 ἀπέλειπον.
1305 2322 1352 2328 -«
1377 2299 1438 2336 Ad
1457 2301 1616 2337 verbum
1633 2301 1713 2348 ἕξε-

1056 2355 1188 2409 γὲνετο
1209 2356 1310 2393 conf.
1331 2363 1424 2394 nott.
1447 2356 1493 2393 ad
1513 2359 1586 2405 111,
1621 2357 1711 2398 142.

1114 2409 1423 2463 ἀποστήσαντες]
1464 2415 1491 2452 i.
1532 2427 1563 2452 e.
1607 2425 1711 2463 quum

1061 2469 1128 2506 duo
1140 2469 1252 2520 ferme
1283 2470 1402 2507 stadia
1425 2472 1574 2519 regressi
1591 2472 1709 2507 essent.

1060 2526 1159 2562 cum
1189 2527 1315 2562 aoristi
1343 2527 1455 2577 primi
1484 2528 1601 2564 activa
1626 2525 1710 2574 pie-

1058 2595 1221 2634 rumque
1282 2583 1328 2619 sit
1366 2583 1489 2627 notio,
1537 2579 1710 2618 Reiskius

1056 2640 1168 2676 scribi
1196 2639 1342 2675 mavult
1371 2633 1612 2683 ἀποστάντες
1646 2644 1710 2674 aut

1059 2691 1422 2749 ἀπονοστήσαντες
1456 2694 1709 2744 VVesseiingio

1058 2760 1095 2790 et
1115 2749 1321 2790 Abreschio
1342 2748 1389 2787 ad
1416 2744 1710 2803 ἀποστήσαντες
