1996 3238
80 804 143 850 14

593 210 940 247 URANIA.

185 328 207 360 9
221 319 504 376 φερομένοισι
549 318 763 363 ἐπέπιπτε.

1002 212 1029 247 V
1045 212 1126 247 111.
1432 212 1484 250 19

822 318 893 362 καὶ
933 317 983 361 τὸ
1018 317 1140 370 τέλος
1185 330 1266 374 σφι
1316 317 1482 374 ἐγένετο

214 389 365 444 ἄχαρι·
412 387 472 439 ὠς
507 386 590 443 γὰρ
623 387 675 443 δὴ
704 383 900 429 πλώουσι
932 384 1103 429 αὐτοῖσι
1141 384 1300 441 χειμών
1339 402 1383 429 τε
1412 387 1540 429 καὶ75

213 455 262 499 τὸ
291 455 412 509 ὕδωρ
443 455 687 510 ἐπεγίνετο,
731 454 853 498 ἐοῦσι
893 452 1003 497 κατὰ
1031 453 1085 495 τὰ
1116 456 1257 496 Κοῖλα
1286 458 1361 509 τῆς
1390 453 1483 497 Εὐ-

210 524 355 579 βοίης,
398 522 634 578 φερόμενοι
664 527 723 581 τῷ
755 521 991 577 πνεύματι,
1021 520 1095 564 καὶ
1127 519 1209 563 οὐκ
1241 523 1399 572 εἰδότες
1428 525 1482 578 τῇ

180 590 427 646 δέφέροντο
446 625 457 644 ,
499 591 724 643 ἐξέπιπτον
763 589 875 643 πρὸς
903 588 980 639 τὰς
1009 588 1177 643 πέτρας.
1221 589 1410 632 ἐποιέετό
1438 606 1482 634 τε

207 662 296 702 πᾶν
324 657 412 702 ὑπὸ
444 663 527 703 τοῦ
560 663 683 711 θεοῦ,
725 657 838 708 ὅκως
869 656 924 700 ἂν
954 656 1177 713 ἐξισωθείη
1206 660 1267 713 τῷ
1294 655 1483 713 Ἑλληνι-

207 731 272 783 κῷ
302 726 350 770 τὸ
383 727 628 781 Περσικὸν,
661 726 767 783 μηδὲ
797 729 943 781 πολλῷ
973 726 1108 768 πλέον
1140 727 1216 781 εἴη.
1260 719 1384 768 οὗτοι
1405 726 1538 781 μὲνὸο

210 811 295 838 νυν
329 796 430 849 περὶ
459 794 513 838 τὰ
544 799 686 839 Κοῖλα
715 798 790 851 τῆς
811 792 1007 850 Εὐβοίης
1049 795 1369 848 διεφθείροντο.
1428 795 1481 836 Οἱ

212 862 258 906 δ’
299 862 347 906 ἐν
371 862 574 922 Ἀφέτῃσι
603 865 845 922 βάρβαροι,
891 861 950 914 ὥς
979 872 1059 918 σφι
1090 859 1316 918 ἀσμένοισι
1345 860 1482 917 ἡμέρη

150 1009 220 1040 rat.
250 1004 332 1041 crit.
363 1002 411 1040 ad
442 1002 693 1041 Demosthen.
725 1005 776 1045 T.
797 1005 815 1040 I

150 1073 190 1110 p-
213 1063 310 1101 866.
366 1062 424 1096 De
458 1074 552 1098 voce
575 1058 691 1113 ἄχαρι
711 1062 814 1098 cons.

151 1117 262 1154 allata
288 1115 336 1154 ad
355 1119 418 1165 VI,
441 1120 481 1158 9.
539 1117 622 1164 Qu&
638 1132 732 1156 voce
752 1120 815 1154 in-

150 1173 267 1210 dicari
305 1175 464 1227 quodvis
492 1176 640 1211 malum
674 1179 749 1212 tout
779 1189 814 1213 ce

151 1231 238 1280 qu’z'l
259 1245 283 1281 y
307 1245 330 1269 α
352 1232 394 1269 de
415 1232 499 1282 plus
513 1231 687 1282 fdclzeux,
718 1231 758 1269 h.
789 1233 814 1271 l.

149 1288 325 1325 observat
357 1287 580 1328 Larclierus.
641 1290 718 1326 Cur
742 1302 813 1326 au-

150 1351 229 1381 tem
250 1343 289 1382 h.
309 1346 335 1386 l.
356 1343 400 1386 τό
417 1344 526 1393 τέλος
547 1343 665 1398 ἄχαρι
686 1354 726 1383 ut
740 1362 811 1396 τη-

147 1398 335 1441 λικούτου
347 1399 509 1448 πάθους
522 1399 728 1442 α’νοίκειον
741 1415 810 1439 no-

148 1460 237 1495 tarit
256 1460 454 1509 Longinus
472 1462 530 1495 De
542 1461 724 1496 sublimit.
747 1474 807 1510 cp.

148 1513 203 1555 42
223 1529 311 1566 pag.
333 1520 427 1563 222,
445 1517 527 1552 iure
548 1518 708 1553 miratur
718 1517 810 1553 val-

147 1569 274 1620 cken.‚
296 1573 367 1609 nisi
388 1573 545 1609 omnino
567 1571 693 1610 haeca
709 1574 810 1610 scio-

144 1628 183 1665 lo
214 1628 383 1681 quodam
412 1630 660 1680 Longinianis
688 1631 810 1667 inter-

145 1686 244 1723 iecta
272 1693 466 1737 putentur.
526 1687 631 1732 Quae
660 1688 734 1723 sint
759 1682 807 1726 τοὶ

148 1744 280 1782 Κοῖλα
311 1746 382 1793 τῆς
410 1740 607 1795 Εὐβοίης,
641 1743 808 1780 diximus

146 1798 195 1836 ad
215 1801 277 1848 Vl,
302 1803 394 1840 100.
439 1800 542 1838 Add.
563 1800 706 1852 Pssugk
725 1803 809 1837 Eu-

145 1856 266 1894 boicc.
287 1871 323 1908 p.
344 1857 384 1897 4.
413 1859 584 1895 Verbum
604 1857 808 1897 ἐκπίπτειν

146 1912 194 1950 de
210 1915 266 1962 iis,
298 1915 363 1966 qui
381 1916 624 1966 naufragium
645 1917 742 1966 passi
760 1914 809 1952 ad

145 1970 233 2007 litus
264 1972 484 2019 eiiciuntur,
532 1974 676 2024 aliquot
715 1974 807 2009 locis

144 2027 343 2065 illustravit
370 2030 602 2079 VVesseling.
636 2029 684 2066 ad
711 2031 807 2066 Dio-

145 2082 228 2121 dor-
255 2085 302 2130 Π,
337 2087 404 2124 60.
473 2086 538 2122 Tu
577 2085 654 2124 vid.
692 2099 804 2137 supra

144 2147 241 2178 nott.
263 2139 311 2177 ad
331 2142 394 2188 VI,
405 2139 471 2181 44.

201 2194 376 2237 ἐποιέετό
394 2212 434 2236 τε
447 2199 531 2236 πᾶν
550 2194 634 2236 v‘no*
647 2199 720 2236 τοῦ
737 2201 805 2236 θε-

147 2255 210 2303 οῦ,
241 2250 342 2300 ὅκως
362 2250 412 2293 ἂν
436 2269 472 2293 κ.
482 2269 514 2292 τ.
527 2255 580 2303 λ.]
603 2256 687 2299 τοῦ,
700 2253 805 2305 quod

144 2312 186 2348 iu
225 2310 365 2348 Aldina
394 2318 431 2348 et
459 2312 539 2348 aliis
576 2310 663 2350 edd.
686 2313 803 2359 abest,

145 2381 237 2406 cum
252 2366 487 2418 Schweigh.,
508 2369 672 2405 Gaisf.et
695 2367 805 2405 Bek-

145 2423 240 2463 kero
262 2439 282 2461 e
298 2426 467 2476 pluribus
495 2426 671 2462 revocavi
691 2424 804 2462 codd.

145 2483 375 2532 Intelligitur
395 2483 498 2518 enim
519 2481 611 2519 deus
631 2482 694 2518 ille
705 2483 805 2519 ultor

144 2540 395 2590 superborum
414 2538 647 2591 vindexque,
668 2540 733 2591 qui
744 2553 807 2576 su-

143 2597 318 2648 perbiam
345 2597 551 2633 Persarum
578 2609 691 2647 supra
717 2609 807 2633 mo-

145 2652 241 2690 dum
260 2654 398 2690 elatam
426 2652 614 2705 deprimat
637 2654 806 2690 Graeco-

144 2722 309 2762 rumque
343 2723 402 2747 res
438 2717 588 2762 augeat.
648 2710 706 2748 Cf.
727 2712 806 2748 citt.

146 2766 196 2803 ad
213 2768 294 2816 VII,
319 2770 370 2808 10
391 2769 429 2813 ξ.
455 2767 491 2808 5.
550 2767 650 2805 Hinc
678 2768 804 2805 minus

146 2824 278 2876 utique
324 2824 499 2875 placent,
567 2837 667 2878 quae
713 2825 805 2863 Val-

875 1002 1100 1041 ckenaerius
1132 1001 1347 1053 adscripsit:
1390 1014 1535 1054 „quam

871 1059 935 1098 hic
970 1059 1035 1097 dat
1076 1059 1292 1096 Herodotus
1332 1060 1533 1107 rationem,

870 1124 1029 1155 noverat
1059 1117 1193 1153 Atticis
1220 1118 1346 1167 potius
1373 1117 1536 1166 ingeniis

870 1176 1109 1226 placituram,
1132 1186 1249 1225 quam
1267 1175 1298 1210 si
1317 1174 1534 1224 superbiam

872 1231 1026 1268 dixisset
1051 1232 1246 1267 Persicam
1274 1231 1320 1266 ab
1350 1243 1534 1280 arrogan-

869 1291 945 1325 tiae
966 1287 1160 1325 humanae
1180 1286 1332 1325 vindice
1352 1289 1404 1324 sic
1420 1289 1533 1324 casti-

867 1353 998 1395 gatam
1059 1344 1375 1396 depressumque3
1444 1345 1535 1381 alias

865 1416 979 1453 saepe
1010 1414 1231 1438 memorans
1270 1402 1436 1437 ultorem
1465 1414 1532 1437 su-

863 1461 1070 1509 perborum
1099 1460 1238 1497 Deum,
1297 1459 1532 1509 Frequenter

865 1518 1001 1552 Noster
1032 1510 1274 1567 ἀνθρώπινά
1312 1529 1379 1565 μοι
1423 1514 1536 1552 δοκεῖ

866 1570 1107 1625 τῖμαρτεῖν.“
1179 1571 1323 1617 Quibus
1354 1583 1412 1618 eo,
1444 1572 1531 1622 opi-

864 1642 951 1678 nor,
981 1629 1131 1679 respicit
1165 1629 1223 1665 vir
1244 1627 1404 1672 doctus,
1427 1626 1529 1680 quod

863 1685 1104 1723 Herodotum
1134 1686 1173 1721 in
1200 1683 1302 1721 hisce
1331 1686 1529 1721 Musarum

863 1745 965 1781 libris
976 1743 1162 1780 nonnulla
1172 1743 1210 1778 in
1222 1740 1529 1790 Atheniensium,

864 1802 1002 1853 quibus
1040 1801 1189 1850 placere
1219 1800 1403 1846 voluerit,
1439 1812 1531 1849 gra-

862 1860 955 1895 tiam
972 1857 1110 1894 dixisse
1124 1855 1415 1896 contenderunt.
1448 1854 1527 1894 Sed

862 1914 939 1953 vid.
961 1921 1057 1951 nott.
1070 1913 1118 1950 ad
1138 1915 1201 1961 VI,
1221 1916 1314 1954 108.
1335 1914 1416 1960 VH,
1433 1915 1528 1954 139.

860 1973 1056 2023 Expressit
1084 1970 1270 2007 Herodoti
1298 1971 1526 2006 senteutiam

861 2029 1054 2066 Diodorus
1086 2030 1154 2075 XI,
1179 2029 1229 2066 13
1254 2028 1350 2076 init„
1373 2035 1526 2064 auctore

863 2086 1002 2123 eodem
1032 2083 1306 2132 Valckenaer.‚
1337 2085 1403 2132 qui
1434 2097 1524 2120 cum

862 2144 985 2180 verbis
1027 2141 1291 2193 sequentibus:
1349 2136 1451 2187 ’ὅκως
1472 2137 1524 2178 ἂν

862 2197 1074 2248 ἐξισωθείη
1114 2199 1172 2251 τῷ
1218 2194 1433 2249 Ἑλληνικῷ
1480 2194 1525 2236 τό

863 2251 1067 2306 Περσικὸν
1117 2252 1313 2290 contendit
1354 2255 1527 2291 Isocratis

862 2313 979 2349 verba
1010 2310 1058 2348 ad
1086 2309 1253 2360 Philipp.
1282 2323 1371 2360 pag.
1398 2313 1450 2350 90
1478 2312 1524 2347 Β.

862 2369 966 2420 [cap.
987 2369 1037 2410 15
1059 2368 1095 2413 ξ.
1116 2369 1202 2416 39],
1227 2368 1292 2418 qUi
1311 2364 1443 2415 πόλεις
1464 2367 1525 2404 di-

860 2433 970 2464 xerat
1008 2422 1284 2476 ὦμαλισμένας
1322 2421 1405 2464 v‘no*
1443 2426 1524 2463 τῶν

865 2485 1100 2535 συμφορῶν,
1132 2488 1170 2518 et
1190 2479 1521 2532 Thucydid.V111,

865 2543 930 2589 57,
962 2541 1028 2593 qui
1057 2536 1274 2576 collidendo
1303 2539 1354 2575 ait
1383 2537 1520 2578 ἐπανι-

864 2599 965 2636 σοῦν
984 2592 1296 2645 τοῦς”Ἐλληνοις
1319 2592 1420 2647 πρός
1455 2591 1520 2633 ἄλ·

861 2651 1019 2706 λη’λους.

1082 2743 1175 2795 Cap.
1197 2743 1302 2780 X1v.

919 2820 974 2872 ὥς
1018 2835 1092 2875 σφι
1144 2818 1352 2872 ἀσμένοισι
1392 2821 1520 2874 ἡμέρη

1172 2887 1235 2929 2*

1537 790 1722 829 Graecorum
1738 792 1814 831 ctas-

1536 833 1576 850 ffls
1595 830 1683 851 numa
1701 833 1784 852 nav!-

1542 858 1595 884 bus
1615 858 1681 885 Lm
1707 859 1813 886 barba‘

1540 899 1589 918 rou
1610 893 1717 920 iterum
1742 892 1812 921 adn-
