1879 3222
669 206 699 243 l.
729 203 890 242 INDEX
920 201 1108 241 RERUM.

199 314 259 356 IV,
291 315 337 349 49
360 317 429 349 not.
470 313 552 349 Cius
584 313 619 348 in
651 314 780 359 Mysia,
817 314 860 356 V,

199 363 267 395 114
291 365 359 396 not.

158 409 279 442 Claves
291 406 393 451 Cypri
405 404 577 449 (Κληῖδες
595 405 660 449 τῆς
669 403 860 449 Κύπρου),

198 451 472 497 promontorium
495 452 545 486 ita
572 453 712 495 dictum,
740 454 777 494 V,
792 452 860 487 lte

197 502 267 532 not.

155 545 394 584 Clazomenae,
423 543 544 577 Ionum
569 543 712 585 civitas,
740 544 767 586 I,
793 544 860 578 142

196 592 264 624 not.
296 590 340 630 11,
374 588 453 623 178.
489 590 662 624 invaditur
696 591 740 624 al»
771 592 861 634 Aly-

194 639 277 676 atte,
312 635 371 678 qui
405 636 539 669 cladem
570 637 709 680 accipit,
749 637 776 676 Ι,
803 636 858 671 16.

193 680 329 724 capitur
362 681 406 715 ab
431 683 647 725 Artaphernc
678 689 712 716 et
737 684 861 725 otanv,

192 727 233 767 V,
260 726 337 759 123.
363 747 408 751 —
459 728 757 763 Clazomeniorum
782 730 860 763 thc-

191 782 326 814 saurus,
353 772 381 814 Ι,
400 771 457 807 51.

148 818 302 861 Cleacles,
344 819 503 853 Autodici
534 821 604 862 fik,
634 821 858 863 Plataeensis,

191 865 310 897 inanes
326 865 453 899 excitat
475 867 722 910 Aeginetarum
747 872 858 902 tumu-

190 910 243 943 los
267 911 311 943 ad
335 912 509 951 Plataeas,
534 914 594 954 IX,
619 913 675 947 85.

149 956 319 990 Cleander
342 961 450 999 vates,
489 959 707 1003 Phigalensis
737 960 857 1002 Arcas,

190 1002 249 1044 1”Ι,
273 1002 319 1034 83
341 1007 410 1036 not.

147 1047 334 1125 Cl‘i‘yjdssr’
375 1048 600 1093 Hippocratis
630 1050 737 1093 lilius,
781 1050 858 1094 VII,

192 1123 196 1125 o
215 1103 271 1127 aa).

148 1139 328 1179 Cleander,
352 1140 511 1174 Pantaris
535 1141 551 1174 f
563 1166 573 1183 ,
606 1141 716 1175 Gelae
738 1143 860 1186 tyran-

190 1197 264 1224 nus,
288 1185 362 1227 VII,
387 1184 454 1219 151
477 1191 545 1220 not.

146 1230 276 1264 Cleobis
306 1235 339 1265 et
371 1232 504 1266 Bitonis
527 1232 673 1266 historia
698 1235 745 1266 -et
776 1233 859 1267 bea-

189 1277 312 1318 titudo,
339 1277 366 1319 Ι,
388 1278 433 1311 31
458 1283 528 1313 not.

145 1321 349 1364 CleodaeuS,
388 1325 487 1367 Hyni
520 1325 594 1366 fit,
627 1324 683 1366 VI,
717 1322 764 1358 52
785 1328 855 1359 not.

189 1369 263 1406 VII,
288 1368 367 1403 204.
391 1371 483 1410 VIII,
509 1370 589 1404 131.

145 1414 375 1448 Cleombrotus
398 1420 432 1448 et
459 1417 623 1450 Leonidas
646 1415 791 1460 gemini,
815 1416 855 1457 V,

187 1460 244 1493 41.
278 1461 311 1493 1.
347 1461 440 1501 vm,
464 1461 507 1494 71
540 1467 608 1496 not.
641 1461 857 1495 Anaxandri-

188 1506 253 1538 dne
276 1506 380 1548 filins,
413 1508 496 1542 ibid.
521 1513 553 1541 et
577 1509 638 1548 IX,
668 1509 722 1542 lo.
761 1512 857 1551 pater

186 1552 392 1594 Pausaniae,
424 1554 482 1596 lv,
516 1555 571 1588 81.
605 1555 857 1596 Spartanorum

188 1597 259 1630 dux
282 1598 317 1631 in
341 1599 487 1641 Isthmo,
515 1601 603 1639 vm,
627 1600 685 1635 71.

143 1644 351 1685 Cleomenes,
397 1645 661 1679 Anaxandridae
705 1646 768 1686 fil„
812 1657 855 1679 ex

186 1701 294 1722 uxore
340 1691 528 1732 posteriore
573 1697 683 1732 natus,
729 1694 856 1724 mentis

186 1735 282 1768 haud
303 1736 387 1769 satis
410 1748 562 1781 compos,
586 1738 678 1781 patri
701 1737 857 1771 succedit

185 1781 221 1814 in
245 1792 391 1825 regnum
414 1783 690 1826 Spartanorum,
724 1784 854 1827 qnippe

185 1827 279 1860 filius
311 1833 395 1861 natu
416 1830 601 1871 maximus,
636 1831 675 1870 V,
711 1829 755 1862 41
779 1842 851 1873 seq.

187 1872 231 1904 cf.
245 1884 273 1905 c.
291 1871 348 1906 39.
374 1885 395 1907 a
417 1875 620 1909 Maeandrio
637 1876 757 1909 Samio
779 1875 854 1916 ipse

185 1929 272 1951 auro
287 1930 353 1952 non
369 1921 540 1962 corrumpi
560 1926 683 1964 potest,
695 1933 756 1952 nec
767 1921 855 1954 alios

186 1965 364 2008 corrumpi
382 1965 474 2008 sinit,
498 1967 648 2005 HLHS.
674 1968 854 2000 Alcmaeo-

186 2010 350 2043 m'darum
386 2013 694 2046 machinationibus
723 2025 746 2045 a
779 2025 853 2045 cor-

187 2060 293 2099 rupta
313 2056 442 2100 Pythia
457 2064 638 2093 commotus
663 2061 676 2099 s
681 2061 724 2092 cf.
734 2070 762 2091 c.
774 2059 854 2100 63),

185 2101 419 2136 Pisistratidas
441 2105 584 2138 Athenis
606 2105 718 2146 eiicit,
744 2106 783 2140 V.
808 2104 854 2137 6-1

185 2158 257 2190 seq.
281 2152 314 2180 et
338 2153 454 2190 postea
476 2151 706 2190 Clisthenem,
734 2151 852 2194 Isago-

119 2205 123 2209 ·
184 2203 245 2226 rae
269 2194 401 2236 favens,
426 2206 456 2228 c.
484 2196 530 2229 70
553 2209 621 2240 seq.
656 2208 737 2230 mox
770 2208 854 2229 vero

184 2238 258 2282 ipse
285 2240 428 2274 Athenis
452 2243 615 2276 excedere
638 2248 786 2278 coactns.
813 2254 854 2275 ex

185 2295 277 2325 arce,
316 2286 375 2319 uhi
407 2298 443 2320 se
468 2289 643 2322 Achaeum
669 2300 738 2323 esse
771 2300 855 2332 pro-

183 2332 421 2373 nunciaverat,
430 2333 722 2369 Pisistratidarum
734 2346 857 2367 oracu-

185 2377 221 2409 la
255 2378 417 2419 Spartam
441 2381 560 2420 defert,
601 2394 632 2415 c.
658 2382 703 2415 72
726 2392 794 2423 seq.
821 2384 857 2414 et

183 2422 241 2456 90.
289 2424 403 2457 denuo
445 2427 693 2468 expeditionem
736 2432 856 2460 contra

183 2469 336 2503 Athenas
359 2471 559 2516 suscipiens,
582 2474 745 2508 Eleusine
775 2484 855 2506 cum

1544 199 1627 242 4⁴07

964 310 1101 354 collega
1134 308 1320 344 Demarato
1362 305 1553 349 discordat,
1592 316 1623 340 c.

963 357 1111 392 71-76.
1137 376 1181 381 --
1213 356 1462 399 Aristagoram,
1487 355 1530 386 ad
1554 354 1626 386 bel-

963 404 1036 436 lum
1060 402 1173 437 Persis
1195 402 1409 435 inferendum
1439 400 1627 434 sollicitan-

964 453 1046 492 tem,
1091 449 1156 491 (cf.
1183 459 1212 481 c.
1237 447 1283 480 87
1310 447 1398 491 seq.)
1432 446 1583 480 monitus
1606 456 1628 479 a

960 494 1035 528 filia
1058 495 1197 535 Gorgo,
1231 493 1359 537 Sparta
1381 494 1543 526 excedere
1571 491 1627 525 iu-

962 540 1032 583 bet,
1056 542 1096 582 V,
1119 538 1267 573 cto-51.
1293 558 1335 563 —
1367 540 1445 572 adv·
1479 537 1628 583 Aegine-

961 589 1039 627 tas,
1073 585 1233 618 Medimni
1272 584 1363 627 apud
1399 585 1628 619 Lacedaemo-

959 631 1033 665 nios
1058 635 1248 673 accusatos,
1268 632 1404 672 ducens,
1423 643 1484 673 per
1501 633 1630 664 Dema-

958 677 1041 719 rati,
1072 679 1249 710 absentem
1280 677 1483 718 accusantis,
1517 681 1628 710 artem

960 723 1095 766 Aegina
1125 723 1288 755 decedere
1316 723 1472 766 cogitur,
1505 724 1562 762 11,
1582 721 1628 755 49

961 768 1059 803 -51
1119 769 1177 810 VI,
1235 768 1281 802 50
1334 773 1403 801 not.
1465 769 1630 811 Spartam

965 826 1135 856 reversus,
1168 826 1249 848 cum
1287 814 1500 859 Leotychide
1532 814 1629 856 paci*-

961 873 1068 903 scens,
1091 872 1132 894 ex
1154 862 1296 894 oraculo
1319 866 1482 903 corrupto
1500 861 1630 893 Dema-

961 912 1037 942 rato
1069 906 1204 952 regiam
1233 907 1437 951 dignitatem
1469 907 1629 950 abrogat,

961 966 990 987 c.
1017 954 1062 987 65
1086 965 1155 997 seq.
1188 965 1229 986 cx
1254 954 1389 997 Aegina
1412 953 1630 986 Medicarum

961 1000 1113 1043 partium
1138 1005 1298 1042 patronos
1321 997 1629 1032 Atheniensibusin

962 1047 1154 1079 custodiam
1178 1046 1295 1086 tradit,
1319 1057 1348 1078 c.
1378 1045 1434 1078 73.
1457 1063 1503 1069 -—-
1525 1045 1630 1088 Argi—

961 1102 1024 1124 vos
1047 1102 1176 1135 magna
1195 1092 1295 1124 clade
1315 1091 1442 1132 adficit,
1466 1103 1524 1124 sex
1547 1091 1630 1124 mil-

961 1137 1011 1170 lia
1034 1149 1155 1170 eorum
1178 1138 1335 1170 occidens
1359 1138 1422 1180 (cf.
1445 1136 1630 1180 v11,148)‚

963 1187 997 1215 et
1021 1183 1107 1227 Argi
1140 1184 1257 1216 lucum
1282 1183 1441 1225 incendit,
1477 1195 1507 1216 c.
1537 1184 1630 1216 76--

961 1229 1017 1263 80.
1070 1230 1163 1273 apud
1203 1230 1360 1273 Ephoros
1399 1229 1630 1272 corruptionis

960 1281 1140 1308 accusatus
1151 1276 1354 1317 absolvitur,
1375 1287 1404 1308 c.
1415 1275 1471 1310 82.
1487 1276 1630 1308 atfrau-

960 1323 1014 1362 de,
1038 1332 1141 1364 quam
1166 1323 1199 1354 in
1212 1324 1437 1355 Demaratum
1448 1322 1631 1354 commise-

958 1373 1024 1407 rat,
1048 1369 1181 1401 detecta
1205 1368 1269 1411 (cf.
1295 1379 1325 1402 c.
1349 1367 1426 1410 66.)
1460 1368 1495 1400 ἰη
1519 1368 1631 1400 Thes·

959 1414 1048 1447 salia
1070 1415 1224 1454 exulans,
1248 1415 1397 1447 Arcades
1422 1415 1499 1447 adv.
1521 1414 1630 1456 Spar-

960 1464 1060 1492 tanos
1082 1460 1257 1501 sollicitat,
1281 1472 1310 1492 c.
1333 1460 1389 1496 74,
1415 1459 1494 1493 inde
1517 1460 1630 1503 Spar-

960 1511 1032 1538 tam
1066 1510 1260 1549 revocatus,
1300 1506 1450 1539 furiosus
1488 1506 1553 1548 (cf.
1588 1506 1628 1545 V,

959 1552 1037 1595 42.)
1075 1564 1111 1585 se
1142 1553 1215 1593 ipse
1245 1554 1384 1593 lacerat,
1418 1564 1446 1588 c.
1480 1550 1525 1585 75
1556 1557 1628 1586 not.

959 1599 1039 1630 coll.
1066 1599 1104 1640 V,
1127 1597 1183 1631 48.
1209 1599 1265 1638 VI,
1291 1597 1336 1631 84
1359 1603 1428 1631 nut.
1461 1597 1629 1641 Scythico

955 1654 1053 1676 more
1076 1644 1195 1679 vinum
1220 1645 1338 1678 bibere
1357 1646 1549 1685 consuevit,
1572 1644 1628 1685 VI,

957 1689 1014 1722 76.

913 1735 1072 1778 Cleonae,
1097 1746 1174 1779 opp.
1199 1734 1234 1769 in
1264 1736 1357 1770 Atho
1391 1739 1518 1777 monte,
1551 1735 1628 1776 VII,

956 1782 1001 1814 22
1025 1786 1095 1815 not.

912 1825 1063 1871 Clinias,
1094 1827 1284 1861 Alcibiadis
1308 1828 1372 1867 fil„
1407 1826 1628 1861 Atheniensi-

955 1885 1016 1905 um
1038 1874 1350 1915 praestantissimus
1373 1872 1408 1905 in
1421 1874 1530 1906 classe
1544 1885 1629 1907 con-

956 1924 1010 1952 tra
1034 1920 1197 1959 Xerxem,
1222 1919 1312 1957 1111,
1338 1918 1382 1951 17
1406 1923 1476 1951 not.

913 1966 1116 2005 Clisthenes,
1149 1966 1312 2009 Sicyonis
1353 1971 1539 2009 tyrannus,
1585 1966 1626 2006 V,

957 2011 1002 2044 67
1035 2015 1103 2045 not.
1132 2011 1190 2052 VI,
1222 2011 1299 2044 126.
1331 2011 1404 2044 eius
1438 2012 1557 2044 odium
1590 2011 1627 2045 in

954 2057 1164 2097 Adrastum,
1207 2058 1254 2098 V,
1302 2056 1362 2090 67.
1419 2057 1513 2090 circa
1553 2058 1626 2091 Cli-

956 2105 1111 2136 sthenem
1146 2107 1180 2137 et
1215 2102 1326 2136 filiam
1350 2104 1549 2147 Agaristam
1585 2115 1627 2138 ac

956 2160 1078 2192 procos
1102 2154 1190 2190 acta,
1219 2150 1275 2190 VI,
1297 2149 1364 2182 126
1382 2161 1451 2192 seq.
1478 2150 1628 2183 Clisthe-

956 2195 1008 2227 nis
1041 2200 1148 2237 aetas,
1182 2195 1219 2238 V,
1254 2195 1299 2228 67
1325 2201 1394 2228 not.
1436 2196 1627 2230 Clisthenes

954 2242 1144 2283 rhapsodos
1167 2242 1279 2282 eiecit,
1305 2242 1342 2282 V,
1365 2240 1410 2274 67
1435 2247 1501 2275 not.
1527 2242 1563 2285 4)

913 2287 1112 2328 Clisthenes,
1133 2288 1362 2328 Atheniensis,
1390 2289 1432 2319 de
1444 2289 1626 2321 Alcmaeo-

957 2334 1117 2366 nidorum
1140 2335 1287 2375 familia,
1306 2334 1490 2367 Clisthenis
1501 2334 1626 2378 Sicyo-

956 2380 1006 2412 nii
1039 2391 1156 2423 nepos,
1189 2392 1266 2413 cum
1298 2380 1442 2424 Isagora
1465 2381 1624 2414 factioni-

955 2426 1020 2459 bus
1043 2426 1220 2466 dissidens,
1244 2438 1262 2459 c
1289 2435 1436 2468 quatuor
1466 2427 1624 2462 tribubus

956 2473 1082 2506 Athen.
1121 2473 1239 2506 decem
1270 2472 1365 2516 fucit,
1398 2472 1438 2514 V,
1474 2472 1520 2509 68
1550 2478 1621 2508 not.

228 2676 258 2719 ‘)
283 2676 457 2711 Heinecke
491 2678 630 2711 Homer.
660 2678 807 2711 Go'tter-
827 2678 895 2710 und
920 2675 1240 2710 Heldendualismus
1266 2689 1300 2721 p.
1326 2678 1381 2713 96.
1414 2679 1621 2713 Homerico-

140 2730 214 2752 rum
237 2723 419 2757 carminum
449 2724 686 2757 recitationem
714 2736 787 2756 eum
817 2725 860 2757 ob
884 2735 1017 2756 causam
1035 2736 1054 2756 a
1082 2722 1254 2755 Clisthene
1279 2723 1495 2758 interdictam
1514 2727 1621 2759 fuisse

142 2765 352 2810 arbitratur,
377 2769 454 2812 quia
475 2770 509 2802 in
531 2771 598 2802 illis
629 2775 808 2802 stemmata
828 2772 992 2803 maiorum
1010 2775 1173 2813 aetasque
1191 2770 1356 2802 nobilium
1374 2771 1516 2805 heroum
1541 2784 1620 2805 cre-

140 2810 233 2844 brius
251 2818 434 2850 memor'ata
451 2817 603 2850 consiliis
629 2816 812 2849 Clisthenis
831 2817 866 2849 iu
889 2815 1065 2861 republica
1084 2816 1321 2850 constituenda
1341 2817 1529 2852 ossecerint.
