1879 3222
446 204 512 241 DE
534 202 658 240 VITA
677 202 750 239 ET
770 201 1003 240 SCRIPTIS
1019 201 1303 240 HERODOTI.
1529 202 1613 241 407

240 319 316 355 Per
336 317 515 354 Croesum
540 319 676 365 sponte
705 312 929 351 devenimus
950 314 1092 353 medias
1121 316 1161 352 in
1181 313 1381 367 Lydorum
1407 327 1488 362 res,
1518 326 1611 365 quas

126 375 262 412 Noster
282 373 352 411 hac
371 371 565 410 occasione
586 371 730 417 oblata,
762 383 879 422 quam
905 371 1019 409 etiam
1040 373 1079 408 in
1100 373 1179 408 aliis
1211 383 1412 424 nunquam
1440 377 1610 422 praeter-

124 432 276 469 mittere
290 431 402 476 solet,
434 434 473 464 ut
492 428 633 464 scilicet
663 440 917 480 quaecunque
947 426 994 463 de
1024 429 1150 480 aliqua
1180 436 1278 465 terra
1299 430 1454 480 eiusque
1476 428 1609 465 incolis

123 499 325 539 rerumque
353 484 465 535 gestis
485 491 680 534 comperta
699 482 857 532 habeat,
895 485 935 521 in
965 484 1136 522 medium
1174 486 1359 536 proferat,
1399 485 1608 521 accuratius

123 552 162 582 et
182 542 393 594 diligentius
412 542 674 592 persequitur3
704 540 903 593 Lydorum
922 554 1013 579 vero
1035 555 1196 591 regnum
1218 555 1306 579 cum
1323 555 1344 578 a
1364 542 1488 579 Persis
1512 540 1608 578 duce

123 602 222 653 Cyro
251 611 424 637 eversum
455 605 568 646 esset,
600 598 715 650 paulo
739 605 826 635 ante
856 611 972 650 quam
993 599 1145 636 Graecis
1167 599 1310 635 beilum
1332 606 1426 635 esset
1446 599 1607 645 illatum,

121 658 238 695 oratio
258 654 353 692 redit
382 654 431 691 ad
452 655 596 706 Cyrum
617 662 654 692 et
668 655 809 692 Persici
826 656 934 705 regui
954 655 1081 702 initia,
1112 667 1209 706 quae
1230 654 1433 692 Medorum
1454 668 1607 706 quoque

118 713 339 764 imperium,
372 711 474 748 unde
493 711 589 749 illud
609 725 786 750 exorsum
805 719 904 760 erat,
935 712 1253 763 complectuntur.
1310 712 1355 747 Iu
1382 713 1505 749 Persis
1535 724 1607 748 au-

117 776 196 807 tem
216 782 426 820 eorumque
454 770 566 806 rebus
585 771 698 820 gestis
715 770 793 805 iam
807 770 858 806 ita
887 775 1055 806 versatur
1075 769 1194 805 oratio
1208 798 1218 816 ,
1238 774 1280 804 ut
1291 768 1351 805 vel
1372 768 1606 805 Graecorum

115 839 174 863 res
194 824 251 863 his
271 827 393 876 magis
414 839 586 863 annexae
615 825 829 873 videantur,
860 838 1024 877 quorum
1044 826 1213 876 ipsorum
1240 825 1393 862 libertas
1418 837 1440 860 a
1470 825 1606 861 Persa-

115 895 202 920 rum
221 884 417 920 invasione
435 882 624 920 vindicata
642 884 818 935 salusque
839 889 976 920 asserta
996 883 1245 934 praecipuum
1255 882 1377 932 operis
1397 893 1606 931 argumen-

114 946 199 976 tum
226 938 359 977 haberi
393 939 517 977 debet,
536 936 580 991 ἢ)
638 941 738 976 Nam
764 940 805 976 in
834 952 879 976 eo
908 941 986 977 vim
1012 952 1122 976 suam
1148 939 1380 990 apertissime
1400 937 1605 975 declaravit

115 995 289 1034 divinum
308 1009 469 1045 numen,
502 995 606 1048 quod
637 1009 770 1034 omnes
797 995 1018 1034 moderatur
1047 1010 1104 1033 res
1134 994 1322 1033 humanas
1352 1002 1389 1032 et
1417 996 1457 1031 in
1476 1004 1606 1032 rerum

112 1060 248 1090 natura
268 1055 319 1091 sic
341 1053 580 1102 dominatur,
610 1059 653 1090 ut
681 1054 747 1105 qui
766 1053 860 1090 illud
877 1066 957 1090 non
976 1060 1240 1101 revereantur,
1276 1051 1486 1091 vindictam
1515 1064 1605 1089 cum

111 1123 255 1161 magno
275 1123 343 1148 suo
365 1109 506 1148 damno
526 1111 812 1161 pei-sentiscant.
852 1109 914 1146 'Id
939 1110 1055 1159 igitur
1077 1123 1200 1162 quum
1220 1110 1261 1145 in
1292 1109 1470 1146 omnibus
1490 1109 1604 1146 rebus

111 1165 289 1204 humanis
317 1168 364 1204 sit
396 1167 669 1218 conspicuum,
702 1167 900 1217 insigniori
929 1166 1097 1218 quodam
1126 1165 1243 1204 modo
1267 1167 1440 1217 apparuit
1461 1167 1502 1202 in
1520 1166 1607 1216 ipso‘

110 1224 176 1260 iilo
206 1225 327 1272 bello,
358 1223 462 1275 quod
486 1224 556 1261 sibi
587 1222 764 1261 historiae
795 1231 903 1275 pater
924 1223 1182 1260 enarrandum
1213 1229 1412 1262 sumserat.
1469 1223 1604 1274 Itaque

110 1292 132 1316 a
154 1281 274 1332 Cyro,
304 1281 409 1318 cuius
430 1294 489 1317 res
509 1287 637 1331 gestae
652 1294 772 1333 usque
793 1280 843 1318 ad
862 1281 980 1317 finem
996 1281 1082 1317 libri
1100 1281 1216 1332 primi
1234 1286 1493 1331 exponuntur,
1515 1291 1604 1315 ora-

107 1338 162 1374 tio
181 1337 421 1388 progreditur
441 1336 490 1375 ad
512 1338 743 1389 Cambysem
763 1336 1010 1389 eiusdemque
1030 1351 1088 1374 res
1107 1338 1367 1389 persequitur:
1405 1338 1445 1373 in
1467 1336 1604 1388 quibus

108 1406 199 1430 cum
218 1395 386 1445 Aegypti
407 1396 639 1445 expugnatio
659 1395 908 1445 praecipuum
929 1395 1097 1431 obtineat
1121 1395 1252 1431 locum
1265 1423 1277 1442 ,
1307 1406 1377 1445 pro
1403 1404 1514 1429 more
1532 1405 1602 1430 suo

107 1450 324 1488 Herodotus
344 1449 416 1488 hac
437 1452 637 1488 occasione
656 1452 782 1489 oblata
795 1480 805 1499 ‚
836 1450 885 1488 de
905 1449 1017 1488 huius
1032 1458 1154 1488 terrae
1173 1450 1323 1499 indole,
1356 1450 1490 1488 incolis
1503 1478 1513 1497 ‚
1539 1462 1602 1486 sa-

109 1508 199 1555 cris,
230 1509 309 1544 aliis
329 1509 481 1545 uberius
503 1507 661 1546 disserit.
717 1509 753 1544 A
774 1509 962 1559 Cambyse
983 1509 1116 1545 transit
1144 1507 1193 1545 ad
1212 1508 1373 1544 Darium
1392 1507 1601 1558 Hystaspis,

108 1566 174 1616 qui
202 1564 397 1616 quomodo
419 1565 608 1618 Cambyse
631 1572 784 1602 mortuo
813 1577 1094 1616 magorumque
1123 1564 1309 1602 seditione
1339 1565 1524 1601 exstincta
1551 1561 1601 1599 ad

106 1634 271 1671 regnum
302 1629 454 1659 evectus
474 1623 520 1659 sit
551 1629 588 1659 et
616 1621 813 1674 quomodo
842 1621 937 1658 illud
958 1621 1161 1668 ordinarit,
1192 1627 1367 1658 accurate
1384 1621 1600 1670 exponitur.

107 1678 332 1730 Sequuntur
355 1679 501 1730 reliqua
521 1679 567 1715 ab
589 1691 633 1715 eo
649 1684 775 1728 gesta,
806 1679 905 1714 bella
926 1691 1015 1715 cum
1039 1676 1192 1729 Scythis
1223 1684 1263 1715 et'
1285 1677 1430 1729 Libyae
1451 1676 1600 1727 populis

104 1742 232 1784 gesta,
259 1748 358 1787 quae
379 1736 460 1786 ipsa
480 1736 720 1772 occasionem
745 1736 843 1785 patri
863 1733 1039 1772 historiae
1059 1735 1265 1786 praebent,
1307 1733 1355 1771 de
1377 1732 1536 1785 Scythia
1555 1745 1599 1769 ac

104 1792 226 1843 Libya
246 1793 415 1842 pluribus
435 1791 650 1843 disputandi
691 1796 796 1838 (nam
826 1790 899 1828 hae
921 1799 1042 1828 terrae
1064 1804 1200 1842 parum
1221 1797 1308 1827 ante
1331 1791 1457 1841 ipsum
1478 1791 1599 1826 Grae-

105 1849 158 1885 cis
188 1850 364 1899 cognitae
393 1849 506 1886 fuisse
530 1848 763 1898 videntur),·
808 1855 894 1885 tum
924 1847 1184 1899 expeditiones
1218 1846 1396 1885 adversus
1433 1848 1600 1883 Graecos

105 1912 320 1955 susceptae:
355 1918 431 1958 quo
466 1907 547 1956 ipso
568 1904 728 1942 demum
748 1904 798 1942 ad
818 1906 1067 1956 praecipuum
1097 1918 1141 1941 ac
1170 1904 1393 1954 primarium
1421 1903 1508 1940 libri
1534 1915 1599 1939 ar-

105 1968 336 2010 gumentum
364 1969 496 2000 auctor
526 1961 671 1999 accedit
690 1963 787 1999 libro
808 1964 953 2013 quinto„
1013 1960 1223 1998 Thraciam
1244 1967 1281 1997 et
1299 1958 1599 1996 Macedoniama

105 2017 315 2069 M‘egabazo
335 2019 543 2066 subactam,
570 2020 709 2055 Ionum
726 2019 976 2055 rebellionem
993 2019 1039 2054 ab
1050 2018 1269 2067 Aristagora
1280 2023 1427 2053 motam
1448 2023 1485 2053 et
1503 2029 1598 2053 mox

103 2073 287 2123 sedatam,
317 2075 506 2111 Mardonii
530 2074 815 2126 expeditionem
834 2077 875 2111 in
895 2075 1094 2112 Graeciam
1116 2080 1285 2123 enarrat,
1315 2080 1400 2110 tum
1418 2079 1526 2110 sexto
1547 2073 1597 2109 li-

104 2131 172 2168 bro
194 2131 241 2168 ad
264 2133 499 2169 Graecorum
527 2145 586 2169 res
607 2131 850 2178 domesticas,
883 2132 1012 2183 quales
1032 2131 1095 2167 illa
1115 2131 1256 2167 fuerint
1277 2137 1422 2177 aetate,
1451 2131 1597 2177 transit,

105 2186 153 2224 de
176 2189 279 2226 Datis
311 2196 425 2240 atque
454 2188 702 2239 Artaphernis
722 2188 986 2239 expeditione,
1009 2201 1106 2239 quae
1134 2200 1264 2238 pugna
1292 2185 1532 2224 Marathonia
1549 2185 1597 2221 fi-

103 2245 184 2281 nita
205 2252 280 2294 est,
311 2245 490 2296 exponit3
519 2247 682 2296 septimo
706 2252 743 2282 et
766 2252 899 2282 octavo
921 2244 968 2282 de
989 2245 1126 2281 Xerxis
1148 2243 1389 2294 expeditione
1408 2245 1449 2280 in
1477 2244 1598 2280 Grae-

104 2301 204 2337 ciam
231 2302 365 2349 refert,
406 2314 509 2339 nono
538 2303 661 2353 pergit
682 2302 721 2338 in
743 2302 979 2353 exponendis
1002 2300 1115 2338 huius
1135 2301 1225 2338 belli
1243 2301 1386 2341 vicibus
1406 2313 1527 2352 usque
1548 2297 1597 2336 ad

103 2358 307 2395 Persarum
321 2357 508 2408 reditum,
535 2371 611 2412 quo
639 2359 784 2397 bellum
803 2358 955 2396 finitum
975 2365 1053 2396 esu
1071 2354 1150 2406 *ἢ

196 2570 228 2613 *)
260 2569 338 2605 vid.
370 2571 532 2604 Creuzer.
566 2570 656 2604 Hist.
686 2571 800 2604 Kunst.
838 2570 872 2604 d.
894 2572 959 2605 Gr.
993 2581 1026 2614 p.
1061 2570 1145 2604 139:
1194 2569 1286 2610 „Die
1322 2568 1499 2602 Persische
1526 2566 1596 2601 Ge-

105 2615 254 2649 schicme
277 2617 380 2650 bleibt
397 2629 467 2650 uun
483 2619 605 2660 semer
621 2618 709 2649 auch
727 2618 788 2650 der
805 2617 1044 2659 Grnndftzden,
1069 2618 1138 2659 auf
1151 2615 1225 2648 clem
1244 2615 1440 2659 (lus'ganzc
1456 2614 1597 2647 Gewebc

107 2662 325 2705 autgereihec
343 2663 449 2703 wird,
475 2663 563 2695 clena
584 2663 639 2695 die
657 2663 777 2696 Persen·
793 2663 871 2696 sind
888 2674 940 2703 es,
974 2673 1089 2707 gegen
1120 2662 1245 2695 welche
1273 2661 1329 2695 die
1351 2667 1473 2705 grosse
1499 2660 1594 2693 That

107 2707 239 2750 gethan
251 2732 261 2752 ,
286 2709 341 2742 die
359 2708 392 2742 F
392 2709 512 2743 reiheit
537 2712 684 2753 gerettct
698 2709 835 2742 worden
851 2708 934 2742 ist.“

197 2774 253 2818 **)
276 2776 379 2815 Plura
402 2776 445 2810 de
468 2777 672 2821 singulorum
695 2776 856 2809 librorum
879 2780 1076 2814 argumento
1099 2781 1134 2810 et
1151 2774 1356 2812 narrationis
1367 2784 1517 2809 connexu
1530 2771 1591 2818 qui

110 2820 257 2865 cupiant,
281 2822 348 2857 vid.
373 2823 571 2858 Dahlmann.
596 2822 630 2857 in
644 2822 810 2858 Herodot.
833 2834 868 2868 p.
894 2823 958 2858 138
980 2833 1074 2868 seqq.
