1879 3222
473 209 944 246 GALLIOPE.

1003 209 1078 247 IX.
1312 209 1396 251 257
1464 229 1466 231 ·

142 323 266 376 φοῖσι
309 319 402 373 περὶ
445 316 606 373 γόνου,
655 314 794 358 ἀνεῖλε
823 313 851 371 ἡ
889 319 1059 374 Πυθίη,
1091 317 1264 373 άγῶνας
1292 317 1396 370 τούς

140 389 366 444 μεγίστους
396 382 707 441 ἀναιρήσεσθαι
737 381 873 425 πέντε.
933 384 957 427 ὁ
999 386 1078 441 μὲν
1107 386 1160 442 δή
1190 386 1396 442 ἁμαρτών

140 460 222 499 τοῦ
257 455 542 511 χρηστηρίου,
583 455 779 506 προσεῖχε
809 454 1099 506 γυμνασίοισι,
1131 453 1189 505 ὡς
1219 454 1398 511 άναιρη-

110 523 328 579 4σόμενος-
351 519 591 578 γυμνικούς
618 518 803 574 ἀγῶνας.
848 516 1016 563 ἀσκέων
1044 523 1090 565 δὲ
1119 523 1398 577 πεντάεθλον,

140 590 257 647 παρά
285 592 334 634 ἓν
362 588 584 646 πάλαισμα
615 588 772 643 ἔδραμε
803 589 932 630 νικᾶν
963 586 1233 645 ὀλυμπιάδα,
1259 591 1398 647 Ἱερω-
1412 601 1453 634 10

81 805 204 861 yo'vov
237 808 340 861 quod
375 815 592 860 suspectum
622 809 741 847 videri

82 878 190 916 posse
212 865 317 904 addit
342 865 738 919 Schweighaeuserus,

81 923 237 971 mirans,
265 922 368 975 quod
396 922 443 959 de
468 924 566 973 prole
600 937 739 961 consu-

80 979 175 1016 lenti
195 982 392 1017 oraculum
411 978 507 1015 nihil
528 980 613 1027 tale,
636 979 740 1032 quod

82 1035 129 1072 ad
155 1037 302 1086 prolem
336 1037 511 1087 proxime
540 1038 738 1087 pertineat,

81 1092 329 1143 responderit,
351 1092 564 1129 notandum
585 1101 650 1141 est,
691 1095 738 1131 ab

80 1149 275 1187 Herodoto
304 1162 382 1186 non
403 1163 517 1186 omne
538 1149 662 1186 afferri
683 1152 740 1186 Α-

83 1207 235 1256 pollinis
245 1219 477 1257 responsum,
489 1206 556 1243 sed
569 1206 606 1243 id
619 1220 739 1244 unum

81 1261 171 1298 inde
193 1264 498 1311 commemorari,
531 1263 633 1315 quod
654 1278 741 1300 ma-

79 1319 186 1355 xime
227 1319 445 1357 advertebat
493 1333 536 1357 ac
586 1322 740 1358 tenebat

80 1377 314 1426 scriptorem.
330 1399 386 1404 —
407 1378 451 1412 In
463 1390 569 1428 seqq.
589 1376 637 1414 ad
653 1391 742 1414 ver-

80 1433 174 1469 bum
195 1429 490 1484 οἷναιρήσεσθαι
521 1434 622 1470 conf.
644 1441 739 1473 nott.

80 1488 129 1526 ad
158 1489 204 1537 V,
236 1492 326 1529 1Ο2.
385 1491 586 1526 Formulae
614 1488 742 1542 άμαρ-

81 1541 216 1584 τάνειν
252 1548 328 1584 τοῦ
367 1549 546 1598 χρησμοῦ
576 1547 745 1597 (oraculi

82 1614 217 1639 sensum
255 1615 323 1639 non
355 1604 498 1652 assequi
532 1610 574 1640 ut
604 1604 642 1651 I,
672 1607 740 1644 71.

80 1659 144 1706 IV,
172 1658 278 1708 164)
313 1661 518 1709 opponitur
563 1659 742 1699 συνιέναι

80 1717 154 1754 τοῦ
175 1718 356 1766 χρησμοῦ
382 1715 484 1766 apud
499 1717 742 1766 Pausan.III,

85 1774 133 1811 11
165 1773 201 1817 ᾗ.
224 1774 261 1811 6.
285 1791 341 1799 —-
397 1773 613 1810 Articulum
640 1777 742 1813 τοῖσι

82 1835 169 1865 ante
198 1827 475 1880 γυμνασίοισι,
522 1843 637 1881 quem
657 1837 743 1881 post

83 1883 334 1922 Schaeferum
353 1885 676 1935 tenuitMatthiae,
704 1901 741 1923 e-

85 1939 239 1992 quidem
251 1942 369 1977 abieci
380 1955 468 1978 cum
477 1944 629 1994 reliquis
642 1942 741 1991 edd„

85 2010 206 2049 quum
226 2009 248 2033 a
264 1999 480 2035 Florentino
502 2000 658 2050 aliisque
678 2001 742 2036 ille

84 2053 329 2092 absin—Ad
351 2067 486 2091 vocem
496 2052 743 2095 πεντάεθλον

84 2109 185 2148 conf.
206 2110 278 2158 Vl,
310 2112 364 2150 92
392 2112 520 2162 ibique
544 2112 667 2150 allata.

139 2162 247 2219 παρά
281 2166 328 2205 ἓν
362 2162 566 2216 πάλαισμα
602 2167 744 2219 ἔδραμε

83 2225 201 2262 νικᾶν
228 2218 485 2273 ὀλυμπιάδα]
518 2225 543 2263 i.
567 2237 599 2261 e.
619 2238 741 2275 repor-

14 2279 20 2283 ”
85 2283 194 2317 ΐαεεεί
213 2281 392 2317 victoriam
415 2280 645 2331 Olympz'cam,
672 2283 743 2317 m'si

85 2349 192 2374 unum
225 2336 339 2373 luctae
361 2340 530 2375 certamen
554 2339 742 2375 obstitisset

86 2407 113 2430 s.
137 2394 208 2430 nisi
233 2393 307 2430 νηᾶ,
338 2393 436 2430 lacta
459 2394 504 2431 ab
530 2394 742 2446 Hieronymo

81 2450 214 2501 suisset
255 2453 456 2500 superatus.
513 2452 661 2488 Monuit
697 2451 744 2488 de

87 2519 158 2543 usu
179 2507 286 2544 verbi
305 2505 453 2556 τρέχειν
474 2508 520 2544 G.
535 2509 744 2547 Hermann.

91 2562 138 2599 ad
156 2562 282 2613 viger.
309 2576 347 2613 p.
368 2566 464 2603 702.
511 2566 744 2615 praepositio

91 2618 131 2654 in
144 2621 279 2657 talibus
299 2621 380 2657 vim
398 2618 512 2657 habet
535 2621 746 2657 excluden-

94 2672 143 2722 di,
171 2675 269 2713 bene
307 2684 464 2714 notante
489 2678 745 2728 Wesselingio

95 2737 132 2767 et
173 2732 459 2782 Valckmmerio,
508 2736 574 2786 qui
600 2734 646 2772 de
672 2733 746 2772 hoo

95 2800 164 2824 usu
187 2791 349 2827 excitant
362 2791 572 2832 casaubon.
587 2791 634 2830 ad
643 2792 745 2830 Stra-

149 2844 369 2885 Hmionow.
396 2848 462 2885 IV.

797 810 887 847 bon.
907 809 946 846 X
963 821 1002 859 p.
1022 810 1104 849 700
1123 821 1152 845 s-
1173 806 1268 850 456.
1307 811 1454 847 Demo-

795 865 918 903 sthen.
948 867 989 902 in
1016 865 1196 905 Aristocr.
1224 880 1264 917 p.
1295 869 1371 907 331
1399 869 1454 919 [p.

797 925 891 971 688,
918 925 972 963 26
1004 923 1075 970 Β.]
1107 924 1201 960 Isae.
1229 937 1268 974 p·
1303 924 1371 972 41,
1401 927 1455 964 36

799 981 854 1030 [p.
876 978 929 1019 40
949 979 1013 1027 R.]
1037 980 1108 1015 Dio
1131 978 1323 1031 Chrysost.
1343 982 1400 1017 IX
1416 995 1456 1032 p.

802 1035 874 1075 141
898 1037 945 1074 D.
968 1036 1053 1075 coll.
1076 1035 1212 1074 Matth.
1241 1038 1306 1075 Gr.
1329 1038 1395 1074 Gr.
1417 1039 1455 1084 ξ.

796 1091 874 1131 588
896 1106 934 1143 p.
960 1090 1078 1132 1174.
1137 1094 1202 1130 Tu
1229 1093 1316 1131 vide
1336 1096 1456 1145 potis-

794 1149 934 1185 simum
955 1150 1164 1186 Pausaniae
1185 1151 1210 1187 l.
1231 1150 1257 1187 l.
1279 1150 1456 1188 Herodo-

794 1211 856 1241 tea
896 1207 1160 1256 explanantis:
1193 1220 1269 1259 quo
1295 1221 1344 1245 ex
1369 1209 1455 1245 loco

794 1263 907 1298 simul
929 1263 1117 1311 discimus,
1143 1265 1395 1301 Tisamenum
1413 1266 1456 1301 -in

796 1331 902 1355 cursu
923 1327 960 1355 et
987 1320 1085 1355 saltu
1120 1321 1302 1357 victorem
1325 1322 1456 1366 fuisse,

798 1376 836 1410 in
851 1375 947 1412 lucta
967 1376 1220 1414 succubuisse.
1252 1377 1330 1414 Sed
1343 1379 1457 1429 quin-

798 1434 989 1483 quertium
1002 1446 1089 1469 cum
1101 1435 1270 1486 quinque
1285 1436 1457 1485 comple*

798 1495 961 1525 cteretur
1000 1492 1252 1526 certaminum
1291 1503 1455 1541 genera:

796 1546 954 1593 saltum,
986 1544 1144 1592 discum,
1174 1548 1456 1596 iaculationem,

800 1615 965 1651 cursum,
996 1603 1136 1639 luctam
1173 1603 1240 1654 (de
1268 1617 1344 1656 quo
1379 1603 1458 1642 vid.

799 1657 966 1710 Philipp.
987 1661 1044 1695 De
1067 1659 1270 1696 Pentathlo
1286 1674 1314 1698 s.
1337 1660 1460 1705 Quin-

799 1718 946 1767 quertio
974 1716 1141 1753 Bel-elin.
1167 1719 1274 1758 1827
1294 1730 1382 1768 pag.
1404 1720 1458 1758 27

797 1785 878 1823 seq.
899 1770 995 1822 87)3
1027 1773 1108 1809 iure
1129 1785 1287 1824 quaeras
1309 1773 1355 1810 de
1365 1773 1458 1811 duo-

798 1829 868 1866 bus
885 1828 945 1865 hic
957 1831 1226 1879 praetermissis
1241 1831 1459 1880 generibus,

800 1885 847 1922 de
876 1887 999 1922 iaculo
1022 1893 1058 1922 et
1079 1885 1194 1923 disco.
1238 1885 1459 1923 Boeckhius

797 1949 1003 1994 utrumque
1020 1941 1202 1980 athletam
1220 1956 1352 1994 parem
1363 1944 1459 1981 fuis-

798 2013 837 2036 se
877 2000 1088 2047 arbitratur,
1129 1999 1224 2036 adeo
1255 2007 1298 2037 ut
1323 2008 1460 2038 neuter

798 2068 868 2106 pro
889 2057 1031 2092 victore
1048 2055 1180 2091 haberi
1199 2058 1376 2107 potuerit,
1410 2058 1459 2096 G.

799 2113 1042 2148 Hermannus
1081 2113 1335 2148 Tisamenum
1354 2119 1461 2149 utro-

801 2181 875 2220 que
905 2168 1111 2204 certamine
1140 2169 1375 2219 superiorem
1402 2175 1462 2206 at·-

797 2238 871 2276 que
903 2225 1086 2262 victorem
1143 2225 1348 2262 discessisse
1387 2239 1461 2277 po-

795 2284 864 2319 nit.
922 2282 1005 2327 Quo
1022 2282 1170 2329 rectius,
1187 2283 1334 2333 opinor,
1364 2281 1460 2319 Phi-

796 2339 887 2389 lipp.
918 2339 942 2375 l.
972 2339 996 2375 l.
1027 2352 1065 2389 p·
1100 2339 1178 2380 105
1206 2341 1459 2376 Tisamenum

799 2395 927 2433 statuit
961 2401 1125 2447 utroque
1156 2398 1362 2433 certamine
1400 2397 1460 2433 vi-

799 2459 903 2489 ctum
925 2452 1069 2489 abiisse.
1129 2452 1208 2489 Sed
1237 2452 1333 2490 illud
1362 2453 1459 2490 bene

800 2507 896 2546 mihi
915 2509 1113 2546 observare
1132 2508 1281 2546 videtur
1297 2511 1343 2547 G.
1364 2511 1460 2547 Her-

799 2578 931 2603 mann.
959 2566 1138 2616 (Opuscc.
1170 2564 1319 2603 Acadd.
1349 2567 1403 2603 ΙΙΙ
1417 2581 1457 2618 p.

801 2625 854 2663 29
884 2636 915 2660 s.
943 2623 1001 2658 De
1023 2623 1198 2672 Sosigen.
1218 2624 1393 2674 Aeginet.
1416 2637 1456 2674 p.

803 2681 860 2730 9),
876 2677 949 2715 hoc
960 2677 1143 2716 Herodoti
1152 2680 1236 2716 loco
1253 2681 1339 2717 satis
1349 2693 1459 2717 com-

800 2735 964 2787 probari,
1002 2736 1125 2784 illum,
1158 2737 1224 2789 qui
1260 2738 1300 2773 in
1333 2738 1458 2789 aliqua

802 2793 1034 2846 quinquertii
1053 2799 1159 2844 parte
1179 2795 1297 2833 victus
1317 2793 1458 2842 fuisset,

1143 2853 1194 2891 17
