1879 3222
302 347 370 391 96

122 413 255 444 ostquam
285 411 378 437 sacris

115 445 188 471 actis
198 445 380 478 perlitasset,

103 478 215 504 Graeci
255 478 376 505 Samum

103 519 208 538 VCI'SUS
235 519 342 546 prove-

101 544 219 571 huntur.
267 544 375 572 Audito

100 578 377 618 hostemappropin-

123 619 196 638 uate
206 632 214 644 ‚
237 611 342 638 Xerxis

100 653 114 671 c
127 644 244 671 assim-ii
255 665 263 678 ‚
290 644 379 671 Samo

433 171 518 211 842

841 166 1295 204 HERODOTI

433 281 511 320 τοῦ
532 273 731 330 Εὐηνίου
756 272 1012 329 οὐνόματος,
1043 274 1297 331 ἐξελάμβανε
1323 273 1390 316 ἐπὶ
1409 272 1487 327 τὴν
1510 270 1694 316 Ἑλλάδα

431 480 509 533 τὴν
539 476 706 532 Σάμον.

103 678 207 704 relicta
228 679 279 712 [8,
298 678 381 718 130.],

100 711 138 738 ad
156 711 307 751 M5⁰³¹⁰¹J⁹
325 712 377 738 ubi

99 752 203 778 copiae
224 753 306 779 regis
325 753 377 780 pe·-

99 777 214 805 destres
241 781 340 806 caetra

100 810 257 846 habebant,
266 819 299 841 se
307 820 377 841 con-

99 844 211 873 serunt.

379 831 489 879 VIII,
520 833 597 878 26„
623 830 688 866 ubi
704 828 834 866 similis
851 827 1035 865 confusio.

374 887 438 927 Ad
461 888 576 925 verba
588 882 834 937 ἐπιβατεύων
862 887 933 924 τοῦ
948 880 1036 923 Ev'-

373 943 492 996 ηνίου
520 939 720 994 ὀνόματος
748 941 930 991 (insistens
967 954 1035 978 ηο-

373 1002 462 1038 mini
493 1000 520 1036 i.
547 1013 581 1038 e.
621 1011 818 1049 usurpans,
857 1010 1035 1036 assumens

373 1057 510 1094 Euenii
543 1056 691 1106 nomen)
745 1054 824 1095 vid.
864 1061 963 1093 nott.
986 1053 1035 1090 ad

372 1114 449 1160 111,
471 1115 538 1152 63.

429 1164 667 1220 ἐξελάμβανε
692 1164 777 1206 ἐπὶ
800 1163 874 1216 τήν
900 1161 1036 1205 Ἑλλά-

371 1225 423 1265 δα
451 1224 563 1277 ἔργα]
585 1226 660 1261 Pro
683 1222 746 1263 ἐπὶ
758 1222 932 1260 Reiskius
944 1235 1036 1259 con-

370 1282 512 1318 iecerat
541 1281 624 1321 ἐπι
640 1277 727 1327 ὠν,
758 1286 800 1316 ut
820 1280 888 1317 sit:
918 1280 1036 1317 Grae-

372 1339 464 1375 ciam
509 1339 642 1384 obiens3
686 1335 802 1387 idque
852 1337 1036 1387 probante

371 1392 563 1431 Larchero
576 1400 802 1443 receperunt
816 1391 1036 1442 Schweigh.

373 1457 411 1487 et
427 1451 545 1492 Gaisf,
575 1448 653 1487 Sed
671 1456 802 1500 postea
816 1447 1038 1499 Schweigh.

371 1508 413 1543 in
433 1509 529 1545 Lex.
545 1505 689 1543 Herod.
710 1504 948 1554 „videndum
969 1519 1038 1542 ve-

371 1576 436 1610 ro,
466 1565 540 1610 ait,
569 1576 618 1599 ne
638 1564 679 1598 in
702 1561 865 1599 eandem
883 1569 1038 1598 senten-

373 1621 467 1655 tiam
499 1619 621 1655 teneri
650 1619 815 1668 potuerit
841 1617 1035 1654 debuerit-

374 1688 450 1727 que
485 1674 581 1711 adeo
613 1675 798 1710 librorum
839 1675 1034 1723 scriptura,

374 1738 418 1767 ut
439 1744 580 1782 nempe
600 1728 663 1769 ἐπὶ
681 1727 754 1780 τήν
782 1727 948 1769 Ἑλλάδα
970 1742 1036 1766 va-

373 1788 477 1824 leat:
529 1788 660 1838 passim
703 1799 765 1836 per
807 1785 1036 1824 Graeciamf⁴

375 1845 460 1888 Quo
492 1850 623 1880 tamen
648 1855 760 1879 sensu
799 1843 1036 1894 frequentius

375 1899 514 1937 dicitur
562 1894 587 1938 oi
604 1913 627 1937 ν
644 1896 669 1936 οἳ
735 1894 808 1948 τήν
854 1897 1035 1937 Ἑλλάδα.

375 1955 455 1994 Sed
481 1956 657 1993 omuium
682 1953 793 1992 codd.
813 1956 1037 2006 scripturam

377 2012 549 2050 deserere
578 2011 670 2048 >eum
698 2012 765 2048 vix
787 2012 939 2058 liceret,
975 2024 1039 2047 re-

373 2070 470 2107 tiuui
479 2067 544 2109 ἐπὶ
557 2081 646 2105 cum
657 2066 876 2116 Schaefero,
886 2066 1038 2112 Manli„

372 2127 507 2176 Negris
525 2132 561 2162 et
579 2123 748 2163 Bekker.
791 2124 902 2162 Unde
934 2122 1038 2175 quod

373 2184 490 2232 vulgo
540 2183 857 2231 interpretantur:
917 2193 1039 2231 operas

375 2238 598 2276 vaticinandi
616 2241 736 2274 contra
754 2238 943 2275 Graeciam
959 2250 1036 2274 con-

377 2295 558 2344 duxerat,
589 2295 722 2330 malim
752 2293 933 2331 reddere:
965 2307 1036 2329 au-

377 2352 454 2389 divi
471 2364 546 2389 eum
563 2363 697 2400 operam
711 2363 810 2387 suam
828 2352 882 2399 (in
903 2350 1036 2386 vatici-

378 2407 522 2453 nando)
539 2411 672 2458 passim
683 2420 747 2458 per
757 2408 946 2445 Graeciam
963 2407 1036 2442 elo-

379 2479 474 2501 casse
500 2465 685 2514 (multis);
719 2476 810 2500 nam
839 2460 1037 2513 ἐκλαμβά-

380 2534 462 2558 νειν
491 2520 647 2567 dicitur,
687 2522 754 2572 qui
776 2532 911 2571 operam
935 2531 1035 2556 suam

380 2583 480 2611 certa
509 2577 588 2613 scil.
620 2577 780 2627 pecunia
807 2590 837 2614 s.
860 2573 1036 2613 mercede

381 2638 511 2682 pacta,
547 2633 655 2669 alteri
684 2634 808 2671 elocat.
858 2635 915 2669 De
960 2644 1035 2683 quo

381 2689 494 2725 citant
514 2688 704 2726 Plutarch.
718 2692 850 2739 Pelop.
875 2690 927 2729 25
949 2701 1038 2739 pag.

381 2746 458 2784 291
478 2745 524 2781 Β.
548 2745 582 2780 11
603 2757 690 2794 pag.
711 2748 790 2786 396
811 2747 854 2783 E.
900 2746 1037 2797 Polyb.

430 345 553 398 ἔργα,
586 340 667 385 οὐκ
698 340 782 384 ἐών
812 341 1010 398 Εὐηνίου
1041 350 1153 393 παῖς.

437 410 730 464 ἐκαλλιέρησε,
774 407 939 466 ἀνῆγον
968 409 1044 460 τας
1077 410 1177 460 νέας
1219 409 1265 452 ἐκ
1299 414 1374 465 τῆς
1404 408 1552 464 Δήλου
1585 406 1696 460 πρὸς

765 478 855 521 ἐπεὶ
884 479 928 521 δὲ
959 477 1157 533 ἐγένοντο
1175 481 1252 532 τῆς
1276 478 1445 531 Σαμίης
1474 475 1583 529 πρὸς
1606 478 1695 518 Κα-

432 544 619 601 λάμοισι,
651 546 693 588 οἱ
718 545 796 600 μὲν
826 545 967 588 αὐτοῦ
996 543 1278 599 ὁρμισάμενοι
1305 543 1415 588 κατὰ
1444 542 1491 587 τό
1513 543 1698 597 Ἡραῖον

407 613 479 657 Qvo
499 610 657 668 ταύτῃ,
687 612 1053 670 παρεσκευάζοντο
1075 610 1118 662 ἐς
1142 614 1397 668 ναυμαχίην.
1453 614 1497 656 οἱ
1514 613 1560 656 δὲ
1583 612 1725 668 Hip-5

1218 346 1341 384 Τοῖσι
1367 341 1411 384 δὲ
1433 340 1608 394 ΓἘλλησι
1638 338 1715 390 ὦςῑ
1767 394 1778 407 ο

1091 829 1167 876 ΙΠ,
1199 826 1266 869 42.
1303 828 1433 864 Unum
1467 828 1665 878 negotium
1690 830 1749 866 sa-

1092 885 1201 922 cessit
1231 883 1295 923 ἐπὶ
1329 884 1402 921 hac
1432 887 1589 921 notione
1618 886 1749 936 utique

1090 941 1299 987 insolitum,
1341 954 1577 993 quamquam
1594 942 1751 978 alteram
1771 952 1775 953 ⁷

1090 999 1121 1035 si
1132 1011 1271 1050 sequor
1283 999 1645 1048 interpretationem,
1659 996 1752 1050 quid

1089 1054 1164 1092 hoc
1186 1056 1269 1091 loco
1290 1055 1361 1091 sibi
1380 1056 1468 1091 velit
1489 1059 1610 1092 contra
1635 1055 1753 1093 Grae-

1091 1113 1204 1160 ciam,
1228 1110 1330 1148 haud
1350 1124 1439 1148 saue
1460 1112 1641 1162 percipio.
1672 1113 1753 1147 Ne-

1091 1169 1166 1219 gris
1206 1168 1495 1218 interpretatur:
1535 1164 1752 1215 ταξιδεύων

1093 1224 1149 1271 εἰς
1181 1221 1256 1275 τήν
1281 1221 1446 1264 Ἑλλάδα
1475 1220 1753 1276 ἐχρησμολόγει

1092 1279 1156 1322 ἐπὶ
1173 1283 1309 1334 μισθῷ
1323 1310 1334 1329 ,
1366 1288 1402 1318 et
1423 1280 1516 1332 ἔργα
1553 1277 1753 1331 ἐκλαμβά-

1091 1352 1177 1376 νειν
1197 1337 1301 1374 idem
1322 1351 1400 1374 esse
1421 1339 1472 1374 ait
1505 1344 1619 1389 atque
1640 1336 1753 1390 ἐργο-

1092 1395 1245 1446 λαβεῖν.

1291 1482 1385 1534 Cap.
1415 1483 1553 1520 XCVI.

1151 1559 1206 1608 ὥς
1229 1559 1496 1612 ἐκαλλιέρησε]
1530 1559 1618 1598 vid.
1656 1567 1753 1599 nott.

1094 1616 1143 1653 ad
1163 1618 1243 1664 V11,
1269 1616 1346 1658 134
1368 1625 1404 1654 et
1415 1617 1462 1653 ad
1476 1618 1636 1655 verbum
1651 1613 1753 1656 ἄνᾶ-

1091 1687 1175 1725 γειν
1196 1674 1302 1720 VIII,
1335 1675 1387 1713 60
1419 1674 1456 1718 §.
1483 1677 1518 1712 1.
1549 1674 1655 1721 VIII,
1684 1676 1753 1714 76.

1091 1730 1185 1765 Mox
1203 1741 1271 1779 pro
1293 1729 1395 1778 νῆας
1417 1730 1568 1778 reposui
1585 1727 1689 1778 νέας,
1710 1736 1753 1767 ut

1091 1787 1170 1833 IX,
1191 1787 1258 1825 97.
1280 1786 1346 1824 98.
1364 1786 1429 1823 99.
1455 1787 1548 1825 106.

1149 1838 1252 1891 πρός
1270 1836 1518 1891 Καλάμοισι]
1555 1842 1627 1879 Η“ο
1646 1842 1754 1879 locus

1092 1898 1158 1936 vix
1199 1895 1352 1933 aliunde
1391 1898 1564 1947 cognitus
1594 1898 1666 1934 nisi
1705 1911 1756 1935 ex

1094 1952 1294 1990 Athenaeo
1309 1953 1419 2000 XIII,
1441 1953 1479 1992 4.
1500 1966 1587 2004 pag.
1609 1954 1690 1994 572
1710 1956 1754 1992 F.

1094 2009 1206 2047 Unde
1226 2010 1381 2046 nuncin
1393 2008 1587 2046 Herodoto
1608 2009 1754 2048 editum

1096 2062 1323 2117 Καλάμοισι
1333 2078 1402 2116 pro
1412 2066 1503 2102 olim
1514 2067 1658 2116 vulgat.
1672 2069 1755 2106 Κα-

1093 2123 1305 2174 λαμίσοισι,
1314 2135 1548 2173 quamquam
1557 2121 1755 2174 Schweig-

1094 2178 1278 2216 haeusero
1307 2177 1560 2215 dubitandum
1589 2179 1752 2228 videtur,

1093 2235 1310 2272 Herodotus
1342 2248 1436 2271 num
1457 2237 1646 2286 scripserit
1666 2239 1754 2275 Κα-

1092 2292 1226 2342 λαμίσι
1259 2304 1307 2328 au
1338 2287 1579 2342 Καλάμοισι.
1599 2314 1656 2319 —-
1693 2294 1752 2329 De

1091 2348 1228 2386 Heraea
1244 2376 1256 2395 ‚
1309 2347 1412 2400 quod
1452 2361 1530 2385 non
1553 2350 1668 2399 longe
1688 2362 1750 2385 re-

1091 2412 1242 2441 motum
1262 2417 1283 2440 a
1302 2405 1399 2440 mari
1433 2405 1546 2442 fuisse
1575 2405 1753 2453 scribunt,

1092 2462 1194 2501 cons.
1214 2468 1309 2499 nott.
1333 2461 1381 2498 ad
1401 2463 1476 2509 111,
1510 2464 1576 2502 60.

1147 2514 1482 2569 παρεσκευάζοντο
1521 2515 1561 2562 ἐς
1601 2531 1753 2565 ναυμα-

1093 2574 1201 2625 χίην]
1227 2575 1409 2611 Voculam
1427 2572 1478 2619 ὥς
1497 2578 1583 2608 ante
1603 2571 1642 2618 ἐς
1662 2573 1754 2609 olim

1094 2633 1273 2667 insertam
1300 2632 1472 2680 ignorant
1503 2629 1605 2674 libri,
1636 2631 1700 2679 qui
1723 2630 1753 2665 si

1093 2688 1252 2735 ferrent,
1273 2684 1480 2723 tenendum
1501 2686 1630 2735 ulique
1658 2684 1751 2721 illud

1095 2750 1196 2781 recte
1221 2743 1347 2780 statuit
1366 2740 1614 2781 Valckenaer.
1635 2743 1751 2779 citans
