1996 3238
317 1001 415 1045 121

147 1076 264 1103 Omiflsa
273 1075 424 1103 Andriob-

145 1110 260 1136 eidinne
282 1110 407 1143 [c.lll.]

145 1143 223 1176 quod
233 1142 347 1169 incoIae
361 1144 407 1169 sor

143 1176 260 1203 tissime.
300 1176 423 1202 resiste-

146 1214 224 1243 rent,
242 1209 346 1236 cIassis

146 1243 331 1269 Graecorum
411 1258 423 1262 -

144 1280 260 1311 rystnm
279 1275 409 1310 depopu-

146 1309 209 1336 lata
229 1310 269 1343 [c.
291 1310 371 1344 112.]‚

145 1341 326 1370 Salaminem
361 1351 409 1370 re-

145 1376 285 1403 vertitur.
323 1376 406 1402 Dona

146 1408 204 1436 diis
223 1409 309 1436 data:
335 1418 423 1445 prae-

147 1442 205 1471 dae
222 1442 350 1472 divisae.

477 281 560 321 168

873 275 1333 314 HERODOTI

476 385 616 431 ὀπίσω
646 385 806 442 κομιδῇ
827 382 1089 441 ἀπικόμενος
1109 384 1152 435 ἐς
1170 383 1378 440 Ἄβδηρα,
1408 383 1481 426 καὶ
1505 382 1664 440 ξεινίην
1692 384 1736 427 τὲ

477 465 557 509 σφι
588 453 865 508 συνθέμενος,
895 453 968 496 καὶ
1003 450 1308 507 δωρησάμενος
1346 449 1510 501 αὐτούς
1551 449 1736 506 ἀκινάκῃ

446 527 525 563 Ξτε
555 519 722 576 χρυσέῳ
753 520 825 563 καὶ
853 519 976 577 τιήρῃ
1007 519 1304 576 χρυσοπάστῳ.
1339 520 1412 563 καὶ
1442 518 1501 570 ὠς
1523 517 1650 562 αὐτοὶ
1671 519 1737 561 λε’,-
1749 521 1794 558 40

475 599 603 644 γουσι
628 585 889 643 Ἀβδηρῖται,
922 588 1118 643 λέγοντες
1156 587 1252 641 ἐμοί
1279 603 1326 642 γε
1362 586 1565 642 οὐδαμῶς
1593 585 1737 635 πιστὰ.

475 659 650 708 πρῶτον
678 654 860 698 ἐλύσατο
891 654 971 709 τὴν
1001 656 1142 709 ζώνην
1166 653 1342 709 φεύγων
1373 655 1415 706 ἐξ
1440 653 1661 709 Ἀθηνέων
1692 651 1736 696 ὀ·

446 725 613 775 3πίσω,
660 721 718 774 ὡς
766 722 814 765 ἐν
846 721 973 778 ἀδείῃ
1009 719 1106 763 εὀόν.

1180 721 1233 763 τά
1275 723 1321 764 δὲ
1339 721 1535 776 ’Ἄβδηρα
1568 723 1740 774 ἵδρυται

475 788 585 842 πρὸς
628 794 707 832 τοῦ
742 788 1059 843 Ἑλλησπόντου
1097 791 1263 843 μᾶλλον
1301 788 1330 844 ἢ
1367 792 1444 831 τοῦ
1479 787 1740 843 Στρυμόνος

476 858 551 902 καὶ
580 862 653 913 τῆς
676 857 863 917 ΔἨιόνος,
886 855 992 899 ὅθεν
1016 855 1069 912 δή
1087 872 1164 911 μιν
1197 867 1305 911 φασι
1334 856 1539 912 ἐπιβῆναι
1569 855 1638 898 ἐπὶ
1657 855 1740 910 τήν

476 929 575 981 νῆα.

1751 924 1797 964 45

588 992 641 1033 Οἱ
679 991 724 1033 δὲ
750 989 975 1046 Ἕλληνες,
1016 989 1106 1033 ἐπεί
1147 1006 1190 1033 τε
1228 990 1311 1035 οὐκ
1343 987 1430 1033 οἷοί
1469 1005 1513 1032 τε
1544 986 1741 1043 ἐγένοντο

481 1059 658 1110 ἐξελέειν
688 1058 766 1113 τὴν
787 1057 995 1112 Ἄνδρον,
1025 1057 1290 1114 τραπόμενοι
1320 1058 1362 1109 ἐς
1402 1058 1643 1111 Κάρυστον,
1671 1056 1744 1100 καὶ

409 1130 421 1162 3
451 1127 745 1182 Ξδηϊοόσαντες
768 1125 914 1168 αὐτῶν
932 1124 1013 1180 τήν
1039 1125 1196 1183 χώρην,
1231 1123 1562 1170 ἀπαλλάσσοντο
1584 1124 1625 1174 ἐς
1654 1128 1743 1167 Σα-

478 1199 650 1249 λαμῖνα.
692 1196 853 1245 Πρῶτοι
890 1192 968 1248 μέν
1005 1210 1088 1237 νυν
1119 1200 1231 1237 τοῖσι
1261 1199 1404 1237 θεοῖσι
1424 1192 1586 1244 ἐξεῖλον
1616 1191 1744 1245 α’κρο-

482 1265 620 1312 θίνια,
655 1261 763 1304 ἄλλα
794 1277 850 1312 τε,
881 1261 953 1304 καὶ
980 1260 1180 1317 τριήρεας
1215 1266 1326 1316 τρεῖς
1363 1262 1620 1310 Φοινίσσας·
1661 1258 1743 1314 τὴν

480 1329 583 1386 μὲν,
614 1329 657 1381 ἐς
680 1327 865 1385 Ἰσθμὸν
894 1328 1139 1383 ἀναθεῖναι,
1169 1329 1279 1387 ἥπερ
1311 1330 1370 1373 ἔτι
1399 1329 1473 1372 καὶ
1501 1327 1542 1378 ἐς
1575 1327 1647 1384 ἐμὲ
1676 1321 1799 1383 ἦν·50

478 1564 547 1606 καὶ
575 1566 725 1620 ξεινίην
757 1566 796 1608 τὲ
826 1581 898 1619 σφι
933 1570 1080 1611 συνθέ-

424 1623 563 1675 μενος]
596 1625 681 1662 Vid.
710 1633 805 1663 nott.
827 1627 876 1663 ad
896 1627 976 1675 VII,
1001 1630 1079 1668 120

425 1687 462 1717 et
500 1680 548 1716 ad
578 1682 656 1728 VII,
679 1684 731 1721 29
763 1690 800 1719 et
815 1683 946 1720 confer
967 1697 1079 1734 prae-

424 1743 526 1773 terea
545 1738 613 1784 IX,
635 1738 724 1783 135,
746 1739 811 1775 ubi
832 1739 957 1786 ξείνια
977 1754 1078 1791 προ-

424 1793 626 1832 τίθεσθαι.
676 1795 796 1845 Magis
816 1808 906 1832 vero
930 1795 1006 1832 huc
1027 1796 1081 1832 fa-

426 1850 551 1896 citlss,
565 1852 616 1890 39
629 1845 926 1901 ξεινίηνἈμάσι
941 1865 996 1891 συ
1008 1867 1031 1890 ν
1043 1867 1082 1890 ε-

426 1903 492 1955 θή
508 1921 530 1944 κ
547 1921 599 1943 ατ
612 1921 646 1944 ο.
713 1909 771 1944 De
805 1909 957 1946 Acinace

425 1969 521 1999 nott.
538 1961 586 1998 ad
605 1964 671 2011 ΙΙΙ,
698 1965 787 2003 118.

482 2015 598 2071 τιήρῃ
630 2015 918 2073 χρυσοπάστῳ]
959 2020 1083 2068 „Tia-

427 2087 509 2111 ram
531 2077 748 2127 infrequens
768 2077 882 2113 fuisse
904 2084 996 2127 puto
1024 2090 1087 2113 re-

424 2132 533 2181 gium
558 2131 723 2178 donum,
773 2132 980 2170 Acanthios
1020 2147 1089 2171 eo-

429 2187 518 2224 dem
552 2201 626 2239 quo
655 2187 906 2226 Abderitanos
942 2189 1088 2227 honore

427 2257 496 2280 rex
518 2243 692 2295 dignatus
716 2245 796 2292 VII,
831 2249 909 2286 116
941 2242 1087 2296 ἐδωρή-

428 2312 521 2339 σατο
534 2301 676 2352 ἐσθῆτι
688 2303 871 2356 Μηδικῇ.
890 2304 1087 2354 Nusquam

429 2358 543 2394 etiam
578 2371 664 2394 auro
703 2358 908 2396 distinctam
942 2355 1087 2409 χρυσό-

428 2426 579 2453 παστον
591 2422 840 2451 memoratam
853 2415 927 2465 legi
943 2418 1085 2452 tiaram:

431 2470 478 2506 de.
510 2484 585 2522 qua
613 2477 759 2522 praeter
782 2472 947 2508 Brisson.
967 2473 1088 2508 multa

431 2527 611 2564 Gataker.
642 2526 742 2566 Adv.
770 2528 876 2566 Misc.
908 2527 1032 2578 posth.
1053 2542 1088 2570 c.

431 2582 498 2629 24,
535 2583 601 2620 sed
632 2585 719 2620 alibi
754 2585 916 2635 reperies
948 2581 1089 2635 χρυσό-

431 2652 582 2678 παστον
609 2639 764 2691 ἐσθῆτα
794 2648 832 2677 et
869 2637 917 2679 τά
947 2636 1089 2692 χρυσό-

432 2706 561 2733 παστα
582 2699 658 2734 τῶν
672 2692 944 2747 ἕνδυμάτων.“
982 2697 1090 2734 Val-

434 2763 452 2788 c
466 2749 559 2788 ken.
607 2753 657 2788 At
678 2752 857 2791 IIIedicam
874 2757 1000 2791 vestem
1024 2754 1090 2805 qui

433 2808 585 2844 muneri
606 2807 721 2857 dedit,
744 2811 849 2847 curis
869 2812 999 2848 tiaram
1020 2810 1091 2847 da·-

433 2876 474 2900 re
494 2877 570 2902 non
592 2866 770 2916 potuerit,
788 2864 892 2904 haud
912 2866 1091 2920 equidem

1003 1908 1081 1946 vid.

1137 1572 1323 1623 intelligo.
1382 1571 1502 1624 Cyrus
1540 1569 1740 1622 Syenuesi,
1768 1569 1800 1607 si

1135 1628 1227 1666 fides
1268 1629 1521 1680 Xenophonti
1551 1628 1676 1668 Anab,
1708 1628 1740 1673 I,
1771 1628 1798 1665 2

1137 1687 1173 1730 §.
1194 1687 1248 1725 27
1270 1685 1372 1721 dedit
1394 1697 1575 1733 munera,
1607 1696 1704 1734 quae
1725 1681 1800 1718 ho·-

1133 1741 1371 1778 noratissima
1402 1740 1503 1791 apud
1546 1742 1677 1777 Persas
1707 1751 1801 1775 cen-

1137 1804 1278 1846 sentur,
1302 1811 1445 1849 equum
1466 1798 1580 1833 frenis
1596 1797 1717 1832 aureis
1739 1808 1801 1832 or-

1137 1861 1285 1901 natum,
1297 1862 1474 1905 torquem
1495 1865 1655 1889 aureum
1666 1865 1708 1888 ac
1720 1858 1802 1888 sto-

1138 1911 1218 1947 lam
1251 1911 1459 1951 Persicam.
1532 1911 1637 1954 Quae
1671 1908 1801 1945 omnia

1139 1979 1249 2004 aurea
1279 1967 1392 2003 fuisse
1430 1980 1480 2002 ne
1518 1966 1688 2013 mireris,
1723 1962 1804 2003 vid.

1143 2030 1240 2061 nott.
1257 2022 1306 2060 ad
1326 2025 1407 2071 VII,
1431 2022 1497 2063 54.

1200 2076 1248 2118 τά
1271 2077 1504 2131 δὲ”Αβδηρα
1527 2078 1682 2128 ἵδρυται
1703 2071 1805 2126 πρὸς

1143 2138 1215 2176 τοῦ
1231 2132 1557 2187 Ἑλλησπόντου]
1589 2136 1646 2170 Ita
1672 2146 1692 2168 e
1713 2133 1804 2168 Flo-

1142 2193 1305 2240 rentino,
1336 2193 1416 2228 aliis
1437 2190 1523 2226 dedi
1543 2188 1655 2226 codd.
1707 2189 1803 2224 Vul-

1142 2256 1299 2300 gatum:
1329 2245 1428 2298 πρός
1458 2249 1531 2285 τοῦ
1551 2242 1803 2294 Ἓλλησπόν-

1143 2321 1214 2344 του
1259 2302 1301 2343 δὲ
1350 2306 1500 2354 μᾶλλον
1539 2299 1587 2340 τά
1622 2302 1803 2352 ’Ἄβδηρα

1143 2361 1300 2412 ’ἵδρυται
1327 2361 1480 2397 retinuit
1518 2357 1712 2395 Matthiae.
1744 2360 1802 2394 De

1142 2418 1420 2468 praepositione
1461 2414 1560 2465 πρός
1597 2414 1673 2452 vid.
1705 2421 1802 2451 nott.

1144 2473 1192 2510 ad
1224 2475 1322 2520 VIII,
1346 2476 1397 2514 87
1429 2480 1465 2510 et
1486 2472 1532 2509 de
1555 2473 1678 2508 verbis
1718 2469 1805 2510 ἔπι-

1146 2531 1273 2582 βῆναι
1315 2529 1378 2568 ἐπὶ.
1405 2527 1478 2580 τήν
1511 2531 1591 2580 νῆα
1630 2528 1680 2568 cf.
1708 2533 1806 2564 nott.

1145 2587 1195 2624 ad
1215 2588 1314 2635 vin,
1340 2589 1430 2626 113.

1343 2675 1436 2726 cap.
1465 2675 1602 2714 cxxl.

1202 2750 1487 2805 τήν”Ανδρον]
1509 2751 1593 2791 vid.
1608 2752 1706 2800 VIII,
1726 2754 1802 2792 111

1147 2818 1184 2848 et
1227 2811 1274 2849 de
1307 2811 1481 2862 Carystiis
1506 2816 1600 2847 nott.
1631 2808 1680 2846 ad
1707 2809 1806 2855 VIII,

1149 2869 1243 2910 112.
