<?xml version="1.0" encoding="UTF-8"?>
<!DOCTYPE html PUBLIC "-//W3C//DTD XHTML 1.0 Transitional//EN"
    "http://www.w3.org/TR/xhtml1/DTD/xhtml1-transitional.dtd">
<html xmlns="http://www.w3.org/1999/xhtml" xml:lang="en" lang="en">
 <head>
  <title>
</title>
<meta http-equiv="Content-Type" content="text/html;charset=utf-8" />
  <meta name='ocr-system' content='tesseract 3.04.00' />
  <meta name='ocr-capabilities' content='ocr_page ocr_carea ocr_par ocr_line ocrx_word'/>
</head>
<body>
  <div class='ocr_page' id='page_1' title='image "./musaeherodoto04hero/musaeherodoto04hero_0366.png"; bbox 0 0 1879 3222; ppageno 0'>
   <div class='ocr_carea' id='block_1_1' title="bbox 237 996 334 1043">
    <p class='ocr_par' dir='ltr' id='par_1_1' title="bbox 237 996 334 1043">
     <span class='ocr_line' id='line_1_1' title="bbox 237 996 334 1043; baseline 0 -1"><span class='ocrx_word' id='word_1_1' title='bbox 237 996 334 1043; x_wconf 84' lang='lat'><strong>105</strong></span> 
     </span>
    </p>
   </div>
   <div class='ocr_carea' id='block_1_2' title="bbox 63 1063 340 1161">
    <p class='ocr_par' dir='ltr' id='par_1_2' title="bbox 63 1063 340 1161">
     <span class='ocr_line' id='line_1_2' title="bbox 64 1063 340 1098; baseline -0.014 -5"><span class='ocrx_word' id='word_1_2' title='bbox 64 1065 122 1098; x_wconf 84' lang='lat' dir='ltr'><strong>Qui</strong></span> <span class='ocrx_word' id='word_1_3' title='bbox 146 1063 226 1091; x_wconf 80' lang='lat' dir='ltr'><strong>inter</strong></span> <span class='ocrx_word' id='word_1_4' title='bbox 243 1063 340 1090; x_wconf 86' lang='lat' dir='ltr'><strong>Grae-</strong></span> 
     </span>
     <span class='ocr_line' id='line_1_3' title="bbox 63 1098 340 1127; baseline -0.007 0"><span class='ocrx_word' id='word_1_5' title='bbox 63 1108 114 1127; x_wconf 77' lang='lat' dir='ltr'><strong>cos</strong></span> <span class='ocrx_word' id='word_1_6' title='bbox 159 1098 340 1126; x_wconf 74' lang='lat' dir='ltr'><strong>fortitudine</strong></span> 
     </span>
     <span class='ocr_line' id='line_1_4' title="bbox 63 1132 269 1161; baseline -0.01 0"><span class='ocrx_word' id='word_1_7' title='bbox 63 1132 269 1161; x_wconf 80' lang='lat' dir='ltr'><strong>excelluerint.</strong></span> 
     </span>
    </p>
   </div>
   <div class='ocr_carea' id='block_1_3' title="bbox 396 148 480 189">
    <p class='ocr_par' dir='ltr' id='par_1_3' title="bbox 396 148 480 189">
     <span class='ocr_line' id='line_1_5' title="bbox 396 148 480 189; baseline 0 -1"><span class='ocrx_word' id='word_1_8' title='bbox 396 148 480 189; x_wconf 78' lang='lat'><strong>352</strong></span> 
     </span>
    </p>
   </div>
   <div class='ocr_carea' id='block_1_4' title="bbox 792 139 1259 179">
    <p class='ocr_par' dir='ltr' id='par_1_4' title="bbox 792 139 1259 179">
     <span class='ocr_line' id='line_1_6' title="bbox 792 139 1259 179; baseline -0.009 0"><span class='ocrx_word' id='word_1_9' title='bbox 792 139 1259 179; x_wconf 84' lang='lat' dir='ltr'>HERODOTI</span> 
     </span>
    </p>
   </div>
   <div class='ocr_carea' id='block_1_5' title="bbox 370 244 1709 578">
    <p class='ocr_par' dir='ltr' id='par_1_5' title="bbox 370 244 1709 578">
     <span class='ocr_line' id='line_1_7' title="bbox 400 244 1650 311; baseline -0.009 -13"><span class='ocrx_word' id='word_1_10' title='bbox 400 259 514 311; x_wconf 84' lang='grc' dir='ltr'><em>ρεῖν,</em></span> <span class='ocrx_word' id='word_1_11' title='bbox 546 253 755 308; x_wconf 81' lang='grc' dir='ltr'><strong><em>σωτηρίης</em></strong></span> <span class='ocrx_word' id='word_1_12' title='bbox 785 249 924 294; x_wconf 79' lang='grc' dir='ltr'><em>εἵνεκά</em></span> <span class='ocrx_word' id='word_1_13' title='bbox 951 261 1048 305; x_wconf 90' lang='grc' dir='ltr'><em>σφι·</em></span> <span class='ocrx_word' id='word_1_14' title='bbox 1084 248 1152 300; x_wconf 80' lang='grc' dir='ltr'><strong>ὠς,</strong></span> <span class='ocrx_word' id='word_1_15' title='bbox 1181 248 1235 304; x_wconf 82' lang='grc' dir='ltr'><em>ἢν</em></span> <span class='ocrx_word' id='word_1_16' title='bbox 1265 246 1349 300; x_wconf 74' lang='grc' dir='ltr'><strong>ἄρα</strong></span> <span class='ocrx_word' id='word_1_17' title='bbox 1371 244 1505 301; x_wconf 81' lang='grc' dir='ltr'><em>σφέας</em></span> <span class='ocrx_word' id='word_1_18' title='bbox 1527 262 1650 289; x_wconf 82' lang='grc' dir='ltr'><em>κατα-</em></span> 
     </span>
     <span class='ocr_line' id='line_1_8' title="bbox 397 312 1653 379; baseline -0.01 -11"><span class='ocrx_word' id='word_1_19' title='bbox 397 320 596 379; x_wconf 79' lang='grc' dir='ltr'><em>λαμβάνῃ</em></span> <span class='ocrx_word' id='word_1_20' title='bbox 628 318 699 364; x_wconf 81' lang='grc' dir='ltr'><strong>οἶά</strong></span> <span class='ocrx_word' id='word_1_21' title='bbox 729 336 806 374; x_wconf 87' lang='grc' dir='ltr'><strong>περ</strong></span> <span class='ocrx_word' id='word_1_22' title='bbox 836 319 1063 373; x_wconf 78' lang='grc' dir='ltr'><em>κατέλαβε,</em></span> <span class='ocrx_word' id='word_1_23' title='bbox 1108 318 1270 372; x_wconf 78' lang='grc' dir='ltr'><strong>ἔχοντες</strong></span> <span class='ocrx_word' id='word_1_24' title='bbox 1307 312 1541 370; x_wconf 77' lang='grc' dir='ltr'><em>ἡγεμόνας,</em></span> <span class='ocrx_word' id='word_1_25' title='bbox 1574 312 1653 357; x_wconf 80' lang='grc' dir='ltr'><strong>σώ-</strong></span> 
     </span>
     <span class='ocr_line' id='line_1_9' title="bbox 370 381 1652 446; baseline -0.008 -12"><span class='ocrx_word' id='word_1_26' title='bbox 370 397 561 446; x_wconf 69' lang='grc' dir='ltr'><em>Ξζωνται</em></span> <span class='ocrx_word' id='word_1_27' title='bbox 597 389 638 440; x_wconf 86' lang='grc' dir='ltr'><strong>ἐς</strong></span> <span class='ocrx_word' id='word_1_28' title='bbox 667 387 742 439; x_wconf 78' lang='grc' dir='ltr'><strong><em>τοὶς</em></strong></span> <span class='ocrx_word' id='word_1_29' title='bbox 785 385 983 441; x_wconf 83' lang='grc' dir='ltr'><strong><em>κορυφὰς</em></strong></span> <span class='ocrx_word' id='word_1_30' title='bbox 1023 389 1096 439; x_wconf 86' lang='grc' dir='ltr'><strong>τῆς</strong></span> <span class='ocrx_word' id='word_1_31' title='bbox 1127 385 1350 440; x_wconf 79' lang='grc' dir='ltr'><em>Μυκάλης.</em></span> <span class='ocrx_word' id='word_1_32' title='bbox 1410 381 1652 437; x_wconf 78' lang='grc' dir='ltr'><em>ἐτάχθησαν</em></span> 
     </span>
     <span class='ocr_line' id='line_1_10' title="bbox 396 449 1709 515; baseline -0.008 -14"><span class='ocrx_word' id='word_1_33' title='bbox 396 460 476 515; x_wconf 84' lang='grc' dir='ltr'><em>μέν</em></span> <span class='ocrx_word' id='word_1_34' title='bbox 504 473 587 500; x_wconf 88' lang='grc' dir='ltr'><strong>νυν</strong></span> <span class='ocrx_word' id='word_1_35' title='bbox 617 456 684 500; x_wconf 88' lang='grc' dir='ltr'><em>ἐπὶ</em></span> <span class='ocrx_word' id='word_1_36' title='bbox 712 459 840 499; x_wconf 85' lang='grc' dir='ltr'><strong><em>τοῦτο</em></strong></span> <span class='ocrx_word' id='word_1_37' title='bbox 869 454 917 497; x_wconf 82' lang='grc' dir='ltr'><strong>τό</strong></span> <span class='ocrx_word' id='word_1_38' title='bbox 947 456 1121 508; x_wconf 78' lang='grc' dir='ltr'><em>πρῆγμα</em></span> <span class='ocrx_word' id='word_1_39' title='bbox 1155 454 1197 495; x_wconf 81' lang='grc' dir='ltr'><strong>οῖ</strong></span> <span class='ocrx_word' id='word_1_40' title='bbox 1226 451 1461 506; x_wconf 84' lang='grc' dir='ltr'><em>Μιλήσιοι,</em></span> <span class='ocrx_word' id='word_1_41' title='bbox 1491 449 1709 493; x_wconf 84' lang='grc' dir='ltr'><strong><em>τούτου45</em></strong></span> 
     </span>
     <span class='ocr_line' id='line_1_11' title="bbox 395 518 1652 578; baseline -0.01 -6"><span class='ocrx_word' id='word_1_42' title='bbox 395 545 440 572; x_wconf 87' lang='grc' dir='ltr'><strong>τε</strong></span> <span class='ocrx_word' id='word_1_43' title='bbox 471 529 651 572; x_wconf 80' lang='grc' dir='ltr'><em>εἵνεκεν,</em></span> <span class='ocrx_word' id='word_1_44' title='bbox 682 524 754 566; x_wconf 82' lang='grc' dir='ltr'><strong>καὶ</strong></span> <span class='ocrx_word' id='word_1_45' title='bbox 783 524 854 565; x_wconf 77' lang='grc' dir='ltr'><em>ἵνα</em></span> <span class='ocrx_word' id='word_1_46' title='bbox 879 522 936 578; x_wconf 78' lang='grc' dir='ltr'><strong>μή</strong></span> <span class='ocrx_word' id='word_1_47' title='bbox 967 519 1196 573; x_wconf 81' lang='grc' dir='ltr'><strong><em>παρεόντες</em></strong></span> <span class='ocrx_word' id='word_1_48' title='bbox 1224 519 1270 561; x_wconf 89' lang='grc' dir='ltr'><em>ἐν</em></span> <span class='ocrx_word' id='word_1_49' title='bbox 1299 524 1357 574; x_wconf 83' lang='grc' dir='ltr'><strong>τῷ</strong></span> <span class='ocrx_word' id='word_1_50' title='bbox 1378 518 1652 574; x_wconf 83' lang='grc' dir='ltr'><strong>στρατοπέδῳ</strong></span> 
     </span>
    </p>
   </div>
   <div class='ocr_carea' id='block_1_6' title="bbox 369 591 890 649">
    <p class='ocr_par' dir='ltr' id='par_1_6' title="bbox 369 591 890 649">
     <span class='ocr_line' id='line_1_12' title="bbox 369 591 890 649; baseline -0.019 -9"><span class='ocrx_word' id='word_1_51' title='bbox 369 603 391 637; x_wconf 88' lang='grc'><strong>3</strong></span> <span class='ocrx_word' id='word_1_52' title='bbox 401 613 440 639; x_wconf 91' lang='grc' dir='ltr'><strong>τι</strong></span> <span class='ocrx_word' id='word_1_53' title='bbox 466 592 649 649; x_wconf 86' lang='grc' dir='ltr'><em>νεοχμὸν</em></span> <span class='ocrx_word' id='word_1_54' title='bbox 687 591 890 633; x_wconf 77' lang='grc' dir='ltr'><em>ποιέοιεν.</em></span> 
     </span>
    </p>
   </div>
   <div class='ocr_carea' id='block_1_7' title="bbox 949 586 1653 630">
    <p class='ocr_par' dir='ltr' id='par_1_7' title="bbox 949 586 1653 630">
     <span class='ocr_line' id='line_1_13' title="bbox 949 586 1653 630; baseline -0.003 0"><span class='ocrx_word' id='word_1_55' title='bbox 949 590 991 630; x_wconf 81' lang='grc' dir='ltr'><strong>οἱ</strong></span> <span class='ocrx_word' id='word_1_56' title='bbox 1032 588 1076 630; x_wconf 76' lang='grc' dir='ltr'><strong>δὲ</strong></span> <span class='ocrx_word' id='word_1_57' title='bbox 1111 589 1200 628; x_wconf 81' lang='grc' dir='ltr'><strong>πᾶν</strong></span> <span class='ocrx_word' id='word_1_58' title='bbox 1238 586 1287 628; x_wconf 81' lang='grc' dir='ltr'><strong>τό</strong></span> <span class='ocrx_word' id='word_1_59' title='bbox 1337 586 1534 629; x_wconf 88' lang='grc' dir='ltr'><em>ἐναντίον</em></span> <span class='ocrx_word' id='word_1_60' title='bbox 1571 590 1653 628; x_wconf 72' lang='grc' dir='ltr'><strong>τοῦ</strong></span> 
     </span>
    </p>
   </div>
   <div class='ocr_carea' id='block_1_8' title="bbox 394 653 1654 845">
    <p class='ocr_par' dir='ltr' id='par_1_8' title="bbox 394 653 1654 845">
     <span class='ocr_line' id='line_1_14' title="bbox 397 653 1653 716; baseline -0.008 -10"><span class='ocrx_word' id='word_1_61' title='bbox 397 658 767 716; x_wconf 76' lang='grc' dir='ltr'><strong><em>προστεταγμένου</em></strong></span> <span class='ocrx_word' id='word_1_62' title='bbox 803 657 996 699; x_wconf 78' lang='grc' dir='ltr'><em>ἐποίεον·</em></span> <span class='ocrx_word' id='word_1_63' title='bbox 1031 653 1161 703; x_wconf 77' lang='grc' dir='ltr'><strong><em>ἄλλας</em></strong></span> <span class='ocrx_word' id='word_1_64' title='bbox 1190 668 1233 694; x_wconf 83' lang='grc' dir='ltr'><strong>τε</strong></span> <span class='ocrx_word' id='word_1_65' title='bbox 1248 654 1553 708; x_wconf 79' lang='grc' dir='ltr'><em>κατηγεόμενοί</em></span> <span class='ocrx_word' id='word_1_66' title='bbox 1575 666 1653 708; x_wconf 91' lang='grc' dir='ltr'><strong>σφι</strong></span> 
     </span>
     <span class='ocr_line' id='line_1_15' title="bbox 396 721 1654 781; baseline -0.009 -7"><span class='ocrx_word' id='word_1_67' title='bbox 396 727 529 780; x_wconf 78' lang='grc' dir='ltr'><strong><em>ὁδούς</em></strong></span> <span class='ocrx_word' id='word_1_68' title='bbox 560 727 791 781; x_wconf 82' lang='grc' dir='ltr'><em>φεύγουσι,</em></span> <span class='ocrx_word' id='word_1_69' title='bbox 837 727 881 766; x_wconf 83' lang='grc' dir='ltr'><strong>αἳ</strong></span> <span class='ocrx_word' id='word_1_70' title='bbox 911 722 962 778; x_wconf 79' lang='grc' dir='ltr'><strong>δὴ</strong></span> <span class='ocrx_word' id='word_1_71' title='bbox 993 722 1151 776; x_wconf 73' lang='grc' dir='ltr'><em>ἔφερον</em></span> <span class='ocrx_word' id='word_1_72' title='bbox 1189 721 1230 770; x_wconf 87' lang='grc' dir='ltr'><strong>ἐς</strong></span> <span class='ocrx_word' id='word_1_73' title='bbox 1265 721 1366 770; x_wconf 83' lang='grc' dir='ltr'><strong><em>τοὺς</em></strong></span> <span class='ocrx_word' id='word_1_74' title='bbox 1407 724 1654 775; x_wconf 76' lang='grc' dir='ltr'><em>πολεμίους,</em></span> 
     </span>
     <span class='ocr_line' id='line_1_16' title="bbox 394 789 1653 845; baseline -0.007 -4"><span class='ocrx_word' id='word_1_75' title='bbox 394 798 466 842; x_wconf 85' lang='grc' dir='ltr'><strong>καὶ</strong></span> <span class='ocrx_word' id='word_1_76' title='bbox 497 796 616 844; x_wconf 77' lang='grc' dir='ltr'><strong><em>τέλος</em></strong></span> <span class='ocrx_word' id='word_1_77' title='bbox 645 792 770 836; x_wconf 83' lang='grc' dir='ltr'><em>αὐτοί</em></span> <span class='ocrx_word' id='word_1_78' title='bbox 800 803 878 845; x_wconf 87' lang='grc' dir='ltr'><strong>σφι</strong></span> <span class='ocrx_word' id='word_1_79' title='bbox 902 790 1097 845; x_wconf 80' lang='grc' dir='ltr'><em>ἐγίνοντο</em></span> <span class='ocrx_word' id='word_1_80' title='bbox 1124 790 1359 837; x_wconf 80' lang='grc' dir='ltr'><em>κτείνοντες</em></span> <span class='ocrx_word' id='word_1_81' title='bbox 1393 789 1653 843; x_wconf 79' lang='grc' dir='ltr'><em>πολεμιώτα-</em></span> 
     </span>
    </p>
   </div>
   <div class='ocr_carea' id='block_1_9' title="bbox 393 883 567 985">
    <p class='ocr_par' dir='ltr' id='par_1_9' title="bbox 393 883 567 985">
     <span class='ocr_line' id='line_1_17' title="bbox 393 883 472 909; baseline -0.051 0"><span class='ocrx_word' id='word_1_82' title='bbox 393 883 472 909; x_wconf 72' lang='grc' dir='ltr'>τοι.</span> 
     </span>
     <span class='ocr_line' id='line_1_18' title="bbox 393 932 567 985; baseline -0.029 -8"><span class='ocrx_word' id='word_1_83' title='bbox 393 932 567 985; x_wconf 76' lang='grc' dir='ltr'><strong>ἀπέστη,</strong></span> 
     </span>
    </p>
   </div>
   <div class='ocr_carea' id='block_1_10' title="bbox 530 855 1710 915">
    <p class='ocr_par' dir='ltr' id='par_1_10' title="bbox 530 855 1710 915">
     <span class='ocr_line' id='line_1_19' title="bbox 530 855 1710 915; baseline -0.007 -10"><span class='ocrx_word' id='word_1_84' title='bbox 530 861 654 905; x_wconf 82' lang='grc' dir='ltr'><strong><em>Οὕτω</em></strong></span> <span class='ocrx_word' id='word_1_85' title='bbox 693 858 745 915; x_wconf 84' lang='grc' dir='ltr'><strong>δὴ</strong></span> <span class='ocrx_word' id='word_1_86' title='bbox 793 858 842 901; x_wconf 88' lang='grc' dir='ltr'><strong>τὸ</strong></span> <span class='ocrx_word' id='word_1_87' title='bbox 888 856 1092 911; x_wconf 84' lang='grc' dir='ltr'><strong>δεύτερον</strong></span> <span class='ocrx_word' id='word_1_88' title='bbox 1138 856 1275 913; x_wconf 82' lang='grc' dir='ltr'><em>Ἰωνίη</em></span> <span class='ocrx_word' id='word_1_89' title='bbox 1312 855 1395 899; x_wconf 77' lang='grc' dir='ltr'><em>ἀπὸ</em></span> <span class='ocrx_word' id='word_1_90' title='bbox 1447 857 1710 909; x_wconf 83' lang='grc' dir='ltr'><em>Περσέων50</em></span> 
     </span>
    </p>
   </div>
   <div class='ocr_carea' id='block_1_11' title="bbox 501 990 1656 1050">
    <p class='ocr_par' dir='ltr' id='par_1_11' title="bbox 501 990 1656 1050">
     <span class='ocr_line' id='line_1_20' title="bbox 501 990 1656 1050; baseline -0.006 -10"><span class='ocrx_word' id='word_1_91' title='bbox 501 996 574 1040; x_wconf 86' lang='grc' dir='ltr'><em>Ἐν</em></span> <span class='ocrx_word' id='word_1_92' title='bbox 605 995 651 1039; x_wconf 76' lang='grc' dir='ltr'><strong>δὲ</strong></span> <span class='ocrx_word' id='word_1_93' title='bbox 679 993 812 1050; x_wconf 82' lang='grc' dir='ltr'><strong><em>ταύτῃ</em></strong></span> <span class='ocrx_word' id='word_1_94' title='bbox 845 995 896 1048; x_wconf 87' lang='grc' dir='ltr'><strong>τῇ</strong></span> <span class='ocrx_word' id='word_1_95' title='bbox 928 990 1040 1048; x_wconf 78' lang='grc' dir='ltr'><em>μάχῃ</em></span> <span class='ocrx_word' id='word_1_96' title='bbox 1066 990 1282 1047; x_wconf 83' lang='grc' dir='ltr'><em>Ἑλλήνων</em></span> <span class='ocrx_word' id='word_1_97' title='bbox 1310 991 1567 1048; x_wconf 76' lang='grc' dir='ltr'><strong>ἠρίστευσαν</strong></span> <span class='ocrx_word' id='word_1_98' title='bbox 1597 990 1656 1033; x_wconf 90' lang='lat' dir='ltr'><strong>&#39;A-</strong></span> 
     </span>
    </p>
   </div>
   <div class='ocr_carea' id='block_1_12' title="bbox 395 1058 1658 1124">
    <p class='ocr_par' dir='ltr' id='par_1_12' title="bbox 395 1058 1658 1124">
     <span class='ocr_line' id='line_1_21' title="bbox 395 1058 1658 1124; baseline -0.006 -15"><span class='ocrx_word' id='word_1_99' title='bbox 395 1070 595 1124; x_wconf 80' lang='grc' dir='ltr'><em>θηναῖοι·</em></span> <span class='ocrx_word' id='word_1_100' title='bbox 626 1063 697 1108; x_wconf 80' lang='grc' dir='ltr'><strong>καὶ</strong></span> <span class='ocrx_word' id='word_1_101' title='bbox 720 1060 988 1116; x_wconf 76' lang='grc' dir='ltr'><em>Ἀθηναίων,</em></span> <span class='ocrx_word' id='word_1_102' title='bbox 1011 1058 1273 1116; x_wconf 79' lang='grc' dir='ltr'><strong><em>Ἑρμόλυκος</em></strong></span> <span class='ocrx_word' id='word_1_103' title='bbox 1303 1058 1327 1102; x_wconf 85' lang='grc' dir='ltr'>ὁ</span> <span class='ocrx_word' id='word_1_104' title='bbox 1347 1058 1581 1108; x_wconf 72' lang='grc' dir='ltr'><em>Εὐθύνου,</em></span> <span class='ocrx_word' id='word_1_105' title='bbox 1615 1058 1658 1101; x_wconf 85' lang='grc' dir='ltr'><strong>ἀ-</strong></span> 
     </span>
    </p>
   </div>
   <div class='ocr_carea' id='block_1_13' title="bbox 369 1125 1711 1462">
    <p class='ocr_par' dir='ltr' id='par_1_13' title="bbox 369 1125 1711 1462">
     <span class='ocr_line' id='line_1_22' title="bbox 369 1125 1657 1192; baseline -0.006 -14"><span class='ocrx_word' id='word_1_106' title='bbox 369 1135 481 1192; x_wconf 72' lang='grc' dir='ltr'><strong>Ξνήρ</strong></span> <span class='ocrx_word' id='word_1_107' title='bbox 511 1133 778 1188; x_wconf 82' lang='grc' dir='ltr'><em>παγκράτιον</em></span> <span class='ocrx_word' id='word_1_108' title='bbox 796 1126 1059 1183; x_wconf 78' lang='grc' dir='ltr'><em>ἐπασκήσας·</em></span> <span class='ocrx_word' id='word_1_109' title='bbox 1088 1131 1247 1171; x_wconf 85' lang='grc' dir='ltr'><em>τοῦτον</em></span> <span class='ocrx_word' id='word_1_110' title='bbox 1279 1128 1324 1171; x_wconf 78' lang='grc' dir='ltr'><strong>δὲ</strong></span> <span class='ocrx_word' id='word_1_111' title='bbox 1352 1127 1429 1171; x_wconf 89' lang='grc' dir='ltr'><strong>τὸν</strong></span> <span class='ocrx_word' id='word_1_112' title='bbox 1454 1125 1657 1182; x_wconf 84' lang='grc' dir='ltr'><strong><em>Ἑρμόλυ-</em></strong></span> 
     </span>
     <span class='ocr_line' id='line_1_23' title="bbox 393 1194 1711 1255; baseline -0.008 -9"><span class='ocrx_word' id='word_1_113' title='bbox 393 1219 476 1247; x_wconf 73' lang='grc' dir='ltr'><em>κον</em></span> <span class='ocrx_word' id='word_1_114' title='bbox 504 1200 708 1255; x_wconf 78' lang='grc' dir='ltr'><strong>κατέλαβε</strong></span> <span class='ocrx_word' id='word_1_115' title='bbox 737 1198 920 1250; x_wconf 81' lang='grc' dir='ltr'><em>ὕστερον</em></span> <span class='ocrx_word' id='word_1_116' title='bbox 961 1195 1150 1248; x_wconf 89' lang='grc' dir='ltr'><strong><em>τούτων,</em></strong></span> <span class='ocrx_word' id='word_1_117' title='bbox 1189 1197 1382 1250; x_wconf 80' lang='grc' dir='ltr'><em>πολέμου</em></span> <span class='ocrx_word' id='word_1_118' title='bbox 1419 1194 1567 1246; x_wconf 84' lang='grc' dir='ltr'><em>ἐόντος</em></span> <span class='ocrx_word' id='word_1_119' title='bbox 1594 1194 1711 1237; x_wconf 85' lang='grc' dir='ltr'><em>’Λ-55</em></span> 
     </span>
     <span class='ocr_line' id='line_1_24' title="bbox 393 1263 1654 1325; baseline -0.005 -13"><span class='ocrx_word' id='word_1_120' title='bbox 393 1269 618 1325; x_wconf 77' lang='grc' dir='ltr'><em>θηναίοισί</em></span> <span class='ocrx_word' id='word_1_121' title='bbox 655 1283 699 1310; x_wconf 85' lang='grc' dir='ltr'><strong>τε</strong></span> <span class='ocrx_word' id='word_1_122' title='bbox 727 1266 800 1310; x_wconf 84' lang='grc' dir='ltr'><strong>καὶ</strong></span> <span class='ocrx_word' id='word_1_123' title='bbox 830 1265 1139 1316; x_wconf 87' lang='grc' dir='ltr'><strong>Καρυστίοισι,</strong></span> <span class='ocrx_word' id='word_1_124' title='bbox 1178 1264 1225 1307; x_wconf 88' lang='grc' dir='ltr'><em>ἐν</em></span> <span class='ocrx_word' id='word_1_125' title='bbox 1256 1263 1419 1319; x_wconf 84' lang='grc' dir='ltr'><em>Κύρνῳ</em></span> <span class='ocrx_word' id='word_1_126' title='bbox 1463 1268 1537 1318; x_wconf 85' lang='grc' dir='ltr'><strong>τῆς</strong></span> <span class='ocrx_word' id='word_1_127' title='bbox 1567 1266 1654 1306; x_wconf 85' lang='grc' dir='ltr'><strong>Κα-</strong></span> 
     </span>
     <span class='ocr_line' id='line_1_25' title="bbox 397 1331 1653 1392; baseline -0.005 -12"><span class='ocrx_word' id='word_1_128' title='bbox 397 1338 573 1392; x_wconf 85' lang='grc' dir='ltr'><strong>ρυστίης</strong></span> <span class='ocrx_word' id='word_1_129' title='bbox 601 1334 740 1391; x_wconf 79' lang='grc' dir='ltr'><strong><em>χώρης</em></strong></span> <span class='ocrx_word' id='word_1_130' title='bbox 758 1331 1041 1376; x_wconf 69' lang='grc' dir='ltr'><em>ἀποθανόντα</em></span> <span class='ocrx_word' id='word_1_131' title='bbox 1071 1333 1118 1376; x_wconf 87' lang='grc' dir='ltr'><em>ἐν</em></span> <span class='ocrx_word' id='word_1_132' title='bbox 1137 1331 1271 1388; x_wconf 78' lang='grc' dir='ltr'><em>μάχῃ,</em></span> <span class='ocrx_word' id='word_1_133' title='bbox 1298 1337 1468 1375; x_wconf 79' lang='grc' dir='ltr'><em>κεῖσθαι</em></span> <span class='ocrx_word' id='word_1_134' title='bbox 1498 1333 1565 1375; x_wconf 84' lang='grc' dir='ltr'><em>ἐπὶ</em></span> <span class='ocrx_word' id='word_1_135' title='bbox 1582 1335 1653 1374; x_wconf 88' lang='grc' dir='ltr'><strong>Γε-</strong></span> 
     </span>
     <span class='ocr_line' id='line_1_26' title="bbox 388 1399 1654 1462; baseline -0.005 -13"><span class='ocrx_word' id='word_1_136' title='bbox 388 1407 572 1462; x_wconf 74' lang='grc' dir='ltr'><strong>ραιστῷ.</strong></span> <span class='ocrx_word' id='word_1_137' title='bbox 630 1401 757 1446; x_wconf 84' lang='grc' dir='ltr'><strong><em>Μετὰ</em></strong></span> <span class='ocrx_word' id='word_1_138' title='bbox 787 1401 834 1445; x_wconf 81' lang='grc' dir='ltr'><strong>δὲ</strong></span> <span class='ocrx_word' id='word_1_139' title='bbox 859 1399 1141 1458; x_wconf 80' lang='grc' dir='ltr'><em>Ἀθηναίους,</em></span> <span class='ocrx_word' id='word_1_140' title='bbox 1171 1402 1406 1454; x_wconf 83' lang='grc' dir='ltr'><em>Κορίνθιοι</em></span> <span class='ocrx_word' id='word_1_141' title='bbox 1433 1399 1505 1444; x_wconf 76' lang='grc' dir='ltr'><strong>καὶ</strong></span> <span class='ocrx_word' id='word_1_142' title='bbox 1528 1403 1654 1455; x_wconf 79' lang='grc' dir='ltr'><em>Τροι-</em></span> 
     </span>
    </p>
   </div>
   <div class='ocr_carea' id='block_1_14' title="bbox 337 1616 997 2636">
    <p class='ocr_par' dir='ltr' id='par_1_14' title="bbox 337 1616 997 2636">
     <span class='ocr_line' id='line_1_27' title="bbox 339 1616 995 1675; baseline -0.018 -11"><span class='ocrx_word' id='word_1_143' title='bbox 339 1626 401 1664; x_wconf 84' lang='lat' dir='ltr'><strong>vel</strong></span> <span class='ocrx_word' id='word_1_144' title='bbox 430 1621 531 1675; x_wconf 79' lang='grc' dir='ltr'><strong>πρὸς</strong></span> <span class='ocrx_word' id='word_1_145' title='bbox 561 1623 622 1660; x_wconf 81' lang='lat' dir='ltr'><strong>vel</strong></span> <span class='ocrx_word' id='word_1_146' title='bbox 650 1620 692 1660; x_wconf 81' lang='grc' dir='ltr'><strong>ἐκ</strong></span> <span class='ocrx_word' id='word_1_147' title='bbox 719 1619 902 1671; x_wconf 85' lang='lat' dir='ltr'>praeponi</span> <span class='ocrx_word' id='word_1_148' title='bbox 925 1616 995 1654; x_wconf 86' lang='lat' dir='ltr'><strong>de-</strong></span> 
     </span>
     <span class='ocr_line' id='line_1_28' title="bbox 338 1676 993 1721; baseline -0.017 -1"><span class='ocrx_word' id='word_1_149' title='bbox 338 1683 429 1720; x_wconf 80' lang='lat' dir='ltr'><strong>bere</strong></span> <span class='ocrx_word' id='word_1_150' title='bbox 462 1680 699 1716; x_wconf 78' lang='lat' dir='ltr'><strong>arbitrentur.</strong></span> <span class='ocrx_word' id='word_1_151' title='bbox 747 1676 830 1721; x_wconf 80' lang='lat' dir='ltr'><strong>Quo</strong></span> <span class='ocrx_word' id='word_1_152' title='bbox 858 1681 993 1710; x_wconf 79' lang='lat' dir='ltr'><strong>neutro</strong></span> 
     </span>
     <span class='ocr_line' id='line_1_29' title="bbox 339 1730 994 1789; baseline -0.014 -13"><span class='ocrx_word' id='word_1_153' title='bbox 339 1752 433 1789; x_wconf 90' lang='lat' dir='ltr'><strong>opus</strong></span> <span class='ocrx_word' id='word_1_154' title='bbox 450 1750 527 1774; x_wconf 86' lang='lat' dir='ltr'><strong>esse</strong></span> <span class='ocrx_word' id='word_1_155' title='bbox 538 1735 630 1772; x_wconf 82' lang='lat' dir='ltr'><strong>vidit</strong></span> <span class='ocrx_word' id='word_1_156' title='bbox 643 1730 994 1782; x_wconf 82' lang='lat' dir='ltr'><strong>Schweighaeuser.</strong></span> 
     </span>
     <span class='ocr_line' id='line_1_30' title="bbox 339 1782 995 1844; baseline -0.011 -13"><span class='ocrx_word' id='word_1_157' title='bbox 339 1796 502 1844; x_wconf 83' lang='lat' dir='ltr'><strong>iungens</strong></span> <span class='ocrx_word' id='word_1_158' title='bbox 517 1794 596 1830; x_wconf 78' lang='grc' dir='ltr'><strong>τῶν</strong></span> <span class='ocrx_word' id='word_1_159' title='bbox 619 1787 803 1840; x_wconf 82' lang='grc' dir='ltr'><em>Περσέων</em></span> <span class='ocrx_word' id='word_1_160' title='bbox 824 1785 892 1833; x_wconf 73' lang='grc' dir='ltr'><strong>τάς</strong></span> <span class='ocrx_word' id='word_1_161' title='bbox 914 1782 995 1825; x_wconf 87' lang='grc' dir='ltr'><em>διό-</em></span> 
     </span>
     <span class='ocr_line' id='line_1_31' title="bbox 339 1844 996 1897; baseline -0.02 -6"><span class='ocrx_word' id='word_1_162' title='bbox 339 1853 433 1897; x_wconf 77' lang='grc' dir='ltr'><strong><em>δους</em></strong></span> <span class='ocrx_word' id='word_1_163' title='bbox 453 1851 569 1887; x_wconf 81' lang='lat' dir='ltr'><strong>exitus</strong></span> <span class='ocrx_word' id='word_1_164' title='bbox 595 1846 798 1892; x_wconf 76' lang='lat' dir='ltr'><strong>Persarum,</strong></span> <span class='ocrx_word' id='word_1_165' title='bbox 821 1845 844 1880; x_wconf 87' lang='lat' dir='ltr'><strong>i.</strong></span> <span class='ocrx_word' id='word_1_166' title='bbox 863 1857 895 1881; x_wconf 87' lang='lat' dir='ltr'><strong>e.</strong></span> <span class='ocrx_word' id='word_1_167' title='bbox 917 1844 996 1879; x_wconf 77' lang='lat' dir='ltr'><strong>exi-</strong></span> 
     </span>
     <span class='ocr_line' id='line_1_32' title="bbox 340 1900 997 1954; baseline -0.017 -9"><span class='ocrx_word' id='word_1_168' title='bbox 340 1912 397 1945; x_wconf 81' lang='lat' dir='ltr'><strong>tus</strong></span> <span class='ocrx_word' id='word_1_169' title='bbox 415 1909 573 1952; x_wconf 74' lang='lat' dir='ltr'><strong>viarum,</strong></span> <span class='ocrx_word' id='word_1_170' title='bbox 600 1904 724 1954; x_wconf 71' lang='lat' dir='ltr'><strong>quibus</strong></span> <span class='ocrx_word' id='word_1_171' title='bbox 745 1914 780 1937; x_wconf 85' lang='lat' dir='ltr'><strong>se</strong></span> <span class='ocrx_word' id='word_1_172' title='bbox 793 1900 921 1937; x_wconf 78' lang='lat' dir='ltr'><strong>Persae</strong></span> <span class='ocrx_word' id='word_1_173' title='bbox 938 1911 997 1936; x_wconf 80' lang='lat' dir='ltr'><strong>re-</strong></span> 
     </span>
     <span class='ocr_line' id='line_1_33' title="bbox 341 1952 995 2014; baseline -0.014 -12"><span class='ocrx_word' id='word_1_174' title='bbox 341 1966 451 2012; x_wconf 73' lang='lat' dir='ltr'><strong>cipere</strong></span> <span class='ocrx_word' id='word_1_175' title='bbox 476 1965 627 2014; x_wconf 80' lang='lat' dir='ltr'><em>possent.</em></span> <span class='ocrx_word' id='word_1_176' title='bbox 653 1982 703 1988; x_wconf 94' lang='lat'><strong>—-</strong></span> <span class='ocrx_word' id='word_1_177' title='bbox 742 1956 804 1993; x_wconf 86' lang='lat' dir='ltr'><strong>Ad</strong></span> <span class='ocrx_word' id='word_1_178' title='bbox 829 1952 995 2006; x_wconf 82' lang='grc' dir='ltr'><em>νεοχμόν</em></span> 
     </span>
     <span class='ocr_line' id='line_1_34' title="bbox 339 2014 994 2064; baseline -0.02 -4"><span class='ocrx_word' id='word_1_179' title='bbox 339 2023 470 2060; x_wconf 81' lang='grc' dir='ltr'><em>ποιεῖν</em></span> <span class='ocrx_word' id='word_1_180' title='bbox 491 2018 540 2056; x_wconf 86' lang='lat' dir='ltr'><strong>cf.</strong></span> <span class='ocrx_word' id='word_1_181' title='bbox 565 2018 634 2064; x_wconf 89' lang='lat' dir='ltr'><strong>IX,</strong></span> <span class='ocrx_word' id='word_1_182' title='bbox 662 2017 730 2055; x_wconf 83' lang='lat'><strong>99.</strong></span> <span class='ocrx_word' id='word_1_183' title='bbox 746 2035 802 2041; x_wconf 93' lang='lat'>—</span> <span class='ocrx_word' id='word_1_184' title='bbox 822 2014 866 2049; x_wconf 87' lang='lat' dir='ltr'><strong>In</strong></span> <span class='ocrx_word' id='word_1_185' title='bbox 890 2025 994 2064; x_wconf 84' lang='lat' dir='ltr'><strong>seqq,</strong></span> 
     </span>
     <span class='ocr_line' id='line_1_35' title="bbox 337 2070 997 2126; baseline -0.018 -11"><span class='ocrx_word' id='word_1_186' title='bbox 337 2077 385 2114; x_wconf 81' lang='lat' dir='ltr'><strong>ad</strong></span> <span class='ocrx_word' id='word_1_187' title='bbox 412 2070 693 2126; x_wconf 79' lang='grc' dir='ltr'><em>κατηγεόμενοι</em></span> <span class='ocrx_word' id='word_1_188' title='bbox 723 2072 878 2121; x_wconf 76' lang='lat' dir='ltr'><strong>eiusque.</strong></span> <span class='ocrx_word' id='word_1_189' title='bbox 897 2076 997 2105; x_wconf 88' lang='lat' dir='ltr'><strong>stru-</strong></span> 
     </span>
     <span class='ocr_line' id='line_1_36' title="bbox 340 2126 997 2174; baseline -0.017 -3"><span class='ocrx_word' id='word_1_190' title='bbox 340 2141 487 2171; x_wconf 82' lang='lat' dir='ltr'><strong>cturam</strong></span> <span class='ocrx_word' id='word_1_191' title='bbox 513 2132 614 2168; x_wconf 85' lang='lat' dir='ltr'><strong>conf.</strong></span> <span class='ocrx_word' id='word_1_192' title='bbox 639 2127 687 2165; x_wconf 82' lang='lat' dir='ltr'><strong>ad</strong></span> <span class='ocrx_word' id='word_1_193' title='bbox 705 2128 794 2174; x_wconf 86' lang='lat' dir='ltr'><strong>Vn,</strong></span> <span class='ocrx_word' id='word_1_194' title='bbox 831 2126 912 2166; x_wconf 77' lang='lat'><strong>215</strong></span> <span class='ocrx_word' id='word_1_195' title='bbox 939 2126 997 2161; x_wconf 85' lang='lat' dir='ltr'><strong>al-</strong></span> 
     </span>
     <span class='ocr_line' id='line_1_37' title="bbox 340 2181 997 2238; baseline -0.018 -10"><span class='ocrx_word' id='word_1_196' title='bbox 340 2192 427 2227; x_wconf 75' lang='lat' dir='ltr'><strong>lata.</strong></span> <span class='ocrx_word' id='word_1_197' title='bbox 463 2188 596 2237; x_wconf 80' lang='lat' dir='ltr'><strong>Attigit</strong></span> <span class='ocrx_word' id='word_1_198' title='bbox 617 2197 769 2238; x_wconf 85' lang='lat' dir='ltr'><strong>quoque</strong></span> <span class='ocrx_word' id='word_1_199' title='bbox 798 2181 871 2218; x_wconf 81' lang='lat' dir='ltr'><strong>hoc</strong></span> <span class='ocrx_word' id='word_1_200' title='bbox 895 2189 997 2218; x_wconf 87' lang='lat' dir='ltr'><strong>stru-</strong></span> 
     </span>
     <span class='ocr_line' id='line_1_38' title="bbox 341 2237 994 2294; baseline -0.018 -9"><span class='ocrx_word' id='word_1_201' title='bbox 341 2255 469 2285; x_wconf 81' lang='lat' dir='ltr'><strong>cturae</strong></span> <span class='ocrx_word' id='word_1_202' title='bbox 505 2256 625 2294; x_wconf 82' lang='lat' dir='ltr'><strong>genus</strong></span> <span class='ocrx_word' id='word_1_203' title='bbox 652 2243 837 2289; x_wconf 83' lang='lat' dir='ltr'><strong>Hartung.</strong></span> <span class='ocrx_word' id='word_1_204' title='bbox 870 2237 994 2274; x_wconf 87' lang='lat' dir='ltr'><strong>Lehre</strong></span> 
     </span>
     <span class='ocr_line' id='line_1_39' title="bbox 340 2294 993 2345; baseline -0.012 -5"><span class='ocrx_word' id='word_1_205' title='bbox 340 2318 415 2341; x_wconf 82' lang='lat' dir='ltr'><strong>von</strong></span> <span class='ocrx_word' id='word_1_206' title='bbox 430 2302 503 2339; x_wconf 79' lang='lat' dir='ltr'><strong>deu</strong></span> <span class='ocrx_word' id='word_1_207' title='bbox 514 2294 993 2345; x_wconf 78' lang='lat' dir='ltr'><strong>Griech.Pa1-tik.1p.151.</strong></span> 
     </span>
     <span class='ocr_line' id='line_1_40' title="bbox 343 2353 994 2411; baseline -0.02 -14"><span class='ocrx_word' id='word_1_208' title='bbox 343 2361 523 2411; x_wconf 73' lang='lat' dir='ltr'><strong>Sequitur</strong></span> <span class='ocrx_word' id='word_1_209' title='bbox 553 2357 654 2393; x_wconf 82' lang='lat' dir='ltr'><strong>enim</strong></span> <span class='ocrx_word' id='word_1_210' title='bbox 681 2355 722 2390; x_wconf 89' lang='lat' dir='ltr'><strong>in</strong></span> <span class='ocrx_word' id='word_1_211' title='bbox 769 2353 884 2388; x_wconf 80' lang='lat' dir='ltr'><strong>altero</strong></span> <span class='ocrx_word' id='word_1_212' title='bbox 912 2363 994 2386; x_wconf 82' lang='lat' dir='ltr'><strong>ora-</strong></span> 
     </span>
     <span class='ocr_line' id='line_1_41' title="bbox 341 2407 995 2454; baseline -0.018 -1"><span class='ocrx_word' id='word_1_213' title='bbox 341 2418 451 2454; x_wconf 81' lang='lat' dir='ltr'><strong>tionis</strong></span> <span class='ocrx_word' id='word_1_214' title='bbox 461 2414 632 2451; x_wconf 84' lang='lat' dir='ltr'><strong>membro</strong></span> <span class='ocrx_word' id='word_1_215' title='bbox 657 2409 817 2449; x_wconf 86' lang='lat' dir='ltr'><strong>verbum</strong></span> <span class='ocrx_word' id='word_1_216' title='bbox 846 2407 995 2443; x_wconf 83' lang='lat' dir='ltr'><strong>finitum</strong></span> 
     </span>
     <span class='ocr_line' id='line_1_42' title="bbox 342 2465 996 2523; baseline -0.018 -13"><span class='ocrx_word' id='word_1_217' title='bbox 342 2474 425 2510; x_wconf 83' lang='lat' dir='ltr'><strong>loco</strong></span> <span class='ocrx_word' id='word_1_218' title='bbox 449 2471 645 2523; x_wconf 81' lang='lat' dir='ltr'><strong>participii.</strong></span> <span class='ocrx_word' id='word_1_219' title='bbox 697 2465 806 2512; x_wconf 79' lang='lat' dir='ltr'><strong>Quod</strong></span> <span class='ocrx_word' id='word_1_220' title='bbox 826 2465 996 2515; x_wconf 80' lang='lat' dir='ltr'><strong>sequitur</strong></span> 
     </span>
     <span class='ocr_line' id='line_1_43' title="bbox 343 2521 995 2578; baseline -0.02 -10"><span class='ocrx_word' id='word_1_221' title='bbox 343 2541 437 2578; x_wconf 80' lang='grc' dir='ltr'><em>σφι,</em></span> <span class='ocrx_word' id='word_1_222' title='bbox 493 2527 540 2564; x_wconf 85' lang='lat' dir='ltr'><strong>ad</strong></span> <span class='ocrx_word' id='word_1_223' title='bbox 583 2528 715 2563; x_wconf 77' lang='lat' dir='ltr'><strong>Persas</strong></span> <span class='ocrx_word' id='word_1_224' title='bbox 751 2536 782 2560; x_wconf 89' lang='lat' dir='ltr'><strong>s.</strong></span> <span class='ocrx_word' id='word_1_225' title='bbox 818 2521 995 2558; x_wconf 85' lang='lat' dir='ltr'><strong>barbaros</strong></span> 
     </span>
     <span class='ocr_line' id='line_1_44' title="bbox 342 2591 496 2636; baseline -0.013 -13"><span class='ocrx_word' id='word_1_226' title='bbox 342 2591 496 2636; x_wconf 77' lang='lat' dir='ltr'><strong>spectat.</strong></span> 
     </span>
    </p>
   </div>
   <div class='ocr_carea' id='block_1_15' title="bbox 396 2647 993 2783">
    <p class='ocr_par' dir='ltr' id='par_1_15' title="bbox 396 2647 993 2783">
     <span class='ocr_line' id='line_1_45' title="bbox 568 2647 769 2699; baseline -0.005 -14"><span class='ocrx_word' id='word_1_227' title='bbox 568 2649 660 2699; x_wconf 83' lang='lat' dir='ltr'>cap.</span> <span class='ocrx_word' id='word_1_228' title='bbox 691 2647 769 2684; x_wconf 89' lang='lat' dir='ltr'><strong>CV.</strong></span> 
     </span>
     <span class='ocr_line' id='line_1_46' title="bbox 396 2719 993 2783; baseline -0.018 -13"><span class='ocrx_word' id='word_1_229' title='bbox 396 2724 633 2783; x_wconf 80' lang='grc' dir='ltr'><strong><em>Ἑρμόλυκος</em></strong></span> <span class='ocrx_word' id='word_1_230' title='bbox 650 2724 672 2765; x_wconf 82' lang='grc' dir='ltr'>ὁ</span> <span class='ocrx_word' id='word_1_231' title='bbox 683 2719 903 2772; x_wconf 73' lang='grc' dir='ltr'><em>Εὐθύνου]</em></span> <span class='ocrx_word' id='word_1_232' title='bbox 916 2724 993 2760; x_wconf 89' lang='lat' dir='ltr'><strong>Eu-</strong></span> 
     </span>
    </p>
   </div>
   <div class='ocr_carea' id='block_1_16' title="bbox 1049 1617 1707 2054">
    <p class='ocr_par' dir='ltr' id='par_1_16' title="bbox 1049 1617 1707 2054">
     <span class='ocr_line' id='line_1_47' title="bbox 1049 1617 1706 1671; baseline -0.002 -15"><span class='ocrx_word' id='word_1_233' title='bbox 1049 1617 1181 1671; x_wconf 82' lang='lat' dir='ltr'><strong>thyni‚</strong></span> <span class='ocrx_word' id='word_1_234' title='bbox 1229 1619 1296 1657; x_wconf 86' lang='lat' dir='ltr'><strong>sed</strong></span> <span class='ocrx_word' id='word_1_235' title='bbox 1347 1620 1495 1656; x_wconf 83' lang='lat' dir='ltr'><strong>obscuri</strong></span> <span class='ocrx_word' id='word_1_236' title='bbox 1528 1617 1706 1665; x_wconf 70' lang='lat' dir='ltr'><strong>hominis,</strong></span> 
     </span>
     <span class='ocr_line' id='line_1_48' title="bbox 1050 1676 1706 1724; baseline -0.003 -12"><span class='ocrx_word' id='word_1_237' title='bbox 1050 1676 1246 1724; x_wconf 76' lang='lat' dir='ltr'>meminit,</span> <span class='ocrx_word' id='word_1_238' title='bbox 1285 1683 1441 1713; x_wconf 79' lang='lat' dir='ltr'><strong>notante</strong></span> <span class='ocrx_word' id='word_1_239' title='bbox 1475 1676 1706 1724; x_wconf 80' lang='lat' dir='ltr'><strong>Wesseling.</strong></span> 
     </span>
     <span class='ocr_line' id='line_1_49' title="bbox 1050 1732 1705 1781; baseline 0 -12"><span class='ocrx_word' id='word_1_240' title='bbox 1050 1734 1239 1770; x_wconf 81' lang='lat' dir='ltr'><strong>Aristotel.</strong></span> <span class='ocrx_word' id='word_1_241' title='bbox 1274 1732 1400 1771; x_wconf 82' lang='lat' dir='ltr'><strong>Rhett.</strong></span> <span class='ocrx_word' id='word_1_242' title='bbox 1440 1734 1494 1776; x_wconf 87' lang='grc' dir='ltr'><strong>Π,</strong></span> <span class='ocrx_word' id='word_1_243' title='bbox 1541 1734 1590 1771; x_wconf 80' lang='lat'><strong>19</strong></span> <span class='ocrx_word' id='word_1_244' title='bbox 1617 1744 1705 1781; x_wconf 83' lang='lat' dir='ltr'>pag.</span> 
     </span>
     <span class='ocr_line' id='line_1_50' title="bbox 1051 1787 1705 1839; baseline -0.008 -10"><span class='ocrx_word' id='word_1_245' title='bbox 1051 1791 1131 1836; x_wconf 79' lang='lat'><strong>923</strong></span> <span class='ocrx_word' id='word_1_246' title='bbox 1161 1790 1374 1839; x_wconf 70' lang='lat' dir='ltr'><strong>Euthynous</strong></span> <span class='ocrx_word' id='word_1_247' title='bbox 1402 1787 1503 1838; x_wconf 84' lang='lat' dir='ltr'><strong>apud</strong></span> <span class='ocrx_word' id='word_1_248' title='bbox 1534 1788 1705 1824; x_wconf 87' lang='lat' dir='ltr'><strong>Ciceron.</strong></span> 
     </span>
     <span class='ocr_line' id='line_1_51' title="bbox 1051 1843 1707 1893; baseline -0.005 -10"><span class='ocrx_word' id='word_1_249' title='bbox 1051 1847 1191 1885; x_wconf 81' lang='lat' dir='ltr'><strong>Tusce.</strong></span> <span class='ocrx_word' id='word_1_250' title='bbox 1220 1848 1255 1893; x_wconf 87' lang='lat'><strong>1,</strong></span> <span class='ocrx_word' id='word_1_251' title='bbox 1287 1846 1340 1886; x_wconf 85' lang='lat'><strong>49</strong></span> <span class='ocrx_word' id='word_1_252' title='bbox 1370 1843 1707 1881; x_wconf 81' lang='lat' dir='ltr'><strong>nominatm.Her-</strong></span> 
     </span>
     <span class='ocr_line' id='line_1_52' title="bbox 1051 1903 1707 1953; baseline -0.005 -14"><span class='ocrx_word' id='word_1_253' title='bbox 1051 1903 1222 1953; x_wconf 74' lang='lat' dir='ltr'><strong>molycmn</strong></span> <span class='ocrx_word' id='word_1_254' title='bbox 1280 1903 1569 1952; x_wconf 79' lang='lat' dir='ltr'><strong>pancratiastam</strong></span> <span class='ocrx_word' id='word_1_255' title='bbox 1621 1912 1707 1936; x_wconf 89' lang='lat' dir='ltr'><strong>me-</strong></span> 
     </span>
     <span class='ocr_line' id='line_1_53' title="bbox 1050 1959 1707 2004; baseline -0.003 -9"><span class='ocrx_word' id='word_1_256' title='bbox 1050 1967 1173 1996; x_wconf 89' lang='lat' dir='ltr'><strong>morat</strong></span> <span class='ocrx_word' id='word_1_257' title='bbox 1191 1961 1355 1996; x_wconf 83' lang='lat' dir='ltr'><strong>Pausan.</strong></span> <span class='ocrx_word' id='word_1_258' title='bbox 1374 1960 1402 2004; x_wconf 90' lang='lat'><strong>1,</strong></span> <span class='ocrx_word' id='word_1_259' title='bbox 1424 1959 1475 1997; x_wconf 78' lang='lat'><strong>23</strong></span> <span class='ocrx_word' id='word_1_260' title='bbox 1505 1959 1542 2002; x_wconf 85' lang='lat'><strong>§.</strong></span> <span class='ocrx_word' id='word_1_261' title='bbox 1578 1959 1707 1997; x_wconf 72' lang='grc'><strong>1-2.-</strong></span> 
     </span>
     <span class='ocr_line' id='line_1_54' title="bbox 1050 2013 1706 2054; baseline -0.005 -2"><span class='ocrx_word' id='word_1_262' title='bbox 1050 2017 1220 2053; x_wconf 83' lang='lat' dir='ltr'><strong>Verbum</strong></span> <span class='ocrx_word' id='word_1_263' title='bbox 1249 2014 1434 2054; x_wconf 84' lang='grc' dir='ltr'><em>ἐπασκεῖν</em></span> <span class='ocrx_word' id='word_1_264' title='bbox 1453 2013 1588 2050; x_wconf 88' lang='lat' dir='ltr'><strong>eadem</strong></span> <span class='ocrx_word' id='word_1_265' title='bbox 1608 2015 1647 2050; x_wconf 87' lang='lat' dir='ltr'><strong>iu</strong></span> <span class='ocrx_word' id='word_1_266' title='bbox 1666 2026 1706 2050; x_wconf 88' lang='lat' dir='ltr'><strong>re</strong></span> 
     </span>
    </p>
   </div>
   <div class='ocr_carea' id='block_1_17' title="bbox 1050 2073 1216 2120">
    <p class='ocr_par' dir='ltr' id='par_1_17' title="bbox 1050 2073 1216 2120">
     <span class='ocr_line' id='line_1_55' title="bbox 1050 2073 1216 2120; baseline 0.012 -9"><span class='ocrx_word' id='word_1_267' title='bbox 1050 2073 1101 2111; x_wconf 90' lang='lat' dir='ltr'><strong>VI</strong></span> <span class='ocrx_word' id='word_1_268' title='bbox 1113 2101 1124 2120; x_wconf 91' lang='lat'><strong><em>,</em></strong></span> <span class='ocrx_word' id='word_1_269' title='bbox 1148 2074 1216 2113; x_wconf 80' lang='lat'><strong>92.</strong></span> 
     </span>
    </p>
   </div>
   <div class='ocr_carea' id='block_1_18' title="bbox 1049 2203 1705 2711">
    <p class='ocr_par' dir='ltr' id='par_1_18' title="bbox 1049 2203 1705 2711">
     <span class='ocr_line' id='line_1_56' title="bbox 1109 2203 1705 2259; baseline -0.012 -12"><span class='ocrx_word' id='word_1_270' title='bbox 1109 2204 1397 2259; x_wconf 79' lang='grc' dir='ltr'><strong>Καρυστίοισι]</strong></span> <span class='ocrx_word' id='word_1_271' title='bbox 1446 2207 1504 2242; x_wconf 84' lang='lat' dir='ltr'><strong>De</strong></span> <span class='ocrx_word' id='word_1_272' title='bbox 1557 2203 1705 2256; x_wconf 75' lang='lat' dir='ltr'><strong>Carysto</strong></span> 
     </span>
     <span class='ocr_line' id='line_1_57' title="bbox 1049 2262 1704 2308; baseline -0.005 -6"><span class='ocrx_word' id='word_1_273' title='bbox 1049 2264 1126 2304; x_wconf 70' lang='lat' dir='ltr'><strong>vid.</strong></span> <span class='ocrx_word' id='word_1_274' title='bbox 1158 2272 1249 2302; x_wconf 84' lang='lat' dir='ltr'><strong>nott.</strong></span> <span class='ocrx_word' id='word_1_275' title='bbox 1283 2263 1329 2300; x_wconf 77' lang='lat' dir='ltr'><strong>ad</strong></span> <span class='ocrx_word' id='word_1_276' title='bbox 1350 2262 1453 2308; x_wconf 81' lang='lat' dir='ltr'>VIII,</span> <span class='ocrx_word' id='word_1_277' title='bbox 1489 2263 1704 2307; x_wconf 65' lang='lat'>1121213</span> 
     </span>
     <span class='ocr_line' id='line_1_58' title="bbox 1051 2316 1704 2367; baseline -0.008 -10"><span class='ocrx_word' id='word_1_278' title='bbox 1051 2320 1098 2357; x_wconf 80' lang='lat' dir='ltr'><strong>de</strong></span> <span class='ocrx_word' id='word_1_279' title='bbox 1118 2324 1281 2359; x_wconf 75' lang='lat' dir='ltr'><strong>Geraesto</strong></span> <span class='ocrx_word' id='word_1_280' title='bbox 1308 2318 1384 2357; x_wconf 71' lang='lat' dir='ltr'><strong>vid.</strong></span> <span class='ocrx_word' id='word_1_281' title='bbox 1407 2319 1514 2365; x_wconf 85' lang='lat' dir='ltr'>VIII,</span> <span class='ocrx_word' id='word_1_282' title='bbox 1541 2320 1581 2357; x_wconf 91' lang='lat'><strong>7.</strong></span> <span class='ocrx_word' id='word_1_283' title='bbox 1614 2316 1704 2367; x_wconf 73' lang='lat' dir='ltr'><strong>Cyr-</strong></span> 
     </span>
     <span class='ocr_line' id='line_1_59' title="bbox 1049 2372 1701 2430; baseline -0.014 -14"><span class='ocrx_word' id='word_1_284' title='bbox 1049 2393 1116 2416; x_wconf 71' lang='lat' dir='ltr'><strong>nus</strong></span> <span class='ocrx_word' id='word_1_285' title='bbox 1146 2381 1210 2430; x_wconf 78' lang='lat' dir='ltr'><strong>qui</strong></span> <span class='ocrx_word' id='word_1_286' title='bbox 1238 2380 1349 2415; x_wconf 83' lang='lat' dir='ltr'><strong>fuerit</strong></span> <span class='ocrx_word' id='word_1_287' title='bbox 1369 2378 1485 2422; x_wconf 86' lang='lat' dir='ltr'><strong>locus,</strong></span> <span class='ocrx_word' id='word_1_288' title='bbox 1515 2372 1701 2410; x_wconf 83' lang='lat' dir='ltr'><strong>mihiuou</strong></span> 
     </span>
     <span class='ocr_line' id='line_1_60' title="bbox 1051 2427 1699 2474; baseline -0.012 -3"><span class='ocrx_word' id='word_1_289' title='bbox 1051 2437 1228 2474; x_wconf 86' lang='lat' dir='ltr'><strong>innotuit.</strong></span> <span class='ocrx_word' id='word_1_290' title='bbox 1288 2433 1446 2471; x_wconf 78' lang='lat' dir='ltr'><strong>videtur</strong></span> <span class='ocrx_word' id='word_1_291' title='bbox 1463 2438 1588 2468; x_wconf 78' lang='lat' dir='ltr'><strong>antem</strong></span> <span class='ocrx_word' id='word_1_292' title='bbox 1618 2427 1656 2464; x_wconf 85' lang='lat'><strong>11.</strong></span> <span class='ocrx_word' id='word_1_293' title='bbox 1675 2428 1699 2464; x_wconf 91' lang='grc' dir='ltr'><strong>Ι.</strong></span> 
     </span>
     <span class='ocr_line' id='line_1_61' title="bbox 1050 2485 1701 2542; baseline -0.012 -14"><span class='ocrx_word' id='word_1_294' title='bbox 1050 2491 1144 2528; x_wconf 76' lang='lat' dir='ltr'><strong>illud</strong></span> <span class='ocrx_word' id='word_1_295' title='bbox 1184 2493 1315 2542; x_wconf 84' lang='lat' dir='ltr'><strong>respici</strong></span> <span class='ocrx_word' id='word_1_296' title='bbox 1346 2491 1510 2536; x_wconf 86' lang='lat' dir='ltr'><strong>bellum,</strong></span> <span class='ocrx_word' id='word_1_297' title='bbox 1549 2485 1595 2522; x_wconf 78' lang='lat' dir='ltr'><strong>de</strong></span> <span class='ocrx_word' id='word_1_298' title='bbox 1626 2497 1701 2535; x_wconf 85' lang='lat' dir='ltr'><strong>quo</strong></span> 
     </span>
     <span class='ocr_line' id='line_1_62' title="bbox 1051 2539 1702 2600; baseline -0.015 -15"><span class='ocrx_word' id='word_1_299' title='bbox 1051 2548 1271 2600; x_wconf 70' lang='lat' dir='ltr'><strong>Thucydid.</strong></span> <span class='ocrx_word' id='word_1_300' title='bbox 1318 2549 1353 2594; x_wconf 88' lang='lat' dir='ltr'><strong>I,</strong></span> <span class='ocrx_word' id='word_1_301' title='bbox 1401 2548 1474 2592; x_wconf 82' lang='lat'><strong>98,</strong></span> <span class='ocrx_word' id='word_1_302' title='bbox 1523 2539 1702 2593; x_wconf 88' lang='lat' dir='ltr'><strong>quodque</strong></span> 
     </span>
     <span class='ocr_line' id='line_1_63' title="bbox 1051 2596 1702 2647; baseline -0.014 -4"><span class='ocrx_word' id='word_1_303' title='bbox 1051 2605 1239 2642; x_wconf 77' lang='lat' dir='ltr'><strong>Dodwelt.</strong></span> <span class='ocrx_word' id='word_1_304' title='bbox 1260 2607 1297 2641; x_wconf 86' lang='lat' dir='ltr'><strong>in</strong></span> <span class='ocrx_word' id='word_1_305' title='bbox 1323 2602 1475 2640; x_wconf 84' lang='lat' dir='ltr'><strong>Annall.</strong></span> <span class='ocrx_word' id='word_1_306' title='bbox 1494 2596 1702 2647; x_wconf 70' lang='lat' dir='ltr'><strong>Thucydd.</strong></span> 
     </span>
     <span class='ocr_line' id='line_1_64' title="bbox 1051 2655 1701 2711; baseline -0.015 -12"><span class='ocrx_word' id='word_1_307' title='bbox 1051 2664 1163 2698; x_wconf 80' lang='lat' dir='ltr'><strong>refert</strong></span> <span class='ocrx_word' id='word_1_308' title='bbox 1207 2661 1255 2698; x_wconf 85' lang='lat' dir='ltr'><strong>ad</strong></span> <span class='ocrx_word' id='word_1_309' title='bbox 1296 2661 1447 2711; x_wconf 87' lang='lat' dir='ltr'><strong>Olymp.</strong></span> <span class='ocrx_word' id='word_1_310' title='bbox 1492 2655 1701 2701; x_wconf 83' lang='lat' dir='ltr'>LXXVIII,</span> 
     </span>
    </p>
   </div>
   <div class='ocr_carea' id='block_1_19' title="bbox 1050 2713 1536 2760">
    <p class='ocr_par' dir='ltr' id='par_1_19' title="bbox 1050 2713 1536 2760">
     <span class='ocr_line' id='line_1_65' title="bbox 1050 2713 1536 2760; baseline -0.021 0"><span class='ocrx_word' id='word_1_311' title='bbox 1050 2723 1077 2760; x_wconf 80' lang='lat'>2</span> <span class='ocrx_word' id='word_1_312' title='bbox 1105 2720 1183 2757; x_wconf 84' lang='lat' dir='ltr'><strong>sive</strong></span> <span class='ocrx_word' id='word_1_313' title='bbox 1211 2718 1290 2760; x_wconf 83' lang='grc'><strong>467</strong></span> <span class='ocrx_word' id='word_1_314' title='bbox 1320 2731 1354 2755; x_wconf 87' lang='lat' dir='ltr'><strong>a.</strong></span> <span class='ocrx_word' id='word_1_315' title='bbox 1378 2713 1466 2751; x_wconf 86' lang='lat' dir='ltr'><strong>Chr.</strong></span> <span class='ocrx_word' id='word_1_316' title='bbox 1494 2725 1536 2750; x_wconf 87' lang='grc' dir='ltr'><strong>ιι.</strong></span> 
     </span>
    </p>
   </div>
  </div>
 </body>
</html>
