1996 3238
407 148 462 186 14

803 145 1252 183 HERODOTI

406 256 493 297 τῶν
520 251 677 308 πλήθεΐ
701 267 746 295 τε
773 254 1114 309 πολλαπλησίας,
1155 255 1228 298 καὶ
1261 253 1440 310 ἄμεινον
1470 256 1650 300 πλωού-

374 328 397 361 2
410 333 497 373 σας.

404 387 447 440 ἐς
474 387 618 444 μέσον.

345 590 538 632 Matthiae.
558 613 614 620 —
633 590 694 629 Ad
714 593 827 629 verba
848 592 995 643 μανίην

342 648 609 696 ἐπενείκαντες
633 648 732 688 cons.
749 655 842 687 nott.
865 648 911 685 ad
931 650 994 698 IV,

348 703 440 745 154.

401 755 558 813 πλήθεΐ
595 774 635 799 τε
683 759 993 811 πολλαπλησίας]

345 815 407 854 Ad
425 818 657 854 locutionem
677 817 778 856 conf.
809 819 919 854 alima
947 818 995 855 ad

345 874 407 921 IV,
441 875 532 914 191.
571 874 710 923 Scripsi
746 887 835 911 cum
863 874 994 912 Matth.

347 936 384 966 et
398 928 564 967 Bekker.
580 930 884 980 πολλαπλησίας,
905 944 996 967 cum

344 985 575 1023 Gaisfordius
606 999 625 1022 e
646 987 747 1023 libris
769 986 994 1039 quibusdam

344 1041 506 1079 dedisset
532 1044 845 1091 πολλαπλασίας,
875 1050 917 1080 ut
946 1045 991 1092 V,

347 1097 413 1146 45,
435 1099 502 1135 ubi
520 1097 596 1137 vid.
616 1106 713 1136 nott.
735 1123 784 1128 —
816 1101 910 1137 Mox
931 1114 994 1137 re-

342 1156 440 1191 tinui
476 1151 697 1204 πλωούσας,
738 1163 779 1193 ut
811 1158 907 1205 5111,
938 1160 993 1198 22

341 1212 424 1248 init.
453 1218 491 1248 et
511 1210 578 1260 44,
593 1213 659 1249 ubi
679 1213 741 1249 alii
768 1211 879 1250 codd.
900 1216 992 1253 πλε-

343 1263 478 1314 θύσας.

396 1318 768 1374 καταφρονήσαντες
842 1326 990 1374 ταῦτα]

340 1381 422 1417 Iam
453 1380 559 1430 attigi
587 1378 681 1416 haec
710 1381 750 1416 iu
779 1388 869 1418 nota
890 1381 938 1418 ad
960 1383 990 1430 I,

339 1436 406 1483 59,
427 1449 503 1488 quo
533 1437 617 1472 loco
642 1449 745 1473 nunc
765 1439 928 1487 Hoeger.
951 1439 991 1475 in

339 1493 443 1530 Actt.
470 1491 614 1542 philoll.
650 1493 823 1530 Monacc.
858 1496 924 1541 111,
964 1493 990 1533 4

338 1561 427 1599 pag.
457 1549 538 1589 483
570 1561 650 1600 seq.
682 1563 989 1615 καταφρονησας

339 1605 474 1656 refingi
501 1605 582 1641 vult
608 1606 648 1641 in
679 1620 804 1656 καρτα
835 1603 992 1658 φρονή-

339 1673 424 1719 σας.
467 1661 540 1706 Qui
558 1659 661 1697 idem
681 1675 718 1712 p.
739 1662 820 1703 485
842 1662 915 1700 hoc
931 1664 992 1700 lo-

337 1730 383 1755 co
399 1719 522 1756 ταῦτα
540 1717 589 1754 ad
608 1719 768 1754 verbum
790 1734 992 1772 καταφρο-

337 1771 542 1825 νήσαντες,
568 1772 713 1825 qued2³
692 1775 900 1813 ‹renitivum
921 1776 992 1813 ob-

336 1831 426 1867 iecti
449 1830 626 1882 requirat,
649 1832 779 1868 refeni
793 1845 902 1897 posse
916 1846 988 1869 ne·-

337 1899 449 1936 gans,
483 1887 652 1923 absolute
685 1889 804 1938 accipi
833 1890 916 1926 vult
946 1890 986 1926 ob

337 1943 434 1991 haec,
454 1943 520 1980 ubi
533 1944 647 1993 vulgo
666 1946 845 1994 supplent
863 1942 986 1993 κατοὶς

336 1999 390 2036 ita
427 2006 470 2036 ut
519 1998 568 2035 ad
617 1997 988 2052 καταφρονήσαντες

336 2062 465 2092 mente
485 2054 644 2092 addatur
669 2058 751 2094 τοῖν
775 2053 988 2106 Ἑλλήνων.

336 2112 443 2156 Quae
471 2117 600 2147 tamen
627 2112 659 2148 si
692 2111 817 2148 dicere
843 2114 987 2149 voluis-

337 2175 393 2204 set
411 2169 566 2214 Noster,
599 2168 666 2203 vix
693 2167 805 2205 credo
826 2182 915 2205 eum
933 2170 987 2206 sic

336 2224 449 2260 fuisse
498 2224 681 2260 locutum.
750 2224 988 2276 Quapropter

336 2281 468 2316 malim
496 2280 750 2329 interpretari:
793 2293 867 2318 cum
903 2282 986 2318 haec

336 2340 448 2373 mente
490 2339 729 2386 reputassent,
777 2340 987 2386 cogitassent

336 2404 416 2429 non
446 2393 526 2428 siue
559 2391 726 2444 quodam
754 2394 986 2430 Graecorum

336 2454 546 2485 contemtu.
606 2450 684 2486 Nec
724 2450 829 2486 aliter
867 2451 986 2500 accipi

337 2505 418 2542 vult
454 2502 685 2553 Larcherus,
729 2519 804 2558 quo
834 2513 986 2543 auctore

337 2563 603 2611 καταφρονεῖν
628 2559 690 2597 hic
719 2563 818 2599 valet
847 2575 981 2601 remar-

290 2664 293 2665 ⁷
338 2629 433 2668 quer,
453 2616 657 2663 considerer,
681 2619 858 2667 rdfleclaz‘r.
907 2620 985 2656 Nec

339 2673 445 2709 aliter
454 2673 727 2722 Wesselingius
749 2673 841 2712 haec
860 2676 986 2723 verba,

338 2741 436 2781 quae
447 2730 538 2767 olim
548 2727 651 2767 haud
661 2731 746 2768 satis
759 2732 855 2768 bene
867 2738 987 2771 verte..

555 318 963 376 καταφρονήσαντες
993 325 1150 375 ταῦτα,
1188 321 1452 365 ἐκυκλοῦντο
1490 323 1705 374 αύτοὺς3ο

663 387 790 432 ’Όσοι
828 388 905 444 μέν
943 404 1026 432 νυν
1054 392 1142 432 τῶν
1170 386 1325 432 Ἰώνων
1358 385 1470 444 ἦσαν
1499 390 1646 434 εὔνοοι

1052 593 1143 630 bant
1154 605 1260 644 :prae
1275 599 1453 643 contemtu,
1465 595 1599 633 rectius
1609 597 1702 633 verti

1051 650 1344 700 posse'putavit:
1373 665 1414 688 ca
1436 653 1701 699 considerantes,

1051 706 1152 742 locos
1163 708 1285 742 Nostri
1297 706 1454 745 asserens
1469 709 1497 755 Ι,
1511 708 1574 748 59.
1586 710 1637 748 66
1651 716 1703 744 at-

1052 775 1127 813 que
1138 763 1276 799 Euseb.
1286 764 1462 814 Praepar.
1475 765 1621 814 Evang.
1633 766 1701 811 lx,

1054 818 1117 865 14,
1129 818 1581 870 locumhauddisparem·
1593 821 1701 871 Ab>-

1052 873 1141 911 deni
1173 878 1284 915 θεων
1295 872 1701 934 καταφρονήσαιτας

1051 946 1122 981 αμε
1109 931 1263 978 ίνονας
1274 927 1374 971 εἶναι
1396 934 1420 969 i.
1433 945 1465 969 e.
1483 945 1654 983 quumque
1668 946 1701 969 se

1049 987 1118 1023 ‹In's
1147 988 1300 1025 meliores
1328 990 1567 1038 opinarentur.
1617 988 1702 1026 vid.

1049 1045 1143 1083 Diss.
1157 1044 1356 1081 Herod.XI
1359 1047 1503 1095 ,p.l97.
1522 1045 1612 1084 198.
1624 1045 1701 1082 Ne·-

1050 1101 1124 1150 giis
1144 1101 1407 1151 interpretatur
1436 1100 1479 1140 ἐν
1500 1099 1618 1151 φρενὶ
1633 1103 1701 1139 λα-

1050 1153 1199 1209 βόντες,
1222 1153 1568 1224 παρατηρήσαντες
1586 1153 1701 1196 αὕτα.

1103 1213 1340 1252 ἐκυκλοῦντο
1361 1209 1526 1261 αὐτους]
1557 1208 1700 1260 αὐτούς

1048 1276 1149 1306 recte
1177 1277 1308 1307 teuent
1327 1271 1413 1306 libri
1433 1270 1700 1319 script13nam

1047 1324 1097 1361 ad
1117 1327 1280 1363 Graecos
1306 1327 1384 1363 sive
1397 1322 1593 1375 Έλληνας
1612 1339 1699 1376 spe-

1046 1387 1122 1418 ctat
1148 1395 1215 1432 per
1233 1395 1361 1419 seusus
1384 1380 1578 1433 quandam
1599 1389 1700 1419 stru-

1047 1444 1206 1485 cturam,
1235 1451 1323 1475 cum
1351 1451 1441 1475 sane
1472 1438 1622 1488 proprie
1652 1437 1700 1475 ad

1045 1506 1149 1531 naves
1167 1493 1262 1531 illud
1282 1495 1413 1531 referri
1435 1493 1570 1531 debeat
1586 1493 1698 1532 inde-

1048 1563 1122 1601 que
1160 1551 1272 1587 scribi
1313 1545 1461 1596 αὐτάς-τ
1521 1549 1623 1601 quod
1662 1558 1699 1588 et

1045 1607 1171 1656 ipsum
1191 1608 1282 1643 olim
1311 1608 1351 1643 in
1373 1604 1600 1658 quibusdam
1627 1620 1698 1644 ex·-

1046 1664 1150 1700 stitit.
1180 1664 1278 1700 Hinc
1299 1675 1451 1714 quoque
1475 1674 1570 1699 mox
1588 1676 1700 1714 περι-

1047 1717 1257 1769 εχομένους
1287 1716 1346 1758 αὖ
1360 1715 1480 1764 τούς
1499 1725 1537 1755 et
1565 1732 1625 1769 cp.
1649 1721 1700 1759 16

1044 1772 1301 1815 ἐκυκλεύοντο
1351 1773 1406 1822 αἷς
1443 1771 1697 1826 περιλάβοιεν

1046 1828 1102 1870 αὐ
1111 1847 1131 1870 τ
1145 1846 1165 1870 ο
1177 1828 1204 1870 v'
1215 1847 1245 1878 ς.
1316 1832 1389 1868 Ubi
1425 1829 1697 1869 Valckenaerio

1043 1888 1245 1924 rescribere
1286 1888 1410 1938 placet
1452 1887 1696 1935 ε’κυκλεῦντο,

1042 1946 1266 1981 assentiente
1285 1944 1539 1994 VVesseIingio
1556 1972 1566 1990 ‚
1588 1945 1654 1995 qui
1675 1956 1695 1979 e

1043 2000 1233 2038 Sancrofti
1251 2001 1345 2037 libro
1366 2001 1404 2036 in
1424 2000 1449 2036 l.
1470 2000 1497 2036 l.
1517 2000 1615 2048 VIII,
1640 2001 1692 2040 16

1041 2069 1111 2106 pro
1140 2058 1244 2106 vulg.
1265 2051 1522 2095 ἔκυκλεύοντο
1542 2056 1584 2092 in
1602 2062 1693 2092 tex-

1040 2119 1124 2148 tum
1161 2113 1304 2162 recepit
1337 2109 1579 2171 ε’κυκλέοντο,
1611 2111 1692 2161 ipse

1042 2169 1243 2205 coniiciens
1272 2166 1520 2205 ἐκυκλευντο
1572 2167 1696 2218 Equi-

1043 2223 1131 2260 dem
1149 2222 1245 2260 nihil
1263 2223 1429 2270 mutavi,
1453 2221 1694 2287 quandoqui—

1043 2279 1131 2316 dem
1152 2280 1316 2317 sormam
1344 2281 1439 2317 κυκλ
1445 2293 1544 2326 evm,
1577 2292 1693 2331 quam

1042 2334 1082 2374 h.
1116 2338 1142 2373 l.
1187 2335 1424 2373 Florentinus
1467 2335 1560 2372 liber
1603 2349 1692 2373 cum

1043 2393 1124 2429 aliis
1143 2394 1319 2443 praebet,
1349 2404 1469 2443 aeque
1490 2398 1603 2443 atque
1621 2407 1693 2431 κυ-

1042 2447 1141 2488 κλέω
1162 2456 1197 2485 et
1217 2445 1370 2488 κυκλόω
1390 2449 1429 2484 in
1448 2460 1517 2484 usu
1538 2446 1693 2485 habuis-

1041 2519 1081 2543 se
1101 2503 1276 2543 videntur
1296 2505 1443 2542 Graeci.
1472 2504 1529 2540 Cf.
1543 2504 1691 2543 Aelian-

1040 2563 1087 2598 N.
1107 2563 1155 2600 A.
1178 2563 1226 2609 ΙΙ,
1248 2564 1285 2610 8,
1306 2562 1371 2598 ubi
1390 2558 1603 2599 Herodotea
1630 2567 1691 2598 at-

1040 2619 1125 2655 tulit
1146 2619 1287 2667 Iacobs,
1308 2618 1373 2668 qui
1394 2616 1498 2654 idem
1508 2618 1622 2655 etiam
1641 2615 1690 2654 ad

1040 2675 1186 2712 Aelian.
1215 2676 1260 2712 N.
1289 2674 1337 2710 A.
1367 2674 1396 2721 1,
1427 2673 1479 2714 58
1507 2671 1554 2710 de
1573 2673 1689 2711 verbo

1040 2726 1346 2785 περιλαμβάνειν
1365 2729 1526 2770 conferri
1550 2735 1688 2781 potest.
