1879 3222
549 179 1010 218 CALLIOPE.

1067 182 1084 217 1
1093 182 1144 218 X.
1391 182 1475 222 331

227 289 410 336 διδόναι,
439 287 518 344 τήν
545 303 588 330 τε
621 290 705 343 γῆν
734 285 880 330 αὐτῶν
910 288 1114 344 ἔταμνον,
1140 290 1214 333 καὶ
1242 287 1476 346 προσέβαλ-

92 349 159 395 87
229 361 308 400 λον
345 355 450 409 πρὸς
491 354 540 398 τὸ
567 360 713 410 τεῖχος.
769 355 855 398 Καὶ
886 355 940 398 οὐ
977 357 1059 412 γάρ
1091 358 1305 402 ἐπαύοντο
1336 357 1474 402 σινεό-

230 441 374 480 μενοι,
402 425 569 479 εἰκοστῇ
598 421 734 479 ἡμέρῃ
763 422 871 474 ἔλεξε
899 428 1011 467 τοῖσι
1044 427 1272 480 Θηβαίοισι
1301 431 1474 482 Τιμηγε-

222 494 342 546 νίδης
371 489 491 533 τάδε·
523 489 719 544 ,ξἈνδρες
750 494 943 547 Θηβαῖοι,
974 492 1117 548 ἐπειδὴ
1141 493 1254 536 οὕτω
1276 494 1476 538 δέδοκται

222 564 360 612 ,,τοῖσι
384 558 580 614 ΓΈλλησι,
622 558 678 615 μὴ
721 558 935 615 πρότερον
964 558 1262 617 ἀπαναστῆναι
1301 567 1533 616 πολιορ-ὅο

219 625 426 680 ,,κέοντας
454 626 483 681 ἢ
512 626 684 678 ἐξέλωσι
719 626 885 683 Θήβας,
921 627 951 684 ἦ
977 626 1113 684 ἡμέας
1143 628 1314 672 αὐτοῖσι
1343 645 1478 683 παρα-

219 696 378 746 „cmm
426 699 510 738 νῦν
554 691 616 739 ὧν
653 694 798 752 ἡμέων
826 697 967 739 εἵνεκα
990 700 1059 753 ,γῆ
1088 715 1115 753 η
1144 698 1335 752 Βοιωτίη
1364 697 1478 741 πλέω

190 763 283 818 Ξμὴ
338 761 578 821 ἀναπλήσῃ.
638 763 738 816 ἀλλ’,
783 765 819 806 εἰ
858 764 935 819 μὲν
962 764 1194 821 χρημάτων
1230 766 1479 820 χρηίζοντες

218 829 472 887 ,,προ’σχημα
510 831 643 887 ἡμέας
679 832 948 884 ἐξαιτέονται,
992 831 1190 889 χρήματά
1221 844 1300 889 σφι
1332 834 1475 888 δῶμεν
1491 838 1535 874 65

218 898 293 950 ,,ἐκ
331 903 412 941 τοῦ
448 904 629 944 κοινοῦ·

690 899 774 943 σύν
801 901 884 956 γὰρ
913 904 974 958 τῷ
1004 905 1138 959 κοινῷ
1168 900 1240 944 καὶ
1279 900 1480 957 ἐμηδίσα-

188 971 339 1021 3,,μεν,
362 965 464 1010 οὐδὲ
483 972 640 1023 μοῦνοι
668 966 804 1023 ἡμέες.
836 970 873 1010 εἰ
903 970 948 1011 δὲ
977 967 1121 1024 ἡμέων
1151 967 1350 1023 ἀληθέως
1381 969 1475 1013 δεό-

218 1047 369 1088 ,,μενοι
406 1037 732 1090 πολιορκέουσι,
788 1035 910 1091 ἡμεῖς
938 1034 1071 1091 ἡμέας
1092 1034 1254 1087 αὐτοὺς
1289 1036 1331 1086 ἐς
1362 1034 1477 1080 ἀντι-

189 1103 402 1157 4,,λογίην
430 1104 708 1158 παρέξομεν.“
738 1104 891 1157 Κάρτα
920 1119 964 1146 τε
994 1104 1111 1155 ἔδοξε
1144 1097 1194 1146 εὖ
1226 1102 1371 1159 λέγειν,
1403 1106 1476 1147 καὶ

217 1169 260 1221 ἐς
288 1170 468 1226 καιρόν·
520 1169 674 1216 αὐτίκα
715 1187 760 1215 τε
798 1170 1168 1228 ἐπεκηρυκεύοντο
1211 1170 1320 1226 πρὸς
1356 1174 1480 1214 Παυ-

164 1355 226 1393 Ad
259 1358 459 1406 particulas
493 1351 596 1395 οὕτω
634 1351 684 1406 δή
717 1355 820 1392 conf.

166 1411 215 1449 ad
230 1414 299 1461 ΙΧ,
320 1416 356 1453 6.

322 1502 413 1553 cap.
427 1501 660 1538 LXXXVII.

221 1578 459 1632 σινεόμενοι]
486 1582 542 1616 Ita
563 1580 752 1617 Sancrofti
770 1580 820 1616 li-

164 1637 244 1676 ber.
276 1639 399 1687 Vulgo
421 1632 635 1688 σινόμενοι.
657 1636 819 1674 Cf.nott.

164 1693 213 1730 ad
231 1696 300 1741 IX,
325 1697 387 1734 13.

219 1750 324 1789 πλέω
365 1745 418 1801 μὴ
463 1744 695 1804 ἀναπλήσῃ]
738 1750 819 1786 scil.

165 1803 282 1847 κακά.
317 1807 425 1843 conf.
446 1807 490 1854 V,
503 1804 540 1845 4.
562 1807 630 1851 VI,
649 1809 712 1853 12,
733 1819 821 1843 mo-

165 1870 279 1899 nente
300 1862 531 1912 Schweigli„
554 1864 620 1914 qui
639 1863 690 1899 sic
702 1864 822 1899 inter-

166 1926 351 1969 pretatur:
392 1933 485 1957 nunc
509 1923 632 1957 nostra
654 1932 765 1956 causa
782 1933 822 1956 ne

164 1976 269 2025 plura
307 1989 410 2025 porro
461 1977 628 2025 patiatur
672 1975 821 2013 Boeotia

167 2037 269 2068 terra.
294 2032 708 2068 linitam-locutionem
717 2034 821 2068 Pau-

166 2090 288 2125 sanias
308 2089 357 2135 Χ,
380 2090 432 2127 28
450 2089 486 2132 ξ.
509 2090 583 2137 2p.
606 2089 700 2127 867.
758 2088 821 2125 Ad

166 2157 327 2196 sequens
348 2140 555 2194 πρόσχημα
576 2144 625 2180 cf.
654 2144 717 2191 IV,
742 2147 820 2185 167

166 2202 295 2253 ibique
324 2207 418 2238 nott.
451 2207 487 2236 et
519 2198 567 2236 ad
602 2196 646 2239 τό
681 2197 821 2240 κοινὸν

167 2265 262 2295 nott.
284 2257 331 2294 ad
353 2258 432 2303 Vll,
453 2254 544 2297 144.

225 2312 300 2353 συν
322 2311 395 2367 γὰρ
415 2316 470 2366 τῷ
491 2314 614 2365 κοινῷ
637 2311 704 2352 καὶ
725 2311 823 2363 ἐμη-

169 2370 363 2420 δίσαμεν]
401 2369 463 2406 Ad
488 2370 715 2406 intensivam
742 2371 822 2406 vim

168 2428 372 2478 particulae
391 2424 458 2465 καὶ
478 2424 619 2462 attendi
643 2427 747 2463 iubet
765 2427 823 2463 vir

171 2483 302 2521 doctus
330 2485 369 2519 in
408 2481 681 2533 Schulzeitung
716 2484 817 2522 1831

171 2554 228 2578 nr.
253 2543 331 2581 122
359 2554 398 2590 p.
429 2542 521 2585 970,
556 2539 622 2575 ubi
649 2545 822 2575 nostrum

172 2598 300 2634 locum
342 2596 545 2633 vernacule
587 2596 638 2632 sic
678 2594 820 2632 reddit:

173 2653 290 2701 „devm
326 2655 389 2690 mit
414 2651 730 2689 Einversmml1ziss
765 2652 823 2689 des

175 2711 437 2748 Gemeinwesens
468 2709 578 2746 haben
607 2710 671 2745 wir
705 2721 739 2745 es
766 2709 787 2755 j
801 2722 824 2745 a

177 2762 319 2818 (eben
359 2767 512 2817 aucle)
547 2767 609 2803 mit
644 2765 710 2802 den
743 2763 825 2803 Me-

877 1354 963 1391 dern
993 1354 1194 1402 gelialtenf‘
1252 1355 1310 1389 De
1344 1353 1424 1404 ipsa
1461 1354 1536 1390 loci

875 1411 1059 1447 sententia
1070 1412 1120 1447 sic
1140 1409 1368 1446 Wesselin
1378 1421 1437 1458 g.:
1456 1411 1537 1446 Ae-

876 1467 1056 1518 quissima
1076 1467 1290 1517 postulatio,
1311 1467 1340 1502 si
1356 1466 1536 1516 professio

873 1524 1031 1560 veritate
1058 1523 1267 1562 fulciretur.
1337 1524 1409 1568 Qui
1444 1525 1537 1560 citra

874 1579 1050 1615 fraudem
1086 1587 1122 1616 et
1151 1579 1284 1616 dolum
1307 1580 1536 1629 reipublicae

876 1637 1090 1681 consulunt,
1110 1637 1269 1686 impune
1289 1636 1359 1671 illis
1377 1649 1454 1672 esse
1468 1635 1537 1672 de-

875 1693 963 1740 bet,
1003 1692 1156 1744 quando
1189 1706 1246 1729 res
1275 1694 1393 1729 secius
1423 1692 1537 1730 cadit.

875 1750 976 1786 Nam
1005 1751 1150 1786 consilii
1176 1749 1325 1786 datores
1353 1750 1401 1786 ob
1419 1763 1536 1787 even-

876 1813 972 1853 tum,
1005 1820 1119 1858 quem
1140 1813 1328 1857 praestare
1348 1819 1427 1842 non
1448 1819 1539 1856 pos-

876 1870 975 1909 sunt,
1003 1864 1187 1913 plectere,
1210 1875 1447 1914 quamquam
1467 1864 1538 1899 tri-

877 1926 950 1956 stes
970 1919 1337 1970 istiusmodipoenae
1358 1920 1395 1954 in
1415 1932 1537 1955 anna—

878 1977 974 2012 libus
994 1977 1133 2026 plures,
1166 1989 1186 2012 a
1218 1977 1373 2012 consilio
1396 1975 1535 2024 dando,

877 2045 927 2067 ne
948 2032 1050 2068 aliud
1068 2032 1272 2082 adponam,
1294 2033 1428 2068 merito
1451 2045 1537 2069 om-

877 2100 943 2123 nes
957 2087 1170 2124 deterrebit.
1181 2089 1367 2137 Egregiae
1378 2088 1425 2124 ad
1437 2087 1535 2125 hanc

875 2157 958 2179 rem
978 2143 1284 2195 Bynkershoekii
1297 2145 1445 2188 Quaest.
1458 2147 1536 2183 Iur.

876 2201 989 2237 Publ.
1019 2202 1064 2248 11,
1087 2204 1113 2241 2
1135 2200 1411 2252 disquisitiones
1435 2208 1534 2241 sunt.

878 2255 959 2294 Sed
991 2255 1130 2294 horum
1161 2258 1278 2294 oratio
1308 2258 1474 2294 infucata
1499 2265 1536 2295 et

878 2326 990 2350 causa
1035 2312 1159 2364 dispar
1198 2321 1264 2351 est.
1335 2315 1536 2351 Civitatem

877 2369 1107 2407 Thebanam
1119 2384 1328 2421 paucorum
1339 2384 1536 2421 oppresse-

877 2434 962 2464 rant
990 2426 1199 2475 dominatu,
1238 2429 1474 2480 invitamque
1493 2431 1533 2465 in

877 2484 1082 2520 factionem
1102 2485 1373 2534 compulerant.
1430 2486 1534 2522 Haec

877 2539 953 2577 fide
976 2542 1184 2577 Pausaniae
1205 2542 1274 2588 IX,
1296 2544 1320 2581 6
1343 2542 1379 2586 §.
1404 2542 1534 2581 1.“-—

877 2599 922 2633 In
937 2611 1042 2649 seqq.
1069 2596 1116 2633 ad
1136 2597 1367 2634 locutionem
1388 2596 1426 2644 ἐς
1444 2613 1533 2637 και-

880 2650 953 2705 ρόν
974 2654 1074 2692 conf.
1093 2654 1157 2701 IV,
1181 2656 1271 2702 139,
1290 2655 1419 2706 ibique
1438 2662 1534 2693 nott.

881 2716 918 2745 et
948 2708 994 2746 de
1028 2710 1144 2747 verbo
1176 2707 1535 2764 ἐπικηρυκεύεσθαι

879 2773 976 2805 nott.
996 2765 1044 2804 ad
1064 2767 1128 2817 vl,
1150 2769 1219 2808 97.

1530 367 1569 396 ad
1593 376 1718 404 poenam
1743 372 1805 395 tra-

1530 402 1611 439 dant,
1619 401 1807 438 compellunt.
