1996 3238
121 1165 187 1210 20

623 181 979 217 URANIA.
1038 180 1164 218 VIII.
1459 181 1515 220 25

250 290 438 345 τύπερθε
477 288 701 346 γενέσθαι,
736 287 1012 331 ἐλαυνόντων
1039 293 1127 331 τῶν
1156 289 1368 345 Εὐβοέων
1397 288 1512 343 πρό-
1525 295 1587 329 35’

251 361 362 413 βατα
391 357 459 399 ἐπὶ
488 356 568 413 τὴν
596 358 846 407 θάλασσαν,
876 356 1009 412 ταύτῃ
1031 359 1234 410 συλλέξας
1251 359 1354 409 τούς
1385 370 1514 412 στρα-

252 424 421 479 τηγοΰς,
463 425 574 480 ἔλεγέ
606 437 707 480 σφι,
754 423 809 475 ὡς
841 426 986 468 δοκέοι
1017 424 1126 480 ἔχειν
1166 426 1261 468 τινὰ
1294 423 1509 480 παλάμην,

253 497 306 548 τῇ
336 492 498 545 ἐλπίζοι
515 496 602 536 τῶν
632 492 832 549 βασιλέος
863 491 1101 548 συμμάχων
1131 491 1391 548 ἀποστήσειν
1412 491 1517 543 τούς

225 567 245 599 fi’
259 558 477 612 ἀρίστους.

538 565 677 604 ταῦτα
708 561 786 615 μέν
816 577 900 604 νυν
930 561 971 610 ἐς
1002 565 1189 603 τοσοῦτο
1220 561 1517 616 παρεγύμνου.

253 626 321 669 ἐπὶ
353 628 397 670 δὲ
427 634 540 672 τοῖσι
569 628 807 684 κατήκουσι
836 627 1057 684 πρήγμασι
1086 628 1187 672 τάδε
1223 629 1403 684 ποιητέα
1442 640 1521 683 σφι
1534 631 1578 668 4ο

254 692 367 737 εἶναι
397 696 527 750 ἔλεγε·
570 701 658 740 τῶν
688 714 732 740 τε
772 696 1007 753 προβάτων
1038 702 1123 739 τῶν
1153 694 1412 752 Εὔβοεικῶν
1446 714 1519 738 κα-

253 764 436 806 ταθύειν
457 764 537 807 ὅσα
557 782 621 816 τις
643 766 804 809 ἐθέλοι·
835 765 1018 819 κρέσσον
1036 765 1118 821 γάρ
1143 761 1252 806 εἶναι
1283 765 1362 820 τήν
1393 775 1519 816 στρα-

253 830 353 887 τιὴν
383 832 516 887 ἔχειν,
546 833 575 888 ἢ
614 834 717 884 τοὺς
758 836 1014 888 πολεμίους·
1052 831 1261 885 παραίνεέ
1301 849 1345 874 τε
1376 848 1521 887 προει-

225 905 358 942 ὃπεῖν
387 906 500 943 τοῖσι
529 901 706 944 ἑωυτῶν
740 901 950 952 ἑκάστους
979 906 1068 956 πῦρ
1103 901 1337 943 ἀνακαίειν.

1397 917 1522 953 κομι-

256 969 333 1023 ὂῆς
362 968 407 1012 δὲ
438 969 533 1023 πέρι
562 969 642 1025 τήν
672 969 792 1024 ὤρην
813 969 931 1027 αὐτῷ
961 968 1172 1025 μελήσειν,
1207 967 1314 1011 ὥστε
1347 966 1520 1017 ἀσινέας
1533 969 1577 1007 45

257 1034 491 1080 ἀπικέσθαι
522 1038 564 1089 ἐς
594 1037 671 1094 τὴν
695 1037 902 1080 *Ελλάδα

960 1041 1097 1081 ταῦτα
1126 1037 1252 1093 ἤρεσέ
1293 1048 1372 1091 σφι
1404 1034 1522 1078 ποιέ-

257 1117 335 1146 ειν·
365 1105 437 1148 καὶ
468 1105 624 1150 αὐτίκα
648 1110 735 1160 πῦρ
768 1105 1134 1163 ἀνακαυσάμενοι,
1159 1103 1395 1159 ἐτράποντο
1413 1101 1524 1157 πρός

257 1171 311 1214 τοὶ
341 1172 552 1230 πρόβατα.

256 1367 485 1424 κατύπερθε
522 1370 729 1424 γενέσθαι]
770 1372 796 1409 i.
827 1385 861 1408 e.

201 1430 393 1477 superiores
405 1431 493 1480 fieri
513 1430 670 1479 reliquiS,
700 1437 743 1466 ut
762 1430 861 1477 Vlll,

202 1486 268 1523 60.
300 1485 367 1525 75.
402 1488 478 1525 136
517 1487 602 1525 coll.
644 1487 725 1533 VII,
763 1489 858 1526 233.

200 1542 334 1591 Itaque
367 1542 471 1578 idem
500 1543 579 1579 fere
608 1544 709 1580 valet
749 1549 864 1594 atque

201 1601 372 1649 κρατεῖν.

242 1652 422 1722 ταύτῃ
446 1653 680 1705 συλλέξας]
670 1671 694 1696 1.
708 1671 740 1693 e.
755 1671 864 1707 παρα

202 1723 278 1761 την
293 1708 515 1760 θάλασσαν,
546 1713 593 1750 ad
619 1715 732 1764 ipsum
754 1726 862 1761 mare,

203 1767 279 1819 quii
300 1769 355 1804 illi
375 1770 539 1819 agebant
559 1783 659 1819 oves,
682 1772 783 1821 cogit
795 1784 866 1806 ex-

203 1826 339 1862 ercitus
359 1825 485 1866 duces.
545 1829 645 1865 Hinc
665 1829 766 1864 male
778 1829 866 1879 qui-

203 1880 294 1918 dam
317 1882 438 1920 Codd.
460 1880 619 1935 ταύτην.
639 1906 695 1912 —
715 1887 757 1921 In
774 1897 867 1935 pro-

202 1940 308 1975 xime
323 1953 429 1992 seqq.
451 1938 642 1992 παλάμην
660 1941 865 1978 affertSui-

206 1994 271 2031 das
302 1998 354 2031 111
382 2011 419 2047 p.
443 1997 467 2038 5
490 2011 685 2048 exponens
712 1998 866 2048 τέχνην.

205 2053 371 2099 Rectius,
394 2055 540 2104 opinor,
556 2054 866 2105 Schweighaeus.

205 2110 247 2145 in
276 2109 378 2145 Lex.
419 2110 561 2148 Herod.
601 2112 870 2161 interpretatur

207 2178 331 2202 ansam
365 2172 402 2202 et
425 2169 635 2204 occasionem
665 2169 742 2204 sive
774 2169 869 2204 viam

209 2229 248 2259 et
288 2224 459 2260 rationem
501 2222 680 2273 efficiendi
714 2224 867 2274 aliquid.

209 2279 268 2317 Cf.
301 2277 482 2330 Theogn.
511 2279 605 2320 634.
640 2283 734 2321 996.
794 2282 870 2316 Pro

210 2337 404 2388 βασιλῆος
430 2338 601 2386 rescripsi
623 2335 813 2388 βασιλέος.

265 2395 390 2431 ταῦτα
426 2392 498 2444 μέν
536 2408 612 2433 νυν
642 2393 681 2439 ἐς
706 2396 870 2433 τοσοῦτο

208 2446 493 2500 παρεγύμνου]
524 2451 549 2486 i.
583 2464 617 2487 e.
649 2454 680 2487 et
710 2451 770 2487 hoc
793 2452 873 2499 qui-

211 2506 288 2543 dem
310 2519 378 2543 non
399 2508 470 2543 nisi
489 2507 659 2544 hactenus
683 2510 820 2557 aperuit
829 2509 874 2543 iis

211 2561 423 2612 (ducibus).
479 2562 542 2600 Ad
558 2565 720 2601 verbum
745 2578 875 2613 παρα-

209 2621 392 2672 γυμνοῦν
415 2620 682 2669 cons.I,126.
740 2619 801 2656 Ad
813 2621 873 2656 lo-

211 2678 406 2713 cntionem
427 2676 466 2723 ές
480 2679 645 2717 τοσοῦτο
665 2675 742 2714 vid.
763 2677 875 2713 allata

212 2731 262 2769 ad
287 2733 368 2781 VII,
389 2736 456 2774 99.
475 2754 528 2762 ·-·
562 2736 608 2770 In
627 2747 733 2786 seqq.
758 2734 874 2771 verba

214 2787 280 2829 ἐπὶ
305 2793 408 2830 τοῖσι.
427 2787 645 2843 κατήκουσι
669 2802 873 2844 πρηγμασι

610 1176 663 1218 Οἱ
690 1175 771 1231 γάρ
802 1173 996 1232 Εὐβοέες
1034 1172 1417 1230 παραχρησάμενοι
1445 1169 1524 1213 τὸν

917 1372 1069 1410 valent:
1091 1373 1130 1409 in
1148 1371 1330 1423 praesenti
1347 1380 1460 1407 rerum
1472 1370 1581 1404 statu.

920 1429 1031 1470 conf.
1051 1436 1129 1466 not.
1151 1428 1199 1465 ad
1221 1429 1264 1476 V,
1286 1427 1353 1467 49.

979 1499 1052 1535 σφι
1075 1482 1175 1524 εἶναι
1197 1483 1324 1535 ἔλεγε]
1371 1482 1427 1517 Ita
1450 1493 1470 1516 e
1491 1480 1583 1515 Flo-

921 1550 1017 1581 rent.
1039 1549 1236 1592 receptum
1263 1552 1331 1591 pro
1363 1538 1455 1587 vulg
1479 1533 1584 1575 εἶναί

921 1613 1006 1648 σφι.
1063 1600 1126 1635 Ex
1147 1611 1222 1650 quo
1245 1596 1382 1633 eodem
1409 1606 1502 1630 mox
1522 1607 1585 1629 re-

920 1659 1088 1709 positum
1117 1650 1335 1694 καταθύειν
1360 1649 1434 1691 όσα
1465 1666 1523 1696 τις
1545 1648 1585 1688 έ-

920 1714 1048 1762 θέλοι,
1079 1714 1145 1750 ubi
1165 1713 1281 1761 vulgo
1305 1706 1379 1749 όσα
1409 1723 1467 1754 τις
1492 1705 1585 1746 ἐθέ-

921 1775 983 1811 λοι
1000 1765 1234 1809 καταθύειν.
1284 1764 1465 1803 Matthiae
1477 1771 1586 1800 utro-

923 1842 997 1881 que
1039 1828 1123 1864 loco
1170 1826 1368 1875 vulgatam
1419 1822 1584 1858 retinuit.

921 1888 1052 1936 Ipsum
1070 1879 1303 1928 καταθύειν,
1324 1883 1498 1926 mactare,
1519 1879 1586 1914 vix

923 1944 1089 1980 multum
1123 1940 1248 1977 (ΙῙῙΓειῒ
1270 1952 1291 1974 a
1312 1937 1473 1987 simplici
1503 1931 1587 1972 θύ-

925 2015 983 2039 ειν
1015 2000 1044 2046 Ι,
1078 2001 1173 2038 216
1209 1995 1342 2043 11‚42
1374 1994 1459 2030 coll.
1503 1992 1586 2037 VII,

927 2059 1019 2096 197.
1050 2057 1125 2091 Pro
1140 2049 1372 2103 Εὕβοεικῶν
1386 2049 1461 2086 duo
1473 2046 1587 2084 codd.

927 2108 1160 2161 Εὐβοϊκῶν.
1218 2110 1270 2145 At
1306 2108 1407 2144 conf.
1427 2106 1493 2153 111,
1515 2106 1582 2144 89.

925 2169 1008 2215 Vll,
1034 2169 1124 2207 192.

983 2226 1063 2274 πῦρ
1099 2217 1334 2267 ἀνακαίειν]
1365 2216 1452 2254 Vid.
1491 2222 1589 2252 nott.

929 2280 976 2317 ad
997 2278 1170 2327 1v‚145.
1228 2279 1269 2313 In
1288 2276 1461 2339 proxime
1481 2286 1590 2325 seqq.

927 2353 999 2387 την
1027 2334 1137 2386 ω’ρην
1169 2329 1274 2387 αὐτῷ
1312 2349 1355 2383 με
1343 2327 1498 2381 ελήσειν
1524 2343 1591 2366 ea-

930 2394 1020 2431 dem
1041 2393 1142 2431 valet
1177 2397 1380 2436 stiuctuxa,
1403 2400 1550 2439 quam
1540 2384 1589 2422 ad

929 2452 992 2498 V‚1
1016 2453 1068 2491 63
1102 2448 1396 2486 οῐιεεινωίιιιιιε.
1436 2458 1510 2494 την
1537 2439 1592 2481 ω’-

931 2522 1006 2559 ρην
1038 2506 1084 2543 de
1113 2510 1258 2556 tempore
1288 2501 1365 2553 (ad
1398 2500 1590 2547 reditum)

932 2564 1104 2602 commodo
1140 2562 1295 2612 accipio.
1355 2558 1591 2605 Conf.v,111

931 2625 997 2662 12.
1021 2617 1086 2661 14.

1150 2708 1243 2759 cap.
1279 2707 1371 2745 XX.

988 2783 1338 2842 παραχρησάμενοι
1371 2782 1442 2826 τόν
1471 2781 1594 2825 Βάκι-

1570 323 1655 349 lictus

1570 288 1626 314 hoo
1611 296 1647 314 a
1665 291 1777 315 tomen-n
1800 297 1843 313 rc*

1644 331 1666 356 s,
1687 331 1723 349 ne
1743 323 1812 348 Ροε-
1801 331 1847 349 -1-

1570 366 1594 384 τι
1597 366 1634 383 nn
1661 364 1704 390 pr
1699 355 1773 383 neda

1571 391 1598 418 fi
1596 395 1654 421 un
1676 389 1731 425 ipsi
1750 388 1823 417 diri

1568 427 1668 462 pium:
