1879 3222
491 166 573 207 324

889 159 1338 198 HERODOTI

491 285 563 317 σαι
600 271 702 321 τούς
744 285 787 313 τε
827 268 1098 324 ἀρτοκόπους
1125 269 1197 312 καὶ
1225 267 1329 319 τούς
1360 265 1602 319 ὀψοποιούς
1628 267 1734 310 κατὰ

487 338 623 383 ταῦτα
670 337 816 388 καθώς
863 340 1104 394 Μαρδονίῳ
1161 339 1337 380 δεῖπνον
1386 333 1734 389 παρασκευάζειν.

461 406 555 457 Ξως
594 406 638 449 δὲ
677 405 949 460 κελευόμενοι
986 406 1108 447 οὑτοι
1147 403 1320 447 ἐποίευν
1348 408 1503 453 ταῦτα,
1544 402 1737 445 ἐνθαῦτα

484 474 561 518 τὸν
603 474 878 528 Παυσανίην,
919 471 1066 515 ἰδόντα
1103 471 1248 520 κλίνας
1276 487 1319 514 τε
1348 471 1530 526 χρυσέας
1559 469 1632 512 καὶ
1660 467 1737 523 οἷρ-

486 539 643 597 γυρέας
673 541 721 582 εὑ
753 539 1037 622 ἐστρωμένας,
1068 537 1139 580 καὶ
1169 539 1376 591 τραπέζας
1399 554 1441 580 τε
1471 537 1650 593 χρυσέας
1667 536 1793 579 καὶ95

488 606 728 662 αργυρέας,
779 609 852 651 καὶ
880 604 1158 661 παρασκευήν
1186 605 1505 659 μεγαλοπρεπέα
1544 609 1622 648 τοῦ
1657 605 1738 647 δεί-

489 690 626 726 πνου,
665 674 924 730 ἐκπλαγέντα
961 674 1013 717 τὰ
1042 673 1303 726 προκείμενα
1332 671 1496 727 ἀγαθοὶ,
1541 676 1738 716 κελεῦσαι

488 742 557 785 ἐπὶ
595 742 746 796 γέλωτι
783 745 884 793 τούς
924 743 1091 786 ἑωυτοῦ
1141 738 1369 794 διηκόνους
1413 739 1738 793 παρασκευάσαι

461 810 752 852 3Λακωνικόν
781 812 968 852 δεῖπνον.
1029 806 1086 858 ὠς
1116 806 1161 850 δὲ
1189 810 1265 862 τῆς
1304 807 1458 860 θοίνης
1487 809 1740 862 ποιηθείσης

489 875 544 932 ἦν
573 876 736 918 πολλόν
765 876 812 919 τό
844 877 990 930 μέσον,
1019 874 1096 918 τόν
1129 876 1385 929 Παυσανίην
1406 873 1645 928 γελάσαντα
1673 889 1742 928 με·

489 943 796 998 ταπέμψασθαι
825 948 912 986 τῶν
936 941 1151 998 Ἑλλήνων
1186 941 1288 992 τούς
1318 939 1602 996 στρατηγούς·
1634 946 1768 983 συν-1

491 1010 711 1054 ελθόντων
727 1011 770 1053 δὲ
784 1011 983 1061 τουτέων,
1007 1011 1138 1052 εἰπεῖν
1162 1008 1239 1052 τὸν
1261 1010 1532 1063 Παυσανίην,
1547 1007 1743 1051 δεικνύν-

463 1084 547 1122 4τα
577 1078 619 1128 ἐς
650 1078 854 1134 ἑκατέρην
885 1081 964 1120 τοῦ
996 1078 1173 1119 δείπνου
1202 1077 1280 1131 τὴν
1299 1066 1600 1130 παρασκευήν·
1630 1075 1743 1128 ,ξἈν-

490 1148 617 1200 ,,δρες
636 1144 860 1201 “Ἐλληνες,
889 1146 1024 1187 τῶνδε
1048 1145 1187 1187 εἵνεκα
1217 1143 1298 1198 ἐγώ
1326 1142 1459 1198 ὑμέας
1483 1144 1743 1198 συνήγαγον,

491 1212 781 1269 »βουλόμενος
809 1212 915 1268 ὑμῖν
943 1213 1069 1255 τοῦδε
1097 1214 1176 1254 τοῦ
1205 1211 1377 1266 Μήδων
1419 1209 1630 1266 ἡγεμόνος
1664 1210 1772 1265 τηνό

493 1280 781 1337 ,,ἆφροσύνην
811 1280 968 1332 δεῖξαι·
1014 1278 1062 1329 ὂς
1092 1277 1264 1334 τοιήνδε
1294 1281 1463 1322 δίαιταν
1492 1278 1610 1333 ἔχων,
1639 1273 1746 1334 ἦλθε

493 1349 565 1400 ,,ἒς
603 1347 738 1403 ἡμέας
779 1346 894 1390 οὕτω
934 1345 1110 1403 ὀϊζυρὴν
1140 1347 1314 1401 ἔχοντας
1345 1344 1704 1401 ἀπαιρησόμενος.
1718 1347 1744 1370 “

494 1551 589 1601 τούς
610 1569 649 1593 τε
662 1549 909 1606 ἀρτοκόπους
922 1552 988 1593 καὶ
1000 1551 1094 1600 τούς

439 1606 694 1659 ὄψοποιούς]
726 1608 867 1647 Athen.
891 1610 913 1648 l.
936 1611 961 1649 l.
982 1623 1095 1660 prae-

437 1666 501 1702 bet
541 1661 802 1716 ἄρτοττοιούςε
859 1677 955 1714 quae
993 1664 1095 1700 haud

439 1734 523 1758 rara
545 1729 599 1758 est
619 1721 810 1767 confusio3
854 1720 901 1756 cf.
933 1728 1025 1757 nott.
1048 1719 1096 1757 ad

439 1780 470 1825 I,
488 1778 556 1818 51.
613 1779 824 1827 Utrumque
852 1789 994 1812 nomeu
1020 1778 1097 1812 sre-

442 1835 617 1885 quentius
663 1833 845 1882 coniungi
887 1839 1098 1869 monstrant

443 1890 553 1926 allata
573 1891 619 1926 ab
639 1890 846 1939 interprett.
865 1888 1098 1927 ThomMa-

443 1947 548 1996 gistr.
565 1960 601 1997 p.
627 1948 703 1986 113
725 1959 828 1996 seqq.
850 1946 1005 1996 ipsaque
1027 1944 1097 1982 do-

445 2009 505 2040 cet
524 2015 593 2040 res.
616 2022 672 2029 —
718 2003 811 2038 Mox
831 2015 850 2037 e
871 2001 981 2038 codd.
1003 2014 1097 2038 con-

443 2070 556 2096 sensu
587 2059 761 2093 revocavi
799 2054 950 2104 καθώς,
990 2059 1096 2093 cuius

440 2116 526 2150 loco
550 2111 798 2161 Schaeferus,
828 2126 942 2164 quem
961 2111 1096 2149 Matth.

441 2170 622 2222 sequitur,
644 2167 865 2206 exhibuerat
884 2169 963 2208 καί.
978 2191 1033 2196 -
1053 2171 1097 2205 In

442 2239 549 2277 seqq.
581 2224 629 2262 ad
658 2224 894 2277 ἐκπλαγέντα
920 2226 968 2262 cf.
1002 2232 1097 2261 nott.

444 2281 494 2319 ad
514 2282 596 2329 Vll,
633 2284 706 2323 181
747 2288 783 2318 et
813 2281 860 2318 ad
895 2281 1098 2317 formulam

445 2336 510 2378 ἐπὶ
540 2337 674 2390 γέλωτι
703 2336 838 2374 Matth.
868 2338 933 2373 Gr.
966 2339 1030 2374 Gr.
1061 2338 1098 2382 ξ.

446 2394 527 2434 586
548 2409 570 2445 γ
604 2407 641 2445 Ρ.
670 2396 789 2435 1167.
827 2392 927 2433 Add.
956 2392 1100 2434 Herod.

446 2450 597 2497 V1‚67.

502 2507 556 2555 ἠν
591 2501 736 2544 πολλου
778 2520 821 2544 το
844 2503 981 2554 μέσον]
1012 2505 1100 2542 Am-

444 2559 541 2608 plum
572 2561 754 2598 discrimen
787 2561 908 2599 reddit
935 2563 991 2598 W
994 2563 1098 2600 essel.

449 2616 567 2652 citans
582 2616 722 2654 Herod.
742 2618 771 2664 Ι,
796 2621 886 2658 126.
928 2617 1100 2668 Euripid.

449 2670 588 2707 Alcest.
615 2673 706 2711 914.
737 2675 790 2710 Ιο.
825 2673 1013 2726 Chrysost.
1037 2676 1100 2711 Or.

449 2727 506 2763 De
528 2728 711 2776 Evangel.
732 2730 895 2770 Prosect.
917 2732 968 2770 T.
989 2732 1042 2768 Ill
1060 2744 1098 2782 p.

1151 1556 1239 1595 302,
1254 1553 1293 1591 C.
1306 1553 1389 1590 coll.
1410 1550 1605 1589 Heliodor.
1623 1548 1801 1600 Aethiop.

1151 1609 1220 1646 VII
1249 1622 1334 1659 pag.
1357 1612 1435 1649 318
1466 1610 1544 1658 [cp.
1574 1608 1641 1655 16]
1664 1613 1700 1643 et
1719 1607 1802 1642 Ab-

1151 1664 1271 1705 resch.
1296 1667 1417 1700 Lectt.
1447 1666 1686 1700 Aristaenett.
1713 1675 1803 1713 pag.

1151 1723 1246 1760 249,
1279 1740 1332 1747 —
1377 1721 1469 1756 Mox
1499 1721 1640 1756 restitui
1679 1718 1802 1757 εἰπεῖν

1152 1789 1219 1826 pro
1256 1772 1382 1822 εἶπαί,
1423 1783 1464 1812 ut
1494 1789 1576 1826 cap.
1613 1774 1679 1816 84.
1719 1772 1803 1813 vid.

1151 1839 1247 1871 nott.
1272 1831 1320 1868 ad
1345 1833 1443 1879 VIII,
1465 1832 1532 1872 65.

1208 1888 1324 1927 τοῦδε
1359 1890 1432 1926 τοῦ
1461 1886 1623 1938 Μήδων
1657 1880 1805 1937 ’ἡγεμό-

1153 1943 1242 1994 νος]
1271 1947 1327 1981 Ita
1351 1943 1438 1980 dedi
1466 1956 1554 1980 cum
1574 1940 1806 1992 Schweigh.‚

1152 2001 1269 2040 Gaisf.
1298 2007 1335 2037 et
1362 2000 1592 2050 Wesseliug.
1623 1999 1706 2050 (qui
1732 1997 1807 2034 du-

1153 2056 1246 2093 dum
1260 2058 1311 2092 ita
1340 2056 1494 2092 iusserat
1521 2057 1561 2091 iu
1590 2056 1687 2091 Diss.
1727 2055 1808 2090 He-

1152 2111 1274 2149 rodot.
1296 2113 1381 2148 VIII
1400 2125 1433 2148 ¹5.
1453 2111 1518 2147 fin.
1538 2124 1576 2161 p.
1593 2112 1645 2151 89
1665 2109 1810 2162 seqq.),

1154 2169 1266 2205 libros
1299 2169 1453 2218 scriptos
1473 2174 1643 2214 secutus,
1678 2179 1699 2202 e
1726 2167 1809 2217 qui-

1155 2226 1224 2261 bus
1253 2237 1349 2260 uuus
1381 2223 1569 2262 Sancrosti
1597 2221 1719 2260 codex
1740 2221 1806 2259 ha·

1155 2281 1219 2316 bet
1250 2277 1403 2330 Μηδου
1425 2276 1621 2333 ηγεμόνος
1642 2286 1678 2315 et
1697 2277 1809 2315 Aldi-

1154 2349 1204 2372 na
1242 2336 1429 2386 βασιλῆος
1473 2349 1541 2387 pro
1600 2331 1808 2387 ηγεμόνος.

1154 2391 1264 2429 Unde
1296 2391 1542 2440 Schaeferus,
1591 2403 1705 2444 quem
1745 2403 1807 2427 se-

1155 2455 1324 2500 quuntur
1358 2447 1492 2487 matth.
1541 2455 1577 2485 et
1625 2444 1807 2493 Bekker„

1157 2504 1311 2542 dederat
1346 2507 1419 2544 τοῦ
1449 2499 1622 2555 Μήδου,
1652 2503 1805 2554 reliquis

1155 2562 1310 2600 vocibus
1326 2562 1481 2598 omissis.

1213 2617 1397 2667 δίαιταν]
1439 2617 1600 2653 Omnem
1648 2612 1806 2650 iudicari

1157 2687 1298 2711 coenae
1345 2673 1515 2710 Persicae
1572 2677 1806 2721 apparatum,

1156 2743 1235 2768 uon
1273 2730 1375 2768 cibos
1413 2734 1582 2777 tantum,
1620 2726 1686 2764 sed
1719 2738 1806 2766 vasa
