1879 3222
92 982 157 1027 13

561 199 1022 236 CALLIOPE.

1080 199 1160 236 IX.
1397 196 1480 238 221

232 309 489 354 Παυσανίεω
518 305 826 364 ἐξεληλυθότας
856 306 900 350 ἐκ
921 307 1136 363 Σπάρτης,
1166 305 1382 362 πέμπουσι
1407 305 1478 362 κή-
1494 312 1539 347 75

229 396 368 434 ρυκα,
410 379 494 419 τῶν
534 375 854 432 ἡμεροδρόμων
898 371 1155 428 ἀνευρόντες
1183 375 1261 418 τόν
1290 374 1482 429 ἄριστον,

228 447 272 497 ἐς
300 445 377 502 τὴν
401 442 616 500 Ἀττικήν,
653 444 867 499 πρότερον
898 442 1022 487 αὐτοὶ
1052 445 1295 500 Μαρδονίῳ
1325 442 1482 486 ὑποδε-

194 521 215 555 Ξ
228 513 401 568 ξάμενοι
422 511 593 568 σχήσειν
612 512 690 556 τόν
710 510 987 568 Σπαρτιήτην
1014 509 1071 567 μὴ
1102 510 1267 561 ἐξιέναι.

1327 509 1371 561 ὃς
1392 510 1482 554 ἐπεί

226 597 270 624 τε
300 579 474 623 ἀπίκετο
505 580 548 632 ἐς
578 581 653 632 τοὶς
677 579 889 638 Ἀθήνας,
922 580 1035 635 ἔλεγε
1058 578 1186 622 τάδε·
1217 579 1538 633 ,,Μαρδόνιε,,80

227 647 450 704 ,ἔπεμψάν
480 664 531 704 με
560 647 745 705 Ἀργεῖοι
779 646 1009 705 φράσοντά
1039 664 1123 698 τοι,
1170 645 1237 689 ὅτι
1272 647 1318 689 ἐκ
1348 650 1481 689 Aune-

225 718 463 771 ,,δαίμονος
493 716 719 774 ἐξελήλυθε
747 715 775 773 ἡ
806 715 978 772 νεότης,
1023 715 1096 759 καὶ
1127 712 1185 765 (ὃς
1216 712 1269 757 ου’
1302 714 1483 757 δυνατοὶ

194 782 393 840 3,,αὐτήν
421 787 555 841 ἴσχειν
585 787 666 830 εἰσὶ
702 785 885 840 Ἀργεῖοι
924 783 982 841 μὴ
1023 783 1105 828 οὐκ
1148 782 1315 835 ἐξιέναι.
1373 780 1483 836 πρὸς

223 858 387 906 ,,ταῦτα
416 852 599 910 τύγχανε
633 850 680 898 εὗ
710 852 1073 911 βουλευόμενος.“
1126 853 1176 893 Ὁ
1205 850 1283 907 μὲν
1314 848 1390 906 δὴ,
1421 850 1481 893 εἴ·
1494 852 1538 888 85

227 938 338 974 ,,πας
366 926 526 973 ταῦτα,
565 921 863 965 ἀπαλλάσσετο
893 919 1042 964 ὀπίσω.

336 989 593 1042 Μαρδόνιος
615 991 661 1034 δὲ
693 990 896 1045 οὐδαμῶς
915 989 975 1033 ἔτι
997 986 1229 1042 πρόθυμος
1246 980 1303 1043 ἦν
1330 985 1477 1042 με’νειν

221 1056 269 1100 ἐν
301 1059 355 1112 τῇ
382 1055 568 1114 Ἀττικῇ,
609 1058 668 1109 ὣς
695 1057 856 1115 ἤκουσε
886 1061 1032 1100 ταῦτα.
1091 1056 1195 1108 πρὶν
1234 1054 1313 1111 μέν
1342 1070 1426 1097 νυν
1455 1051 1483 1109 ἢ
1539 1052 1719 1088 ῐθὲῑθῶῑᾞ·

221 1125 456 1174 πυθέσθαι,
478 1125 728 1182 ἀνεκώχευε,
758 1127 900 1169 θέλων
922 1124 1080 1168 εἰδέναι
1101 1123 1150 1167 τὸ
1169 1121 1266 1177 παρ’
1277 1122 1482 1178 Ἀθηναί-

222 1209 297 1244 ων,
312 1192 463 1236 ὁκοῖόν
481 1211 519 1236 τι
533 1194 779 1250 ποιήσουσι·
797 1194 869 1237 καὶ
886 1192 984 1236 οὔτε
1001 1191 1208 1248 ἐπήμαινε
1221 1192 1319 1235 οὔτε
1332 1189 1482 1233 ἐσινέε-

220 1277 270 1304 το
287 1264 369 1316 γῆν
388 1262 468 1316 τήν
494 1261 698 1319 Ἀττικήν,
729 1263 909 1315 ἐλπίζων
931 1260 1003 1304 διὰ
1027 1260 1189 1310 παντὸς
1206 1263 1287 1303 τοῦ
1315 1257 1481 1313 χρόνου

192 1327 512 1386 Ξὸμολογήσειν
541 1330 690 1387 σφέας.
748 1331 837 1375 ἐπεὶ
857 1331 901 1374 ὁὲ
922 1326 1004 1372 οὐκ
1032 1328 1195 1380 ἔπειθε,
1226 1326 1478 1383 πυθόμενος
1492 1333 1537 1367 90

382 1560 476 1611 Cap.
506 1561 594 1600 XII.

218 1638 297 1676 τῶν
315 1635 620 1692 ἡμεροδρόμων]
632 1637 715 1677 Vid.
726 1645 822 1677 nott.

163 1692 212 1730 ad
234 1695 305 1742 VI,
344 1696 435 1736 105.

219 1770 274 1824 μή
307 1772 450 1821 ἐξιέναι
470 1775 489 1824 ]
540 1769 676 1826 Attigit
721 1776 822 1811 Her-

163 1843 295 1866 mann.
322 1830 370 1867 ad
390 1832 516 1881 Viger.
539 1845 626 1883 pag.
658 1834 735 1872 811
771 1832 819 1868 ob

161 1887 366 1936 particulae
382 1890 580 1938 negativae
592 1902 703 1926 usum
712 1902 819 1938 prae-

162 1955 287 1992 gresso
305 1944 421 1981 verbo
450 1944 550 1995 ἔχειν
579 1946 729 1983 arcendi
746 1958 819 1981 no-

162 2001 277 2035 tione.
337 2001 458 2036 Paulo
500 2003 597 2038 infra
643 1999 697 2052 μή
745 1997 818 2040 οὐκ

162 2054 328 2104 ἒξιέναις
351 2055 398 2093 de
417 2070 491 2108 quo
514 2057 591 2094 vid.
604 2055 735 2094 Matth.
750 2059 817 2095 Gr.

163 2113 229 2149 Gr.
260 2114 296 2158 ξ.
324 2115 405 2153 609
432 2127 471 2163 p.
492 2116 610 2154 1228.
632 2116 819 2163 Hartung.

162 2167 288 2205 Lehre
319 2183 357 2206 v.
387 2169 424 2205 d.
445 2169 640 2206 Partikeln
662 2170 730 2207 der
751 2172 817 2209 Gr.

164 2225 251 2276 Spr.
270 2227 306 2262 11
326 2239 364 2277 p.
391 2228 482 2266 172.
511 2227 681 2263 Verbum
697 2227 820 2277 ἴσχειν

163 2284 321 2330 retinui,
361 2295 595 2335 quamquam
631 2285 819 2320 Florenti-

162 2352 234 2376 nus
253 2353 341 2376 cum
370 2340 449 2376 aliis
477 2339 589 2390 ἔχειν.
647 2342 711 2377 Tu
739 2340 817 2378 vid.

163 2397 241 2443 111,
269 2399 323 2437 77
344 2402 380 2432 et
403 2397 476 2443 IX,
510 2399 572 2436 13.
619 2397 681 2434 Ad
702 2411 818 2448 argu-

163 2459 337 2490 mentum
349 2453 421 2489 loci
430 2453 528 2489 bene
547 2453 614 2490 We
624 2469 640 2490 s
649 2469 665 2491 s
677 2469 693 2492 e
703 2455 738 2492 li
749 2469 769 2491 η
778 2468 817 2504 g.

164 2511 262 2558 „Hic
288 2510 399 2559 Argis
431 2511 564 2547 missus
588 2510 635 2548 ad
661 2511 819 2548 Mardo-

165 2568 273 2604 nium
313 2567 475 2603 nuncius
526 2565 700 2606 adfirmat
735 2569 817 2618 Vll,

171 2624 247 2665 150
269 2625 610 2662 commemorata.“

381 2714 474 2766 Cap.
496 2715 602 2752 XIII.

225 2786 457 2844 ἀνεκώχευε]
487 2795 512 2834 i.
534 2808 568 2836 e,
595 2807 630 2831 se
657 2796 818 2844 retinuit,

879 1526 1042 1573 cohibuit,
1060 1525 1210 1561 nullum
1231 1524 1374 1561 itineris
1392 1537 1422 1561 s.
1434 1537 1536 1575 pug-

878 1595 950 1619 nae
972 1583 1171 1619 consilium
1190 1582 1310 1631 cepit,
1341 1580 1408 1617 sed
1428 1582 1539 1632 quie-

877 1646 961 1676 tum
980 1653 1018 1675 se
1041 1640 1162 1675 tenuit
1187 1638 1413 1683 observans,
1443 1635 1537 1689 quid

877 1694 1128 1732 Athenienses
1147 1695 1327 1731 facerent.
1365 1694 1537 1731 Verbum

879 1747 1147 1803 ἀνακωχεύειν
1168 1750 1215 1788 de
1235 1752 1413 1800 navibus,
1439 1764 1537 1802 qua-

876 1823 963 1846 rum
995 1822 1124 1846 cursus
1161 1807 1373 1856 inhibetur,
1415 1814 1538 1844 exstat

876 1867 948 1914 Vl,
989 1868 1096 1913 116,
1134 1866 1200 1901 ubi
1233 1864 1310 1902 vid.
1345 1871 1444 1901 nott.
1478 1885 1536 1892 —

874 1924 968 1960 Mox
993 1936 1012 1958 e
1033 1922 1225 1959 Sancrofti
1251 1921 1335 1958 cod.
1360 1921 1536 1958 revocavi

874 1979 1056 2019 ἐσινέετο.
1096 1980 1220 2029 Vulgo
1245 1978 1404 2025 ἐσίνετο,
1432 1977 1536 2030 quod

876 2049 966 2073 cum
998 2034 1204 2072 Schaefero
1239 2042 1371 2071 tenent
1400 2034 1534 2071 Matth.

877 2099 913 2128 et
932 2090 1100 2130 Bekker.
1157 2092 1221 2127 Tu
1247 2090 1323 2127 vid.
1348 2091 1422 2139 IV,
1456 2093 1533 2131 123

875 2149 1003 2200 ibique
1022 2153 1117 2184 nott.
1143 2148 1219 2195 IX,
1244 2147 1312 2187 49.
1329 2149 1396 2187 73.
1427 2149 1494 2187 87.

932 2227 999 2265 δια
1049 2222 1198 2273 παντὸς
1243 2226 1315 2265 τοῦ
1355 2221 1533 2275 χρόνου]

873 2284 1010 2331 „Omni
1024 2284 1086 2320 illo
1104 2287 1271 2333 tempore,
1303 2294 1378 2333 quo
1398 2283 1438 2318 in
1457 2283 1532 2319 At-

873 2342 947 2377 tica
967 2347 1132 2377 armatus
1157 2338 1388 2377 consederat.
1451 2340 1533 2376 Ne·-

874 2411 1023 2435 cessum
1066 2398 1170 2433 enim
1197 2409 1276 2433 nou
1305 2403 1418 2447 puto,
1467 2393 1533 2436 διοὶ

874 2451 1023 2500 παντὸς
1042 2467 1130 2491 cum
1141 2452 1295 2490 Reiskio
1318 2454 1356 2489 in
1374 2448 1533 2505 διάγον-

874 2526 942 2558 τος
986 2518 1050 2548 aut
1104 2507 1312 2561 προϊόντος
1352 2511 1535 2548 converti.

874 2570 1021 2615 Immo,
1051 2568 1082 2603 si
1100 2566 1290 2604 Sancrofti
1315 2566 1409 2603 liber
1439 2580 1535 2605 con—

875 2632 1075 2662 sentaneos
1117 2624 1418 2672 nancisceretur,
1466 2620 1534 2663 διοὲ

875 2677 1024 2727 παντός
1054 2679 1255 2719 sufficeret.
1288 2679 1453 2730 [Desunt
1481 2694 1535 2718 sc.

875 2739 914 2774 in
944 2738 1009 2774 illo
1044 2736 1175 2774 codice
1202 2750 1313 2775 voces
1343 2739 1416 2776 τοῦ
1441 2735 1535 2789 χρό-

876 2795 984 2843 νου].
1013 2793 1194 2848 Aeschyl.
1226 2792 1423 2832 Prometh.
1451 2796 1532 2836 283

1536 984 1634 1011 Attica
1646 983 1813 1017 devastata,

1535 1019 1691 1046 Boeotiam
1707 1026 1814 1046 versus
