1879 3222
755 670 1337 730 COMMENTATIO

1008 807 1077 843 DE

517 917 678 964 VITA
715 916 805 963 ET
847 915 1153 964 SCRIPTIS
1191 915 1567 965 llERODOTI.

867 1197 1208 1233 Prooemium.

289 1285 370 1339 De
392 1299 580 1339 Herodoti
606 1301 692 1339 Vita
722 1308 759 1339 et
779 1302 924 1353 scriptis
945 1308 1093 1352 praeter
1112 1301 1326 1339 Boultierum
1347 1301 1418 1353 (Io.
1435 1300 1603 1339 Bouhier.
1616 1299 1784 1338 Recller-
1830 1298 1838 1346 J,

292 1357 382 1395 ches
414 1366 450 1395 et
480 1360 745 1395 Dissertations
768 1372 833 1395 sur
861 1358 1055 1395 Herodote
1084 1359 1197 1407 Dijou
1229 1358 1346 1399 1746.
1378 1358 1433 1407 4)
1464 1365 1500 1395 et
1523 1358 1617 1394 Petr.
1651 1357 1786 1394 lVesse-
1830 1378 1831 1389 ι

292 1414 447 1464 lz'ngz'um
470 1416 510 1451 in
532 1417 800 1452 Dissertatione
821 1414 1051 1464 Herodotea,
1083 1428 1180 1468 quae
1212 1414 1352 1466 prodiit
1371 1416 1568 1452 Ultraiect.
1591 1415 1712 1463 1758,
1745 1416 1784 1455 8.
1830 1438 1841 1446 a

290 1473 528 1523 potissimum
548 1473 814 1510 consulantur:

467 1550 611 1590 Fabric.
654 1550 886 1590 Bibliothec.
927 1553 1061 1589 Graec.
1094 1552 1180 1588 Lib.
1214 1551 1262 1598 ΙΙ,
1294 1562 1378 1600 cap.
1399 1551 1489 1599 XX,
1518 1551 1564 1590 V.
1591 1552 1627 1588 11
1646 1565 1685 1602 p.
1706 1553 1785 1592 327

516 1607 576 1645 ed.
590 1615 712 1658 quart.
727 1631 778 1637 —
809 1608 1006 1645 Larcher.:
1028 1610 1083 1645 La
1105 1608 1174 1643 Vie
1195 1606 1439 1656 d'Herodote,
1461 1608 1498 1643 in
1520 1609 1642 1659 primo
1658 1609 1786 1645 Tomo
1841 1612 1845 1616 '

519 1664 651 1703 Gallie.
710 1664 905 1701 versionis·
963 1688 1014 1693 -—
1101 1662 1162 1699 Fr.
1217 1663 1403 1700 Greuzer.:
1459 1665 1531 1700 Die
1566 1663 1786 1701 historische

518 1721 644 1756 Kunst
672 1718 739 1756 der
760 1719 950 1756 Griechen
970 1721 1009 1756 in
1030 1718 1131 1755 ihrer
1155 1717 1396 1769 Entstehung
1422 1720 1502 1757 und
1522 1720 1787 1771 Fortbildung.
1836 1747 1837 1750 =

517 1777 686 1826 Leipzig.
730 1779 852 1817 1803.
881 1798 936 1804 ——-
994 1776 1040 1813 D.
1063 1775 1233 1813 Scltulz.:
1282 1777 1475 1815 Dissertat.
1509 1779 1567 1813 De
1592 1776 1787 1816 Herodoti
1836 1804 1837 1808 ,

516 1833 603 1870 Vita
635 1830 699 1881 (in
735 1831 825 1870 edit.
846 1831 1061 1882 Herodot.)
1093 1853 1145 1859 —-
1205 1830 1247 1868 F.
1270 1832 1306 1868 C.
1330 1831 1573 1870 Dammana:
1604 1833 1787 1871 Herodot.
1837 1835 1850 1870 ἦ

519 1890 601 1926 Aus
630 1890 775 1925 seinem
800 1889 932 1925 Buche
953 1890 1033 1925 sein
1061 1888 1205 1925 Leben.
1235 1888 1389 1926 Altona.
1423 1891 1543 1929 1823.
1575 1891 1614 1929 8.
1642 1890 1787 1938 (Etiam

518 1946 588 1982 sub
617 1946 750 1982 titulo:
791 1945 1066 1995 Forschungeu
1096 1945 1165 1980 auf
1186 1943 1274 1980 dem
1297 1945 1454 1981 Gebiete
1475 1944 1542 1982 der
1561 1945 1787 1983 Geschichte

520 2003 570 2038 ΙΙ.
599 2000 723 2038 Baud.
743 2003 774 2038 Ι.
794 2001 981 2047 Abtheil.)
1002 2023 1057 2028 —
1116 2001 1153 2038 C.
1186 2001 1231 2037 G.
1261 2000 1308 2038 L.
1338 2000 1478 2052 Heyse:
1517 2004 1574 2038 De
1604 2002 1788 2040 Herodoti
1834 1991 1841 2056 ἶ

521 2059 608 2096 Vita
629 2065 666 2094 et
685 2059 896 2097 Itineribus.
925 2060 1120 2095 Dissertat.
1138 2058 1352 2107 inaugural.
1370 2065 1441 2094 etc.
1462 2059 1588 2095 Berol.
1612 2060 1730 2099 1826.
1747 2062 1787 2100 8.
1840 2070 1841 2109 ζ

525 2135 576 2142 ——·
609 2114 659 2152 H.
684 2114 786 2151 Fercl.
818 2114 981 2164 Iaeger.;
1024 2115 1304 2164 Disputationes
1325 2113 1563 2151 Herodoteae
1593 2113 1690 2151 duae
1712 2123 1786 2153 etc.

523 2172 694 2220 Gotting.
728 2173 845 2211 1828.
876 2175 913 2212 8.
946 2193 997 2198 --
1058 2171 1103 2208 G.
1124 2170 1336 2208 Bethther„-
1371 2172 1428 2207 De
1450 2171 1549 2224 θείῳ
1571 2170 1786 2209 Herodoteo
1842 2200 1843 2210 ἢ

523 2241 554 2266 s.
577 2227 623 2264 de
644 2226 828 2264 Herodoti
852 2228 893 2264 in
915 2225 1188 2278 componendis
1208 2240 1334 2262 rerum
1354 2228 1613 2264 monumentis
1633 2229 1786 2278 pietate.
1842 2259 1843 2262 ,

521 2285 691 2323 Berolin.
717 2286 833 2324 1830.
859 2283 899 2323 4.
927 2306 985 2311 --
1041 2284 1087 2320 Κ.
1122 2283 1382 2332 Hoffmeister.:
1424 2275 1786 2334 Sittlich-religio'se
1843 2311 1844 2326 ¹

523 2338 820 2378 Lebensansicht
841 2339 905 2377 des
920 2339 1147 2384 Herodotus,
1177 2341 1294 2376 Essen
1325 2342 1442 2380 1832.
1464 2342 1502 2380 8.
1537 2341 1686 2385 (Etiam
1715 2342 1784 2378 sub

522 2398 657 2434 titulo:
734 2397 911 2447 Beitr'eige
950 2410 1018 2433 zur
1055 2394 1439 2435 wissenschastlichen
1479 2398 1681 2434 Kenntniss
1720 2397 1786 2436 des

524 2454 668 2490 Geistes
691 2451 757 2489 der
777 2454 906 2502 Alten,
933 2454 1082 2489 zweites
1094 2451 1337 2502 Bdndohen.)
1369 2475 1422 2480 —
1451 2453 1785 2504 Albert.‹leIongl1.:
1845 2443 1846 2494 Ῐ

522 2510 740 2561 Disquisitio
781 2508 828 2546 de
857 2509 1042 2546 Herodoti
1074 2507 1325 2559 philosophia.
1364 2510 1529 2547 Traiect.
1573 2509 1622 2546 ad
1660 2510 1782 2552 Rhen.
1850 2509 1857 2545 ’ζ

525 2568 645 2607 1833.
665 2568 704 2607 8.
733 2587 787 2594 --
844 2565 887 2602 F.
908 2565 1021 2604 Hand
1040 2566 1079 2601 in
1099 2564 1378 2618 Encyclopaed.
1402 2564 1549 2603 Erschii
1569 2573 1606 2604 et
1624 2567 1784 2606 Gruber.

524 2622 608 2660 Ser.
627 2624 676 2670 11,
705 2622 788 2660 Vol.
808 2623 859 2660 VI
877 2637 917 2674 p.
938 2625 1018 2663 308
1038 2635 1141 2674 seqq.

308 2696 394 2733 Alia
428 2698 664 2737 Herodotum
692 2701 915 2739 illustrantia
942 2702 1077 2751 scripta
1109 2707 1173 2737 aut
1202 2700 1277 2737 suis
1305 2712 1477 2751 quaeque
1506 2701 1598 2738 locis
1635 2700 1783 2739 indica·
1848 2741 1850 2749 ¹

310 2754 432 2791 vimus
466 2762 531 2792 aut
553 2756 650 2793 infra
684 2760 720 2804 §.
751 2759 802 2797 18
841 2756 953 2795 huius
993 2758 1246 2795 Commentat.
1285 2757 1605 2796 enumeravimus.
1679 2760 1782 2804 Quae
1849 2784 1850 2787 =
