1879 3222
513 177 965 215 CALLIOPE.

1345 183 1427 223 325

1025 182 1103 218 IX.

187 288 330 328 Ταῦτα
373 286 451 341 μὲν
506 285 765 339 Παυσανίην
804 284 966 340 λέγεται
1011 290 1143 331 εἰπεῖν
1182 290 1290 343 πρὸς
1334 293 1434 343 τούς

48 344 113 390 83
179 353 443 407 στρατηγούς
476 355 563 394 τῶν
596 350 820 406 Ἑλλήνων.

178 419 282 474 μετὰ
310 423 443 461 ταῦτα
472 419 544 461 καὶ
573 422 657 460 τῶν
690 418 943 462 Πλαταιέων
964 416 1095 475 εὗρον
1118 427 1268 479 συχνοὶ
1289 427 1429 481 θήκας

176 490 339 543 χρυσοῦ
372 486 444 528 καὶ
474 484 674 541 ἀργύρου
703 487 775 529 καὶ
805 491 891 530 τῶν
911 486 1056 530 ἄλλων
1091 491 1334 546 χρημάτων,
1366 494 1454 536 'hy-1

888 353 899 366 ‘
910 357 1077 411 Τστὲρῳ
1107 356 1252 412 μέντοι
1291 362 1433 417 χρόνῳ

1489 357 1708 386 posterioribus
1739 392 1747 398 Ι

1489 400 1606 426 quoque
1623 396 1760 426 tempori-

1485 426 1539 452 bus
1560 426 1744 459 aliquantum

1486 458 1687 492 autimi-genti
1699 462 1758 485 etc.

1458 501 1500 534 Οἱ
1536 492 1759 519 l’lataeensibus

1480 525 1589 554 ibidem
1598 530 1757 560 repertum.

151 554 300 611 Ξφάνη
332 553 376 596 δὲ
405 554 478 597 καὶ
505 554 603 597 τόδε
633 552 816 608 ὕστερον
855 555 915 598 ἔτι
943 556 1121 608 τούτων,
1151 562 1239 601 τῶν
1268 566 1431 615 νεκρῶν
1489 566 1570 604 730

174 622 558 675 περιψιλωθέντων
593 621 671 673 τοὶς
711 623 896 677 σάρκας·
947 624 1216 680 συνεφόρεον
1251 627 1332 681 γὰρ
1377 630 1428 671 τοὶ

175 689 300 734 ὀστέα
341 691 384 732 οἱ
422 690 655 741 Πλαταιέες
691 690 733 742 ἐς
763 689 837 734 ἕνα
864 694 1033 747 χῶρον·
1074 690 1231 749 εὑρέθη
1262 695 1426 752 κεφαλὴ

117 901 269 942 quoque
297 895 333 925 et
360 887 544 938 reliquam
560 887 775 937 supellecti-

114 947 191 983 lem
210 946 410 996 pretiosam
431 950 535 980 notat
554 942 772 993 Schweigh.

113 1004 153 1039 in
190 1005 284 1043 Lex.
306 1000 446 1037 Herod.
484 1021 530 1027 ω-
591 1002 632 1035 Iu
664 1013 769 1052 seqq.

114 1059 342 1096 adiectivum
374 1053 528 1106 (ἷϊζυρός
559 1055 768 1104 (aerumno-

112 1130 194 1163 sus,
224 1118 355 1161 miser)
407 1114 652 1149 Homericum
693 1120 765 1160 est3

112 1172 188 1210 vid.
204 1173 248 1209 Il.
268 1173 298 1218 I,
314 1170 523 1215 417.X111‚
541 1168 763 1217 569.XV11‚

110 1228 204 1270 446.
237 1227 367 1279 Odyss.
393 1228 459 1272 ΙΙΙ,
483 1224 550 1265 95.
585 1226 647 1272 IV,
674 1227 764 1266 197.

107 1284 205 1326 325.
262 1286 318 1320 De
357 1288 582 1333 argumento
610 1283 683 1318 loci
712 1283 764 1320 sic

114 1341 406 1388 IVesselz'ng.:
455 1337 670 1386 „mardonii
694 1338 762 1374 de-

107 1399 210 1435 licias
232 1404 267 1434 et
289 1396 522 1447 superfluum
539 1394 762 1444 adparatum

106 1454 323 1500 Pausanias,
362 1465 440 1488 non
476 1452 637 1487 absentis
666 1452 762 1487 Per-

105 1524 233 1549 sarum
254 1509 370 1559 regis,
401 1508 616 1559 perstringit
637 1514 673 1544 et
701 1514 760 1544 ta-

103 1575 183 1605 xat.
239 1565 426 1603 Additum
461 1561 564 1603 οῧτω
596 1560 759 1615 οἰζυρήν

102 1623 262 1675 ἔχοντας
289 1622 470 1668 δίαιταν,
499 1621 680 1666 irruenti,
715 1627 758 1657 ut

100 1679 314 1717 ferocientis
346 1679 533 1728 impetum
571 1677 755 1727 sisterent,

101 1738 235 1774 carolo
247 1734 392 1772 Audaci
403 1735 524 1771 testati
534 1733 579 1770 de
590 1747 629 1770 se
644 1746 756 1770 suae-

100 1807 175 1845 que
217 1793 379 1843 regionis
418 1789 549 1827 habitu
593 1791 756 1827 Helvetii

97 1851 270 1893 fuerunt,
308 1847 444 1885 eodem
473 1848 656 1884 Comineo
690 1848 755 1884 lib.

97 1907 131 1944 V
158 1920 192 1944 c.
233 1908 269 1945 1.
304 1907 464 1941 Memor.
494 1903 754 1954 perhibente.“

265 1961 357 2011 Cap.
377 1962 596 1998 LXXXIII.

152 2014 306 2070 ὓστὲρῳ
339 2015 472 2067 μέντοι
498 2013 627 2069 χρόνῳ
657 2012 752 2066 μετὰ

95 2073 232 2124 ταῦτα]
243 2075 327 2109 Duo
339 2079 530 2109 extremae
548 2085 657 2109 voces
666 2085 752 2107 ma-

94 2133 130 2169 le
151 2132 197 2167 ab
217 2142 294 2166 uno
315 2128 397 2165 cod.
419 2129 564 2167 absunt.
611 2128 665 2164 Cf.
681 2129 751 2174 IX,

94 2186 161 2228 64.
186 2186 311 2227 85.1n
333 2198 437 2236 seqq.
452 2181 583 2234 θήκας
605 2185 750 2234 χρυσοῦ

95 2243 191 2281 dixit
211 2255 296 2280 vasa
313 2256 341 2280 s.
365 2255 468 2278 arcas
486 2254 571 2278 auro
589 2241 749 2290 repleta&

151 2296 282 2350 ἐφάνη
304 2296 346 2337 δὲ
378 2297 444 2336 καὶ
468 2293 558 2338 τόδε
583 2293 749 2348 ’ὕστερον

97 2355 173 2396 ἔτι
214 2353 365 2394 τούτων
398 2369 434 2393 κ.
466 2369 500 2392 τ.
536 2351 600 2405 λ.]
634 2352 688 2392 ἔτι
729 2366 749 2388 e

96 2411 343 2451 Valckenaer.
359 2412 571 2447 coniectura
584 2411 749 2460 positum

97 2482 165 2520 pro
173 2469 276 2518 vulg.
290 2467 367 2516 ἐπὶ,
381 2466 483 2517 quod
503 2480 592 2503 cum
604 2465 750 2503 Sohae-

97 2526 178 2563 fero
196 2532 322 2563 tuetur
339 2523 550 2570 Bekkerus,
572 2522 750 2575 quodque

99 2579 160 2618 hic
188 2589 284 2619 stare
312 2594 420 2632 posse
455 2592 566 2630 nego-
635 2581 751 2616 Recte

102 2637 606 2676 enimValckenaerius:
630 2643 751 2684 „tum,

98 2697 216 2743 postea
250 2695 403 2743 demum,
454 2693 598 2730 nudatis
646 2705 752 2729 carne

99 2750 347 2804 cadaveribus,
396 2750 606 2802 adparuisse
651 2744 753 2799 τότε,

1485 616 1692 643 Memorabilia
1708 615 1757 642 ob-

1486 649 1558 683 lata,
1591 657 1657 676 cum
1692 649 1755 676 Pla.

1485 686 1620 709 taeenses
1647 684 1757 709 occiso-

1484 724 1549 742 rum
1585 724 1652 743 0ssn
1671 725 1757 743 unum

1484 749 1513 774 in
1534 750 1628 778 locum
1649 758 1754 785 conger

1482 788 1593 811 retent.

830 900 969 938 nempe
995 887 1045 936 id,
1080 886 1184 941 quod
1205 887 1252 926 de
1267 892 1388 927 cranz‘o
1409 892 1484 928 sine

828 949 952 981 sutura
974 953 1010 981 et
1040 945 1087 982 de
1117 946 1268 983 maxilla
1298 946 1481 997 proditur,

827 1003 1011 1037 sententia
1028 1001 1244 1040 declararet.
1260 1003 1284 1023 ‘⁶

883 1055 1062 1107 κεφαλήν
1085 1054 1158 1098 ov’n
1181 1058 1323 1110 ἔχουσα
1344 1057 1480 1111 ῥἀφήν

825 1108 1041 1166 ου’ὃεμίαν]
1086 1116 1111 1152 i.
1133 1129 1166 1152 e.
1188 1119 1294 1165 caput
1317 1120 1479 1154 suturam

821 1169 949 1207 habens
967 1171 1114 1219 nullam,
1145 1178 1185 1207 ut
1206 1172 1307 1222 apud
1327 1173 1478 1211 Aelian.

819 1227 866 1264 N.
897 1228 945 1266 A.
977 1228 1038 1274 IV,
1071 1226 1137 1272 34,
1167 1229 1232 1264 ubi
1262 1228 1309 1265 cf.
1330 1230 1477 1270 Jacobs.

819 1282 920 1321 Add.
954 1285 1094 1320 Pollux
1127 1286 1175 1331 II,
1209 1287 1273 1324 37.
1304 1286 1385 1333 VII,
1409 1288 1476 1325 81.

818 1339 1064 1377 Valckenaer.
1107 1341 1288 1377 excitarat
1346 1343 1474 1378 locum

817 1394 1025 1445 Theophili
1059 1395 1355 1446 Protospatharii
1398 1397 1475 1444 (De

816 1451 957 1488 fabrica
989 1452 1101 1501 Corp.
1134 1454 1250 1489 Hum.
1277 1453 1342 1491 lib.
1365 1454 1427 1500 IV,
1449 1452 1475 1492 4

814 1508 854 1543 iu
874 1509 1021 1546 Fabric.
1043 1508 1139 1547 Bibl.
1167 1510 1300 1546 Graec.
1326 1510 1376 1546 T.
1399 1511 1474 1546 XII

814 1578 852 1614 p.
892 1566 1001 1613 858)
1039 1565 1260 1602 affirmantis
1298 1563 1476 1615 κεφαλάς

814 1616 1023 1672 α’ῥροἷφους
1043 1623 1117 1658 sine
1137 1621 1214 1658 ulla
1237 1624 1375 1669 sutura,
1411 1623 1474 1658 in·-

812 1683 870 1713 ter
897 1690 978 1713 ossa
1009 1678 1159 1727 proeliis
1181 1676 1416 1714 deiectorum
1437 1685 1475 1716 et

813 1735 1200 1785 computrescentium
1216 1735 1262 1771 ab
1278 1735 1474 1786 scriptori-

813 1790 881 1827 bus
926 1798 1073 1841 reperta
1102 1793 1319 1829 memorari.
1379 1793 1473 1837 Qui-

811 1847 880 1884 bus
902 1846 1067 1899 denique
1091 1847 1211 1895 addo,
1242 1847 1345 1898 quod
1371 1850 1472 1884 Har-

813 1902 918 1940 duin.
949 1904 997 1940 ad
1026 1905 1126 1942 Plin.
1160 1906 1207 1942 H.
1240 1906 1287 1941 N.
1317 1905 1384 1951 XI,
1415 1907 1468 1944 37

810 1961 860 1997 T.
882 1961 900 1995 I
920 1974 958 2010 p.
981 1960 1061 2001 615
1093 1959 1298 2008 adnotavit,
1332 1961 1472 1996 Alber-

809 2023 906 2064 tum,
935 2015 1197 2053 Marchicnem
1222 2016 1468 2053 Brandebur-

808 2086 978 2121 gensem,
1010 2085 1126 2123 quem
1155 2075 1381 2109 Germaniae
1409 2074 1466 2108 A·

808 2127 960 2164 chillem
990 2129 1203 2175 vocitarint,
1224 2140 1324 2163 anno
1360 2126 1464 2168 1414

806 2198 844 2234 p.
866 2182 953 2222 Chr.
980 2190 1127 2227 natmn,
1148 2191 1261 2234 caput
1290 2182 1465 2220 habuisse

805 2241 941 2277 suturis
962 2253 1140 2278 vacuum.
1190 2242 1293 2276 Haec
1315 2239 1463 2276 dudum

806 2297 1125 2346 conscripseram,
1167 2310 1287 2348 quum
1327 2297 1466 2346 insigni

806 2352 1044 2389 humanitate
1066 2355 1170 2391 Ioan.
1195 2352 1364 2390 Schulzii
1387 2354 1465 2390 Viri

805 2411 1029 2446 Pet-illustris
1058 2417 1094 2447 et
1121 2411 1373 2447 Borussorum
1403 2423 1464 2446 re-

806 2468 861 2517 gis
879 2480 898 2503 a
912 2467 1073 2503 consiliis
1093 2467 1232 2503 intimis
1253 2466 1300 2502 ad
1321 2479 1382 2502 me
1395 2465 1464 2503 de-

806 2525 881 2560 lata
896 2530 982 2560 sunt
998 2522 1140 2559 Starkii
1169 2524 1351 2559 Analecta
1378 2536 1462 2558 me-

807 2579 892 2616 dica
919 2592 967 2615 ex
995 2585 1085 2616 vett.
1114 2580 1254 2630 scriptt.
1280 2592 1357 2616 non
1377 2592 1462 2615 me·-

808 2635 911 2681 dicis,
934 2636 997 2671 ubi
1014 2633 1051 2670 h.
1068 2635 1093 2671 l.
1115 2636 1264 2673 uberius
1283 2642 1463 2673 tractatur

809 2690 938 2743 (lenae
959 2693 1076 2738 1828,
1097 2689 1152 2740 4.)
1182 2693 1222 2729 in
1251 2693 1461 2729 Continua-

807 2750 910 2786 tione
935 2754 1068 2800 quarta
1098 2748 1136 2795 ξ.
1159 2749 1209 2791 19
1229 2762 1308 2803 seq.
1348 2748 1458 2797 Quod.
