1879 3222
107 264 140 282 co
164 254 324 283 honorario
347 257 379 285 in

105 289 169 316 acie
187 289 355 318 obtinendo.

106 322 217 356 Quibus
236 324 354 362 utrique

106 363 250 389 argumen
235 357 292 383 ntis
311 356 348 383 ad

107 397 172 416 eum
197 389 252 415 sibi
284 390 379 418 vindi-

105 421 229 450 candum
242 422 298 451 usi.

431 149 515 190 240

830 148 1285 189 HERODOTI

435 274 512 303 ευν
538 257 622 314 γάρ
653 255 778 302 αὐτοὶ
807 257 998 314 ἑκάτεροι
1027 259 1135 315 ἔχειν
1167 261 1216 304 τὸ
1245 261 1391 317 ἕτερον
1418 260 1570 314 κέρας,
1607 262 1679 305 καὶ

409 326 570 372 3καινά
596 327 669 370 καὶ
698 328 860 370 παλαιὰ
888 328 1212 383 παραφέροντες
1252 329 1365 384 ἔργα.

1424 331 1555 372 τοῦτο
1588 328 1679 383 μὲν,
1694 336 1737 369 10

436 396 480 438 οἱ
495 397 698 450 Τεγεῆται
711 394 990 449 ἔλεγοντάδε·
1020 394 1189 450 ,ξΗμεῖς
1219 397 1300 438 αἰεί
1327 411 1424 438 κοτε
1445 394 1680 451 ἀξιεύμεθα

433 460 620 517 »ταύτης
643 463 716 516 τῆς
738 460 879 512 τάξιος
904 462 952 505 ἐκ
967 467 1054 505 τῶν
1078 464 1312 517 συμμάχων
1334 461 1551 514 ἁπάντων,
1583 462 1682 506 ὅσαι

433 526 542 584 ,ᾳῆδη
562 527 704 579 ἔξοδοι
723 528 867 571 κοιναὶ
894 529 1092 584 ἐγένοντο
1125 532 1514 586 Πελοποννησίοισι
1533 532 1605 573 καὶ
1633 529 1681 574 τὸ

433 595 662 649 ,,παλαιὸν,
684 596 816 639 καὶτὸ
837 596 952 648 νέον,
983 596 1025 646 ἐξ
1053 595 1219 638 ἐκείνου
1248 600 1326 639 τοῦ
1353 597 1515 652 χρόνου
1526 597 1613 641 ἐπεί
1640 613 1683 641 τε
1696 603 1737 639 15

433 660 735 717 ,,“”Ηρακλεῖδαι
764 662 994 717 ἐπειρῶντο
1022 662 1126 718 μετοὶ
1156 661 1233 706 τὸν
1253 661 1507 716 Εὐρυσθέος
1549 664 1683 708 θάνα-

407 732 547 782 4,,τον
584 729 804 780 κατιόντες
846 731 888 780 ἐς
929 728 1277 784 Πελοπόννησον.
1329 730 1423 773 τότε
1464 729 1682 785 εὑρόμεθα

434 800 594 850 ,,τοῦτο
614 828 624 847 ,
675 796 745 840 διοέ
782 801 956 876 πρῆγμα
985 796 1164 839 τοιόνδε.

1218 795 1334 838 Ἐπεὶ
1370 797 1473 852 μετὰ
1508 797 1685 852 Ἀχαιῶν

435 864 534 917 ,,καὶ
563 863 719 907 Ἱώνων
749 868 838 906 τῶν
867 865 960 906 τότε
989 862 1149 906 ἐόντων
1177 863 1223 906 ἐν
1254 863 1590 922 Πελοποννήσῳ,
1621 866 1685 908 ἐκ·

435 930 762 987 ,βοηθήσαντες
795 930 838 982 ἐς
866 930 945 974 τὸν
971 928 1156 986 Ἰσθμόν,
1198 931 1374 986 ἱζόμεθα
1404 931 1542 975 α’ντίοι
1571 937 1683 976 τοῖσι
1697 940 1741 974 20

435 1002 676 1051 ,,κατιοῦσι·
706 998 800 1042 τότε
831 993 892 1042 ὠν
919 998 1075 1054 λόγος
1075 998 1229 1042 ’Τλλον
1259 997 1596 1055 ἀγορεύσασθαι,
1627 998 1686 1051 ὥς

435 1065 590 1122 ,,χρεόν
620 1067 684 1123 εἴη
714 1066 790 1110 τὸν
819 1066 898 1123 μὲν
928 1065 1112 1123 στρατὸν
1140 1070 1201 1123 τῷ
1231 1071 1399 1124 στρατῷ
1427 1067 1485 1124 μή
1516 1065 1687 1112 ἀνακιν-

379 1265 489 1303 ναῖοι
517 1259 570 1302 δὲ
597 1258 722 1313 πρὸς
756 1265 913 1302 ταῦτα
941 1260 1036 1302 ’ὕπε-

379 1319 567 1385 κρίναντο
589 1315 695 1358 τάδε.

402 1422 404 1426 Ι
440 1370 660 1427 αξιεύμεθα
689 1371 833 1426 ταύτης
860 1377 932 1428 τῆς
965 1391 1037 1414 τα-

381 1432 495 1499 {tog}
542 1433 632 1480 „Sic
673 1432 867 1482 Tegeatae
906 1440 1037 1483 postea

382 1483 664 1554 ἀξιονικότεροί
676 1488 782 1539 εἰμεν
801 1486 1037 1540 Ἀθηναίων

382 1541 531 1595 ταύτην
571 1544 646 1595 τήν
688 1541 800 1592 ταξιν
835 1545 955 1601 ἔχεινε
1001 1552 1037 1582 et

382 1599 631 1637 Athenienses
673 1613 755 1651 cap.
796 1604 848 1641 27
886 1597 946 1651 ἀρ’
987 1597 1037 1640 ου’

384 1656 533 1696 δίκαιοί
583 1656 690 1707 εἰμεν
745 1655 844 1706 ἔχειν
889 1653 1038 1705 ταύτην

382 1727 457 1762 την
475 1708 597 1760 τάξιν.
655 1712 753 1748 Hinc
786 1714 824 1748 in
845 1711 1039 1748 Plutarchi

383 1768 537 1806 Aristid.
562 1771 613 1809 12
633 1781 720 1818 pug.
738 1771 817 1809 326
833 1769 879 1806 A.
909 1763 1040 1819 Ἀθη-

383 1829 492 1865 ναῖοι
523 1821 729 1877 Τεγεάταις
771 1823 861 1877 περὶ
896 1821 1041 1872 τάξεως

382 1880 594 1933 ἐρίσαντες.
650 1882 713 1917 Lis
744 1888 822 1918 erat
846 1894 925 1917 non
945 1880 1041 1918 adeo

385 1937 432 1975 de
451 1939 548 1985 loco,
570 1950 685 1989 quem
701 1938 940 1985 obtinerent,
972 1937 1039 1974 sed

384 1996 460 2032 utri
484 2007 589 2031 cornu
605 1994 754 2030 alterum
771 1996 808 2030 in
827 1994 954 2031 hostem
970 1994 1038 2030 du-

379 2051 529 2088 cerent.“
612 2049 883 2100 Wesselz‘ng.
960 2051 1035 2087 Pro

381 2110 452 2158 τῆς
473 2103 606 2154 τάξιος
623 2119 697 2143 una
710 2106 850 2144 Aldina
861 2108 929 2156 τῆς
942 2102 1036 2146 στά-

383 2176 480 2210 σιος.
502 2162 587 2201 Vid.
609 2164 677 2211 IX,
700 2166 767 2203 21.
791 2187 840 2192 —
863 2165 906 2199 In
926 2176 1033 2215 seqq.

380 2217 470 2260 ὅσαι
495 2216 575 2270 ἤδη
617 2219 744 2267 ἔξοδοι
772 2220 934 2257 breviter
976 2219 1036 2256 di-

385 2284 489 2314 ctum
504 2289 571 2327 pro
594 2274 635 2315 ἐν
659 2279 744 2322 ταῖς
770 2281 926 2322 κοιναῖς
950 2271 1038 2323 ἐξό-

386 2334 493 2380 δοις,
521 2328 609 2372 ὅσαι
646 2333 774 2369 statuit
811 2331 945 2369 matth.
973 2333 1037 2371 Gr.

386 2391 453 2427 Gr.
476 2390 510 2434 ξ.
530 2386 764 2439 474E.pag.
782 2390 872 2429 888.
891 2409 939 2415 —
962 2390 1038 2425 Pro

386 2442 427 2484 τὸ
452 2441 621 2484 παλαιόν
654 2444 730 2482 duo
764 2444 874 2482 codd.
895 2440 938 2484 τό
960 2443 1041 2483 πά-

388 2504 463 2549 λαι,
493 2508 533 2538 ut
553 2502 616 2550 lv,
642 2504 731 2543 180.
748 2502 828 2549 vn,
854 2500 943 2541 142.
971 2503 1040 2548 lx,

388 2559 455 2597 72.
513 2556 590 2594 Sed
624 2555 666 2597 τό
698 2559 867 2597 παλαιόν
895 2558 1042 2594 iuveni-

387 2619 448 2650 tur
487 2626 638 2665 quoque
679 2616 758 2659 Vll,
782 2615 872 2661 129,
926 2613 1041 2666 idque

389 2667 476 2705 huic
490 2669 572 2705 loeo
595 2684 639 2706 ρο
661 2672 779 2721 magis
795 2677 949 2721 aptum,
975 2671 1041 2707 ubi

388 2726 556 2779 sequitur
585 2722 628 2764 τό
668 2725 773 2766 νέον.
822 2727 852 2765 C
864 2740 894 2766 r.
937 2726 1041 2765 addit

1092 1260 1292 1300 Heindorf.
1330 1261 1378 1300 ad
1415 1264 1562 1303 Platon.
1591 1260 1743 1315 Euthy-

1093 1317 1196 1356 dem.
1218 1321 1253 1364 §.
1274 1318 1327 1358 40
1348 1332 1433 1370 pag.
1454 1320 1546 1361 555.

1149 1375 1358 1426 ἐπειρῶντο
1370 1398 1420 1403 —
1434 1372 1651 1424 κατιόντες]
1667 1377 1746 1412 Ea-

1094 1430 1183 1468 dem
1202 1439 1386 1469 structura
1404 1434 1473 1481 IX,
1491 1432 1557 1480 53,
1586 1433 1653 1469 ubi
1668 1431 1746 1470 vid.

1092 1488 1153 1525 Ad
1184 1497 1453 1538 argumeuttun
1474 1489 1549 1526 loci
1576 1490 1625 1528 cf.
1642 1491 1747 1533 .Dio-

1095 1544 1174 1582 dor.
1208 1546 1272 1590 lv,
1311 1546 1378 1586 57·
1418 1545 1484 1585 58.
1540 1544 1602 1583 Ad.
1631 1546 1746 1583 verba

1093 1597 1188 1652 μετα
1207 1597 1380 1650 Ἀχαιῶν
1400 1600 1467 1641 καὶ
1499 1597 1651 1640 Ἰώνων
1671 1600 1746 1639 vid.

1093 1663 1191 1692 nott.
1213 1656 1260 1692 ad
1279 1658 1308 1703 Ι,
1343 1656 1431 1703 146,
1459 1663 1496 1693 et
1516 1656 1563 1693 ad
1584 1658 1747 1694 locutio-

1093 1725 1184 1748 nem
1206 1707 1377 1762 ἱζόμενοι
1395 1709 1524 1751 οἷντίοι
1544 1712 1686 1750 Herod.
1701 1714 1746 1762 V,

1099 1769 1164 1809 18.
1199 1769 1268 1817 IX,
1304 1770 1368 1808 18.
1415 1770 1519 1814 Quae
1538 1777 1748 1821 sequuntur

1097 1825 1234 1861 v:erba
1278 1819 1363 1864 τότε
1396 1839 1454 1863 ων
1475 1821 1611 1874 λόγος
1610 1823 1749 1866 ’Τλλον

1098 1875 1396 1933 ἀγορεύσασθαι
1407 1894 1424 1916 ι
1427 1879 1600 1918 eddenda
1613 1882 1748 1919 viden-

1098 1944 1181 1974 tur:
1210 1937 1319 1987 sama
1333 1941 1383 1974 est
1410 1937 1560 1987 Hyllum
1585 1938 1748 1987 ειῖιῑτίεεε,

1093 1994 1154 2031 vel
1187 1996 1322 2041 etiam,
1364 1995 1466 2045 quod
1506 1992 1641 2031 eodem
1670 1996 1749 2032 sere

1092 2049 1211 2098 redit,
1233 2050 1432 2087 edicendum
1456 2063 1607 2089 curasse.
1664 2052 1748 2098 Quo

1092 2106 1230 2143 eodem
1271 2120 1384 2144 sensu
1422 2107 1588 2143 activum
1623 2122 1749 2159 προη-

1091 2159 1228 2216 γόρευε
1266 2165 1335 2209 lx,
1366 2164 1431 2202 93.
1462 2163 1541 2210 vn,
1572 2166 1623 2204 10
1655 2166 1691 2209 ς.
1722 2164 1747 2204 4

1093 2221 1179 2256 con.
1200 2220 1338 2266 1x‚92
1359 2225 1394 2254 et
1412 2218 1580 2268 x0'111‚;5,
1615 2221 1681 2257 ubi
1702 2216 1749 2271 η’-

1094 2272 1228 2327 γόρευε
1257 2281 1293 2311 et
1332 2276 1568 2324 potissimum
1596 2277 1658 2324 V1,
1682 2279 1749 2318 97.

1094 2333 1192 2368 Hinc
1206 2329 1606 2379 Grashos(zeitschrist
1627 2334 1653 2371 s.
1679 2334 1750 2369 Al-

1095 2386 1651 2430 terthumswissensch.1834
1689 2402 1748 2426 nr.

1099 2447 1123 2485 3
1145 2459 1183 2495 p.
1205 2443 1301 2495 248)
1324 2446 1474 2481 coniicit
1493 2458 1560 2495 plo
1583 2441 1749 2512 αγορεύ-

1099 2500 1518 2551 Gaossanesmgendum
1529 2496 1756 2552 Θεεεοῖγυρη-

1100 2562 1262 2605 σασθαι,
1285 2570 1328 2594 ea
1349 2559 1502 2595 notione
1525 2558 1748 2605 [concantan—

1098 2614 1147 2661 di,
1163 2614 1301 2663 publice
1316 2627 1343 2650 s.
1358 2627 1422 2664 pro
1448 2615 1607 2651 concione
1630 2614 1750 2652 ‹ltcen-

1097 2670 1152 2719 cli]
1185 2669 1260 2722 quit
1290 2671 1352 2717 V1,
1384 2672 1430 2709 11
1466 2670 1624 2706 verbum
1651 2666 1749 2721 η’γο-

1099 2724 1269 2780 ρόωντο.
1324 2723 1419 2763 Mihi
1444 2726 1508 2764 vix
1527 2739 1621 2777 opus
1640 2727 1749 2766 vide-
