1879 3222
442 224 509 261 DE
539 222 664 258 VITA
693 223 766 258 ΕΤ
796 223 1029 261 SCRIPTIS
1058 223 1335 260 HERODOTI.
1541 223 1622 262 411

139 337 248 374 firma
269 343 382 388 atque
402 333 554 381 debilis,
587 332 742 386 eiusque
773 335 890 372 virtus
911 336 1034 373 omnis
1055 337 1221 374 consistit
1239 336 1278 373 in
1299 348 1344 371 ea
1372 334 1624 385 temperantia

139 407 183 432 ac
204 392 473 439 moderatione,
496 389 572 442 quat
591 388 719 429 divino
735 392 884 428 numini
903 393 981 429 sive
998 393 1232 442 legidivinae
1254 399 1290 430 et
1308 393 1482 429 omnium
1502 392 1541 427 in
1552 403 1625 427 na-

138 457 223 488 tura
244 462 371 488 rerum
385 446 510 484 ordini
530 446 621 484 inde
641 449 843 486 constituto
856 477 867 497 ‚
902 462 942 485 se
963 450 1134 487 subiiciat
1158 464 1228 487 nec
1259 448 1471 501 quidquam
1493 454 1625 485 contra

138 514 281 545 temere
301 505 495 555 suscipiat,
525 505 677 542 illamve
707 506 834 556 legem
855 504 1081 556 egrediatur.
1138 508 1206 543 His
1242 513 1496 543 consentanea
1523 510 1623 552 sunt,

139 577 235 616 quae
255 561 301 599 de
322 560 580 598 humanarum
606 575 735 599 rerum
754 570 853 599 statu
879 569 916 599 et
942 561 1284 611 vicissitudinibus,
1310 570 1347 599 et
1373 562 1420 599 de
1445 563 1537 599 tristi
1562 562 1625 612 ip-

137 622 212 659 sius
229 618 393 656 hominis
411 625 510 655 sorte
525 617 587 655 hic
606 620 682 656 illic
703 620 895 656 enuntiata
915 621 1167 670 reperiuntur.
1189 615 1234 670 ᾗ)

247 676 375 721 Quum
405 676 532 723 enim,
564 689 662 727 quae
683 678 729 713 ab
749 675 823 713 hoc
839 675 966 713 divino
988 677 1147 713 numine
1163 676 1282 712 semel
1302 675 1503 712 constituta
1524 681 1624 720 sunt,

134 733 274 770 mutari
294 739 358 769 aut
379 733 572 769 retractari
593 734 699 770 nullo
724 732 841 770 modo
858 734 1019 784 possint,
1050 739 1205 784 apparet
1224 733 1338 769 simul
1362 731 1443 781 fati
1470 732 1533 768 illa
1552 744 1625 767 ne-

134 789 282 826 cessitas
314 802 403 826 cum
429 788 546 826 divini
576 791 742 828 numinis
777 792 931 827 notione
960 797 1061 827 arcte
1094 790 1322 837 coniuncta,
1364 800 1480 839 quam
1508 800 1624 824 nemo

132 858 453 898 unquam‚neque
464 848 631 885 mortalis
642 861 768 900 neque
789 847 881 885 deus
897 848 975 898 ipse
995 848 1135 885 evitare
1155 853 1220 883 aut
1239 852 1387 882 mutare
1411 845 1540 895 possit.
1550 841 1624 892 ibi‘)

132 903 216 939 Hac
244 916 334 940 vero
356 903 417 940 dei
437 905 611 941 omnium
630 918 757 941 rerum
776 904 1024 942 moderatoris
1052 904 1252 955 fatumque
1273 902 1531 939 constituentis
1551 913 1626 938 no-

132 960 237 996 tlone
267 961 425 997 alteram
464 973 619 1012 quoque
650 961 791 999 divinae
817 964 978 999 iustitiae
1006 968 1120 1013 atque
1149 960 1397 1011 providentiae
1425 958 1627 994 notionem

133 1017 319 1053 contineri
339 1024 473 1068 sponte
492 1018 735 1068 intelligiturg
767 1017 815 1055 de
835 1017 906 1055 hac
928 1032 1017 1055 cum
1036 1019 1123 1055 satis
1144 1017 1289 1053 dictum
1309 1017 1356 1053 sit
1377 1013 1425 1052 ad
1445 1016 1510 1062 ΙΙΙ,
1535 1017 1626 1054 108.

132 1073 184 1110 Τ.
199 1075 238 1109 Π
251 1088 290 1124 p.
316 1076 405 1122 198,
425 1087 527 1111 nunc
545 1076 654 1125 plura
677 1074 801 1111 dicere
821 1088 898 1112 non
921 1076 1076 1122 attinet3
1104 1075 1282 1111 iustitiam
1300 1073 1456 1110 divinam
1471 1073 1511 1108 in
1530 1072 1628 1108 iusta

131 1130 196 1166 illa
216 1143 344 1167 rerum
366 1132 540 1167 omnium
559 1131 819 1168 distributione
839 1131 1025 1169 servanda
1045 1131 1367 1182 proportioneque
1387 1128 1566 1165 divinitus
1586 1129 1628 1164 iu

132 1199 258 1223 rerum
287 1187 422 1224 naturai
443 1190 643 1225 constituta
663 1188 840 1226 adversus
861 1190 1070 1239 impiorum
1090 1201 1133 1224 ac
1149 1187 1402 1237 superborum
1421 1184 1627 1222 hominum

131 1251 290 1281 conatus
324 1243 467 1281 tuenda
497 1247 601 1282 cerni
631 1247 828 1293 volumus,
883 1258 982 1297 quae
1018 1258 1106 1282 cum
1135 1245 1330 1294 improbos
1349 1244 1484 1279 merita
1503 1241 1628 1292 poen&

132 1300 270 1337 afficiat
292 1314 454 1353 eamque
473 1303 535 1339 vel
565 1301 613 1339 ad
640 1304 796 1353 stirpem
818 1303 970 1339 illorum
992 1300 1173 1339 extendat
1191 1298 1305 1351 ww),
1339 1299 1478 1336 divinae
1506 1299 1628 1335 vindi—

131 1360 208 1394 ctae
227 1371 382 1410 quoque
402 1359 481 1396 vim
502 1358 617 1396 habet
637 1361 795 1411 iureque
824 1358 940 1409 νέμε
953 1371 975 1397 σ
989 1374 1002 1397 ι
1020 1375 1038 1406 ς
1058 1365 1216 1395 vocatur
1236 1358 1275 1393 in
1304 1355 1520 1392 Herodotea
1536 1369 1629 1391 nar-

130 1415 291 1451 ratione.
321 1414 370 1464 †)
429 1414 523 1451 Inde
554 1415 646 1453 deus
666 1430 695 1453 s.
717 1416 835 1452 divini
854 1417 1020 1452 numinis
1036 1416 1100 1452 illa
1119 1417 1173 1452 vis
1189 1415 1332 1461 fatalis,
1368 1426 1463 1465 quae
1484 1414 1523 1448 in
1540 1413 1629 1448 vin-

132 1469 231 1507 dicta
259 1472 326 1507 tali
353 1473 542 1521 cernitur,
584 1472 690 1510 dolos
720 1472 948 1525 fraudesque
988 1472 1082 1509 adeo
1111 1478 1263 1508 nectere
1292 1470 1448 1518 dicitur,
1491 1470 1628 1520 quibus

130 1528 309 1565 mortales
338 1530 519 1579 superbos
548 1530 588 1566 in
625 1531 835 1581 perniciem
864 1537 963 1580 agat,
994 1530 1130 1566 inscios
1167 1541 1266 1580 quae
1292 1528 1380 1578 ipsis
1400 1528 1630 1563 immineant

130 1585 255 1633 mala3
277 1584 354 1632 ††)
385 1599 457 1623 nec
478 1587 632 1635 mirum,
656 1587 758 1638 quod
782 1587 955 1624 divinum
975 1585 1071 1622 illud
1089 1599 1233 1622 numen
1255 1584 1475 1621 hominibus
1503 1584 1551 1619 ob
1567 1584 1630 1619 ni-

129 1642 249 1677 miam
269 1641 488 1679 felicitatem
509 1644 606 1680 ultra
631 1645 813 1680 terminos
836 1644 1016 1680 mortales
1038 1656 1077 1679 se
1099 1642 1343 1678 efferentibus
1366 1647 1404 1677 et
1420 1639 1538 1676 divini
1553 1652 1630 1675 nu-

129 1698 243 1734 minis
272 1706 450 1735 naturam
481 1699 743 1737 affectantibus
777 1700 936 1738 invidere
955 1698 1112 1747 dicitur,
1159 1697 1328 1750 deusque
1356 1699 1438 1748 ipse
1468 1703 1628 1733 vocatur

131 1750 349 1808 φθονερός.
379 1755 490 1807 Ἠ--ξὴ
546 1758 681 1810 Neque
712 1764 841 1795 tamen
874 1756 948 1794 hac
984 1755 1107 1795 divini.
1130 1756 1299 1792 numinis
1319 1755 1358 1793 vi
1393 1754 1537 1806 satique
1558 1766 1630 1790 ne-

223 1943 260 1988 *)
290 1944 371 1978 Vid.
405 1945 502 1979 verbi
535 1957 638 1980 causa
669 1946 696 1990 Ι,
721 1947 777 1981 32.
802 1947 857 1980 86.
882 1946 960 1981 207.
984 1945 1048 1987 ΙΙΙ,
1073 1944 1129 1979 43.
1163 1943 1245 1985 VII,
1271 1944 1337 1978 203
1360 1942 1445 1988 ibiq.
1470 1944 1554 1976 nott.
1580 1943 1624 1976 T.

133 1988 183 2022 111
206 2000 240 2034 p.
267 1990 345 2024 753.
371 1991 414 2033 V,
438 1991 460 2026 4
484 1991 598 2037 ibique
622 1995 709 2026 nott.
732 1993 777 2026 T.
802 1993 853 2025 ΙΙΙ
878 2004 912 2037 p.
938 1993 958 2025 6
983 2003 1055 2035 seq.
1080 1991 1159 2031 VII,
1184 1991 1240 2024 46.
1266 1990 1310 2024 Τ.
1334 1989 1387 2022 ΠΙ
1412 2001 1446 2033 p.
1460 1989 1629 2024 517.518.

133 2035 234 2069 Conf.
261 2036 362 2070 etiam
386 2037 463 2071 Alb.
489 2038 531 2071 de
553 2038 673 2083 Iongh.
697 2038 740 2072 de
764 2038 883 2083 philos.
909 2038 1074 2071 Herodot.
1092 2048 1126 2081 p.
1151 2036 1194 2069 58
1222 2047 1294 2081 seq.

224 2103 281 2148 **)
308 2105 384 2138 Vid.
416 2106 443 2147 Ι,
469 2107 510 2139 91
537 2106 652 2150 ibique
676 2110 761 2141 nott.
784 2107 828 2140 T.
853 2106 870 2139 I
894 2117 926 2150 p.
952 2105 1029 2138 229.
1054 2104 1120 2148 ΙΙΙ,
1146 2103 1190 2137 43
1214 2103 1330 2148 ibique
1355 2106 1440 2137 nott.
1466 2103 1512 2136 T.
1537 2103 1572 2136 ΙΙ
1595 2115 1629 2147 p.

132 2150 188 2184 31.
221 2151 265 2192 V,
290 2151 345 2184 33.
384 2151 428 2185 94
453 2154 484 2193 ἓ.
511 2152 543 2185 4.
578 2153 651 2193 Vll,
680 2154 721 2186 18
746 2152 829 2196 ibiq.
854 2155 940 2184 nott.
967 2151 1011 2183 T.
1038 2150 1087 2183 Ill
1114 2162 1147 2194 p.
1173 2151 1251 2184 471.
1284 2149 1348 2192 ΙΧ,
1377 2150 1429 2183 16.
1454 2150 1498 2182 T.
1524 2149 1573 2182 IV
1597 2161 1630 2193 p.

130 2196 212 2230 229.
249 2196 338 2229 Hinc
362 2208 405 2230 ne
428 2197 469 2230 iis
493 2197 624 2243 quidem
651 2198 839 2239 sacrificiis,
863 2197 984 2242 quibus
1009 2196 1094 2229 mala
1119 2196 1282 2228 divinitus
1306 2195 1512 2228 imminentia
1530 2206 1631 2229 aver-

130 2245 205 2274 tere
227 2242 329 2286 vulgo
346 2243 487 2277 student.
506 2245 677 2283 mortales,
702 2244 802 2276 ullam
825 2243 892 2276 vim
914 2242 1018 2276 tribui
1041 2241 1192 2276 videmus
1218 2244 1338 2275 contra
1361 2243 1446 2275 haec
1468 2241 1532 2274 sati
1557 2241 1632 2275 sive

132 2286 238 2320 divini
260 2288 401 2322 numinis
423 2289 573 2325 decreta.
618 2291 697 2323 Vid.
727 2290 802 2332 VII,
830 2291 904 2326 191.
932 2289 1006 2323 189.

224 2355 304 2401 ***)
330 2357 441 2391 Prava
466 2362 643 2402 parentum
667 2370 694 2393 s.
718 2360 879 2393 maiorum
902 2357 1057 2391 facinora
1080 2356 1112 2390 in
1137 2356 1283 2402 posteris
1308 2355 1502 2401 puniuntur.
1550 2354 1629 2387 Vid-

131 2400 162 2439 Ι,
193 2402 236 2436 91
272 2402 354 2447 ibiq.
390 2408 476 2437 nott.
511 2406 555 2439 T.
589 2406 605 2438 I
641 2417 673 2450 p.
708 2407 786 2440 229.
810 2405 872 2446 VI,
898 2405 941 2438 86
968 2405 993 2448 ᾗ.
1019 2405 1040 2438 3
1065 2409 1100 2437 et
1123 2407 1209 2438 nott.
1234 2404 1278 2437 T.
1302 2402 1355 2436 111
1382 2413 1416 2447 p.
1442 2401 1520 2436 349.
1550 2400 1630 2445 VH,

133 2447 200 2482 134
223 2448 305 2494 ibiq.
331 2454 417 2484 nott.
442 2451 486 2486 T.
513 2451 565 2484 111
588 2463 622 2496 p.
648 2453 714 2486 637
740 2452 816 2488 coll.
839 2450 918 2492 VH,
944 2451 1008 2484 137
1033 2461 1066 2495 p.
1093 2449 1170 2484 642.

223 2517 264 2561 †)
308 2517 386 2551 Vid.
411 2519 616 2564 potissimum
642 2520 669 2559 Ι,
694 2521 738 2554 32
761 2520 806 2553 Τ.
832 2519 848 2552 Ι
873 2531 905 2562 ρ.
930 2520 972 2553 81
998 2522 1034 2552 et
1056 2519 1083 2560 Ι,
1110 2519 1155 2553 34
1175 2517 1249 2552 coll.
1282 2517 1346 2558 ΙΙΙ,
1370 2515 1426 2550 40.
1452 2516 1527 2549 128.
1568 2514 1630 2555 IV.

135 2563 212 2597 166.
247 2564 327 2597 205.
359 2565 404 2600 T.
434 2565 469 2598 11
496 2576 529 2609 p.
555 2566 630 2598 640.
657 2566 716 2607 vt,
742 2565 796 2600 84.
823 2565 898 2607 vn,
929 2566 1004 2599 137.
1031 2564 1126 2606 vni,
1156 2565 1218 2598 108
1243 2563 1316 2607 (T.
1344 2562 1394 2595 lv
1419 2573 1452 2606 p.
1480 2560 1570 2602 144)
1596 2565 1632 2592 et

135 2608 213 2660 109..
239 2610 314 2643 129.
339 2610 402 2652 IX,
429 2611 483 2644 64.
510 2611 584 2644 Alb.
610 2611 652 2644 de
676 2612 792 2656 longh.
827 2612 879 2646 De
902 2611 1098 2655 Pliilosoph.
1122 2609 1289 2645 Herodot.
1313 2620 1347 2654 p.
1372 2607 1417 2642 40
1439 2618 1550 2652 seqq„
1574 2604 1631 2651 qui

135 2652 224 2687 ldem
246 2666 280 2700 p.
304 2655 349 2689 50
373 2657 414 2690 de
434 2658 669 2702 providentia.

226 2725 293 2769 ÷÷>
319 2725 418 2760 conf.
442 2725 488 2768 Π,
514 2727 578 2760 120
603 2725 677 2760 con.
701 2725 764 2767 lx,
787 2725 843 2760 91.
865 2744 912 2750 -
935 2724 996 2768 IV,
1021 2725 1065 2760 79
1089 2723 1163 2757 0011.
1188 2723 1232 2766 11,
1258 2723 1335 2758 161.

227 2792 321 2837 †††)
357 2794 460 2829 Conf.
491 2795 520 2838 Ι,
532 2796 577 2829 32
599 2794 681 2839 ibiq.
714 2797 810 2828 nott-
825 2794 869 2828 T.
895 2793 913 2827 Ι
937 2805 969 2838 p.
989 2794 1044 2829 81.
1068 2792 1132 2837 ΙΙΙ,
1158 2792 1214 2829 40.
1236 2792 1298 2836 IV,
1322 2790 1399 2827 205.
1423 2789 1502 2832 VII,
1527 2789 1571 2825 10
1595 2789 1628 2830 §-

138 2835 171 2871 5.
197 2837 274 2880 Vll,
297 2840 341 2874 46
364 2840 424 2875 fin.
447 2841 522 2877 Alb.
545 2841 589 2875 (le
611 2841 730 2885 longh.
754 2840 778 2874 l.
802 2840 825 2874 l.
850 2852 884 2886 p.
908 2840 953 2875 32
976 2850 1072 2886 seqq.
