1847 3272
597 232 926 269 URANIA
985 234 1106 271 VIII.
1436 236 1463 275 5

179 339 372 391 8Στάσις
399 339 481 394 γὰρ
505 339 698 396 ἔμφυλος
717 340 910 395 πολέμου
934 338 1286 396 ὁμοφρονέοντος
1304 341 1460 385 τοσού-

207 426 265 468 τῳ
295 405 446 452 κάκιόν
475 408 584 459 ἐστι,
629 407 717 465 ὅσῳ
746 407 932 462 πόλεμος
961 407 1143 464 εἰρήνης.

775 473 856 520 οὐκ
901 474 1168 525 ἀντέτεινον,

205 494 276 520 νοι
318 471 381 519 οἷν
424 473 530 520 αὐτό
571 480 725 530 τοῦτο,

1210 408 1458 464 Ἐπιστοῖμε-

1212 475 1301 520 ἀλλ’
1345 473 1461 521 εἶκον
1470 485 1515 520 35

171 545 322 601 4μέχρι
351 543 458 587 ὅσου
487 544 623 598 κάρτα
653 545 824 588 ἐδέοντο
856 542 1023 597 αὐτῶν,
1058 542 1115 594 ὦς
1145 543 1347 595 διέδεξαν.
1399 545 1457 597 ὥς

201 612 284 668 γάρ
316 612 367 667 δὴ
400 610 616 668 ὠσάμενοι
644 613 721 656 τὸν
742 613 916 667 Πέρσεα
945 611 1042 664 περὶ
1071 615 1146 667 τῆς
1175 610 1344 654 ἐκείνου
1374 610 1457 670 ἤδη

199 682 278 722 τὸν
319 680 468 735 ἀγῶνα
507 680 759 733 ἐποιεῦντο,
809 679 1037 735 πρόφασιν
1073 678 1153 735 τὴν
1194 682 1455 723 Παυσανίεω

199 747 330 803 ὕβριν
358 749 685 804 προϊσχόμενοι,
726 747 952 791 ἀπείλοντο
983 747 1060 805 τὴν
1088 747 1322 804 ἡγεμονίην
1351 747 1456 799 τοὺς

198 817 585 872 Λακεδαιμονίους.

194 1019 341 1070 Στάσις
369 1020 444 1076 γοὲρ
474 1021 647 1073 ἔμφυλος
674 1021 791 1063 πολέ-

137 1093 215 1130 μου
243 1094 280 1118 κ.
311 1095 342 1118 τ.
375 1081 429 1128 L]
481 1081 659 1128 „Excitat
700 1079 791 1118 hinc

138 1134 331 1174 Choricius
366 1138 467 1178 Orat.
506 1138 546 1173 in
582 1137 790 1174 Summum

135 1193 282 1230 Ducem
303 1207 359 1244 cp.
384 1197 431 1234 11
450 1194 547 1231 Bibl.
559 1195 692 1234 Graec.
715 1196 789 1231 Fa-

135 1250 226 1287 bric.
251 1251 296 1297 V,
310 1253 358 1290 31
385 1251 454 1315 [Τ.
464 1251 568 1298 VIII]
595 1264 684 1302 pag.
706 1253 787 1292 869

134 1302 217 1360 όσῳ
236 1304 311 1358 γοῖρ
335 1303 489 1357 εἰρήνη,
511 1306 636 1357 φησὶν
666 1310 788 1344 Hero·

134 1361 263 1411 doum,
285 1363 482 1428 πραοτε’ρα
501 1362 698 1415 πολέμου,
720 1379 788 1402 το-

133 1415 262 1484 σούτῳ
294 1415 463 1471 πόλεμος
502 1419 578 1469 ε’φυ
614 1418 787 1466 στάσεως

134 1472 378 1527 ἷμερώτερος
411 1476 567 1523 Quanto,
589 1477 785 1527 iuquztille‚

128 1546 204 1582 pax
223 1532 309 1569 bello
332 1533 505 1580 sedatwr,
538 1537 636 1569 tanto
658 1533 784 1569 bellum

130 1589 296 1626 sedzfftzone
311 1588 510 1625 amabilius.
546 1591 682 1625 Nonne
701 1601 783 1624 me-

130 1658 168 1682 ra
210 1645 417 1682 sententiae
456 1643 783 1695 παραδιόρθωσις

131 1698 244 1746 estPf‘
280 1700 461 1738 Wessel.
493 1701 689 1738 Sententia
705 1703 778 1737 He-

130 1756 254 1795 rodoti
264 1756 360 1795 haec
369 1765 423 1795 est
436 1770 446 1794 :
475 1758 699 1796 seditionem
711 1757 782 1795 do-

127 1816 326 1852 mesticam
362 1814 409 1863 (s-
432 1815 577 1852 bellum
597 1817 696 1853 inter
725 1814 781 1852 di-

126 1885 250 1909 versas
282 1872 417 1908 Graeci
450 1874 616 1910 nominis
647 1879 780 1923 gentes

126 1928 270 1978 ortum)
290 1935 395 1965 tanto
412 1930 582 1979 peiorem
603 1943 680 1966 esse
701 1929 781 1965 bel-

125 1985 177 2032 lo,
201 1983 303 2036 quod
326 1999 374 2021 ex
394 1987 568 2022 omnium
592 1984 780 2036 (Graeco-

128 2042 229 2090 rum)
250 2054 434 2078 consensu
454 2041 650 2094 (adversus
671 2049 780 2079 ene-

128 2099 256 2145 ros)b
236 2104 396 2143 stertitur,
427 2107 567 2148 quanto
597 2100 704 2150 peior
733 2100 780 2137 sit

123 2153 203 2204 ipsa
223 2165 299 2202 pax
318 2153 433 2188 bello.

181 2207 292 2259 μέχρι
329 2204 426 2247 όσου
463 2204 589 2258 κάρτα
621 2206 776 2247 ἐδέοντο

125 2260 277 2313 αυταῖν]
308 2265 333 2301 i.
359 2279 392 2301 e.
425 2265 648 2302 Athenienses
667 2278 777 2301 cesse-

122 2325 217 2369 runt,
241 2321 409 2371 quamdiu
421 2322 494 2359 illis
513 2322 684 2373 (reliquis
695 2322 774 2358 scil.

122 2379 304 2415 Graeciae
321 2379 549 2427 civitatibus)
571 2390 776 2427 magnopere

121 2435 338 2484 indigebant.
373 2436 525 2472 Retinui
540 2433 649 2484 μέχρι
665 2431 774 2481 ὅσον,

122 2490 226 2542 quod
256 2492 390 2540 optimi
419 2500 455 2528 et
493 2492 646 2542 plurimi
674 2492 776 2527 fere-

121 2549 213 2585 bant
230 2547 328 2584 libri.
364 2548 440 2584 Alii
461 2547 569 2599 μέχρι
592 2561 622 2584 s.
644 2545 774 2597 μέχρις

174 2605 279 2644 Τιι
301 2604 349 2641 cf.
383 2606 413 2650 Ι,
443 2607 534 2645 181.
580 2603 642 2641 Ad
659 2605 773 2641 veiba

119 2661 296 2711 proxima
318 2676 371 2706 ως
391 2660 567 2708 διέδεξαν
596 2660 644 2697 cf.
674 2667 770 2698 nott.

121 2716 170 2758 ad
190 2718 222 2753 Ν
224 2718 270 2764 11,
296 2719 372 2757 172
394 2725 430 2754 et
449 2717 496 2754 de
515 2718 637 2754 forma
657 2730 771 2753 accu-

119 2774 226 2810 sativi
250 2773 414 2824 Πέρσεα,
445 2775 550 2811 cuius
577 2775 662 2811 loco
681 2775 771 2810 Flo-

120 2830 287 2868 rentinus
308 2841 397 2868 cum
410 2829 556 2869 duobus
568 2832 646 2868 aliis
672 2829 769 2882 Πέρ-

643 816 749 861 ἀλλὰ
777 819 914 861 ταῦτα
947 816 1026 873 μὲν
1054 815 1239 873 ὕστερον
1267 815 1451 871 ἐγένετο.
1467 819 1512 857 4ο

848 1036 935 1075 σην,
963 1022 1110 1065 Μειῒῒῐι.Δ
1131 1025 1198 1063 Gr.
1227 1025 1292 1063 Gr.
1327 1026 1359 1070 ξ.
1393 1026 1440 1065 91
1466 1038 1506 1076 p.

851 1082 944 1122 195.

903 1137 990 1190 περὶ
1021 1139 1110 1187 τῆς
1139 1136 1311 1185 ἐκείνου]
1342 1137 1502 1174 Minime

847 1207 940 1244 opus
961 1208 1049 1232 cum
1066 1194 1183 1231 Galeo
1205 1195 1391 1243 corrigere
1413 1193 1504 1243 περὶ

844 1253 933 1303 γῆς
974 1251 1149 1298 ἐκείνου,
1189 1249 1502 1303 quandoquidem

843 1309 980 1345 vocula
999 1312 1050 1360 γῆ
1070 1308 1109 1344 ἰη
1126 1308 1260 1345 talibus
1272 1308 1501 1359 plerumque

843 1366 1032 1411 reticetur,
1053 1371 1096 1401 ut
1116 1366 1214 1411 VIII,
1236 1365 1303 1404 41·
1329 1366 1428 1411 1063
1451 1377 1500 1400 ne

841 1421 951 1470 plura
973 1421 1129 1457 afferam
1159 1421 1198 1456 in
1228 1433 1268 1456 re
1288 1432 1499 1470 sanequaln

840 1478 1048 1513 notissima.
1081 1477 1308 1525 Intelligitur
1323 1487 1450 1511 autem
1470 1475 1500 1526 ἦ

839 1532 993 1572 ἐκείνου
1009 1540 1108 1569 terra
1122 1533 1242 1569 Xerxi
1256 1530 1418 1580 subdita,
1434 1533 1498 1568 ‘m-

838 1590 968 1640 primis
987 1590 1078 1626 Asia
1097 1590 1234 1626 minor·

894 1641 1164 1697 πρόφασιν
1212 1641 1286 1696 τήν
1328 1646 1495 1684 Παυσα-

838 1702 932 1741 νίεω
986 1698 1108 1753 ὕβριν
1167 1717 1227 1753 πρ
1243 1697 1495 1752 οϊσχόμε-

839 1759 944 1807 νοι]
996 1760 1123 1806 „Satis
1150 1766 1228 1796 erat
1258 1757 1394 1795 dixisse
1423 1755 1497 1808 τήν

840 1816 1078 1855 Παυσανίεω
1107 1811 1226 1866 ὕβριν
1254 1810 1490 1866 προϊσχόμε*

836 1887 900 1911 νοι
913 1901 922 1920 ,
964 1879 1005 1909 ut
1033 1873 1094 1909 hoc
1115 1871 1251 1910 illudve
1288 1876 1491 1921 praetexere

837 1927 974 1966 dicitur
985 1927 1224 1980 προέχεσθαί
1244 1939 1298 1966 ‘nt
1320 1927 1387 1965 sed
1400 1929 1495 1964 scri-⁴

835 1986 924 2022 bere
952 1987 1088 2023 Noster
1119 1986 1254 2022 maluit
1285 1980 1491 2033 πρόφασιν

834 2041 1101 2093 προσχέσθαι,
1130 2049 1172 2079 ut
1198 2041 1263 2089 IV,
1296 2043 1373 2082 165
1406 2041 1488 2088 [ubi

835 2098 912 2136 vid.
925 2100 1041 2147 nom]
1054 2100 1115 2147 Vl,
1129 2101 1247 2139 137.“
1276 2097 1333 2134 Va
1343 2097 1355 2133 l
1367 2110 1383 2134 c
1393 2097 1412 2133 lc
1426 2111 1442 2134 e
1452 2111 1487 2135 n.

892 2151 1100 2194 α’πείλοντο
1149 2152 1222 2202 τὴν
1268 2151 1487 2204 ἡγεμονίην

831 2206 1295 2258 τούςΛακεδι-ιιμονίους]
1319 2209 1486 2244 Destru-

833 2272 938 2302 ctura
958 2267 1059 2303 vocis
1081 2260 1342 2314 ἄφαιρεῖσθαι
1373 2264 1485 2300 Γαί-

833 2322 1045 2359 ckenaer.
1073 2323 1191 2359 citans
1222 2320 1285 2367 VI,
1317 2322 1370 2360 70
1401 2321 1485 2368 (ubi

832 2379 932 2417 cons.
954 2379 1066 2426 nott.)
1097 2385 1133 2415 et
1163 2375 1307 2414 Thom.
1336 2377 1484 2426 Magist.

830 2451 860 2472 s.
876 2448 913 2473 v.
934 2449 972 2485 p.
991 2437 1080 2483 130,
1102 2434 1197 2471 haec
1218 2433 1264 2471 ad
1283 2434 1406 2483 ipsum
1421 2446 1483 2469 ar-

830 2499 1060 2543 giunentum
1123 2492 1198 2528 loci
1263 2488 1479 2540 adscripsit:

830 2549 996 2596 „Evenit
1023 2548 1086 2585 illa
1109 2561 1166 2585 res
1199 2546 1363 2584 triennio
1384 2553 1480 2597 post,

831 2606 887 2644 Ol.
897 2606 1054 2653 LXXV,
1067 2604 1105 2645 4.
1139 2601 1386 2641 Athenienses
1398 2609 1481 2638 tum

829 2663 1008 2713 temporis
1046 2661 1221 2698 dicuutur
1259 2657 1481 2711 Thucydidi

827 2720 857 2766 I,
879 2720 931 2758 96
959 2713 1253 2769 παραλαβόντες
1283 2731 1354 2767 την
1386 2730 1481 2780 ηγε-

828 2776 972 2826 μονίαν
1008 2771 1179 2814 ἑκόντων
1213 2787 1294 2812 των
1331 2767 1479 2823 ξυμμα-

827 2846 907 2883 χων
929 2828 993 2872 διοὶ
1024 2847 1066 2872 το
1091 2831 1323 2871 Παυσαιίον
1354 2832 1481 2877 μῖσος
