1879 3222
543 169 1006 210 CALLIOPE.

1066 173 1146 209 IX.
1389 174 1474 214 359

212 278 389 334 φῄυασα
411 276 650 332 Ἄμηστρις,
680 275 707 331 ἡ
738 275 904 329 Ξέρξεω
934 281 1069 336 γυνή,
1113 283 1256 336 φᾶρος
1292 281 1400 338 μέγα
1429 299 1474 327 τε

210 347 282 389 καὶ
311 347 508 389 ποικίλον
551 344 623 386 καὶ
652 345 756 400 θέης
785 344 930 398 ἄξιον,

972 349 1089 390 διδοῖ
1125 349 1276 406 Ξέρξῃ.
1348 349 1371 393 ὁ
1415 350 1476 403 δὲ,

210 413 373 470 ἡσθεὶς,
401 410 705 466 περιβάλλεταί
734 428 778 454 τε
809 414 878 455 καὶ
910 413 1075 469 ἔρχεται
1116 418 1235 470 παρὰ
1272 418 1350 473 τήν
1380 418 1475 472 Ἀρ-

181 489 202 522 2
213 481 410 536 ταΰντην.

468 479 616 536 ἡσθεὶς
647 480 691 523 δὲ
721 481 793 524 καὶ
824 480 971 538 ταύτῃ,
1002 482 1192 527 ἐκέλευσε
1232 485 1371 542 αὐτὴν
1413 488 1534 530 occ-30

207 554 331 606 τῆσαι
361 547 387 591 ὅ
415 565 454 591 τι
484 549 689 604 βούλεταί
713 551 756 592 οἱ
784 549 986 604 γενέσθαι
1016 549 1115 593 α’ντὶ
1143 556 1231 595 τῶν
1268 553 1389 610 αὐτῷ
1421 553 1475 598 ὑ-

205 617 542 672 πουργημένων
574 617 717 661 πάντα
745 618 829 674 γὰρ
849 618 1075 670 τεύξεσθαι
1107 618 1359 676 αἰτήσασαν.

1419 626 1473 679 τῇ

204 687 250 728 δὲ
278 688 422 736 κακῶς
451 684 535 741 γὰρ
567 686 654 729 ἔδεε
685 688 890 744 πανοικίῃ
921 686 1150 743 γενέσθαι,
1191 689 1301 742 πρὸς
1330 694 1469 734 ταῦτα

172 751 297 796 adae
328 754 491 810 Ξέρξῃ·
525 754 721 806 ,,Λω’σεις
750 771 825 810 μοι
853 754 902 798 τὸ
938 752 992 798 ἄν
1027 766 1072 799 σε
1104 754 1328 812 αἰτήσω,·“
1369 755 1392 799 ὁ
1424 757 1469 800 δὲ

198 824 290 863 πᾶν
318 825 485 876 μᾶλλον
517 823 682 866 δοκέων
711 825 859 880 κείνην
889 825 1079 879 αἰτῆσαι,
1110 823 1362 879 ὑπισχνέετο
1395 825 1524 868 καὶ35

198 888 353 943 ὤμοσε.
413 889 440 945 ἡ
482 890 527 933 δὲ
540 926 550 942 ,

592 889 650 942 ὠς
680 890 842 946 ὤμοσε,
884 890 1019 943 ἀδεῶς
1051 891 1178 936 αἰτέει
1213 891 1263 936 τό
1305 895 1463 947 φᾶρος.

165 957 356 1014 4Ξέρξης
386 958 430 1001 δὲ
459 964 667 1010 παντοῖος
698 960 885 1014 ἐγίνετο,
916 960 969 1004 οὐ
994 960 1264 1017 βουλόμενος
1289 962 1460 1005 δοῦναι·

139 1131 214 1169 que
244 1118 358 1154 simul
389 1118 634 1154 manifestum
663 1118 703 1155 fit
725 1117 797 1156 hac

138 1187 187 1210 ex
206 1175 434 1221 narratione,
452 1187 526 1226 quo
542 1174 659 1211 modo
675 1177 713 1212 in
736 1190 796 1212 re-

135 1244 230 1281 gum
249 1233 449 1268 Persarum
469 1234 712 1282 gymnaeceis
735 1236 796 1283 agi

135 1289 290 1324 solitum
308 1289 443 1325 fuerit:
491 1291 531 1324 in
565 1302 682 1341 quam
712 1304 794 1327 rem

133 1345 282 1395 insigne
304 1352 425 1382 exstat
452 1345 634 1382 Estherae
663 1360 797 1383 exem—

133 1402 253 1452 plum,
267 1415 382 1453 quam
393 1404 512 1452 ipsam
524 1403 669 1438 nullam
683 1405 796 1441 aliam

134 1471 174 1494 re
208 1472 297 1495 vera
326 1459 439 1495 fuisse
469 1466 583 1510 atque
612 1461 795 1497 Amestri-

133 1514 234 1562 dem,
275 1516 347 1551 alio
373 1517 528 1551 nomine
551 1517 590 1552 iu
609 1517 712 1553 libris
732 1530 794 1553 sa-

131 1573 201 1608 cris
236 1573 452 1618 vocitatam,
484 1573 591 1608 fuere
612 1574 677 1624 qui
698 1587 793 1610 con-

128 1627 340 1666 tenderent.
400 1627 481 1667 Sed
517 1628 612 1666 haec
653 1637 689 1666 et
718 1631 790 1666 alia

127 1683 392 1721 huiuscemodi
406 1686 540 1722 lubens
553 1684 613 1722 hic
624 1693 789 1724 transeo.

183 1737 205 1780 ’ὅ
226 1757 262 1780 τι
288 1737 489 1792 βούλεται]
514 1745 569 1778 De
590 1741 664 1779 hoc
685 1743 789 1779 indi-

128 1799 250 1835 cativo
271 1798 359 1836 vide
378 1800 426 1836 sis
446 1806 541 1836 nott.
572 1799 621 1836 ad
640 1801 668 1847 Ι,
694 1803 786 1840 163.

129 1855 193 1892 Sic
229 1857 298 1903 IX,
321 1859 414 1895 111.
446 1855 597 1895 ποιέειν
627 1853 674 1894 τὰ
692 1853 787 1906 βού-

128 1913 246 1950 λεται.
306 1913 349 1947 lu
381 1925 486 1964 seqq.
528 1914 788 1950 accusativum

127 1964 258 2006 πάντα
274 1967 322 2004 ad
344 1966 563 2018 αἰτήσασαν
583 1970 705 2006 refero
715 1983 787 2006 ne-

127 2037 202 2076 que
224 2023 272 2060 ad
291 2021 513 2071 τεύξεσθαι.

182 2083 234 2136 τῇ
264 2078 306 2120 δὲ
337 2084 469 2127 κακῶς
495 2078 570 2133 γιὶρ
606 2080 688 2121 ἔδεε
709 2097 788 2120 πα-

126 2137 258 2192 νοικίῃ
280 2136 486 2189 γενέσθαι]
511 2137 594 2175 Vid.
615 2140 644 2184 Ι,
663 2141 700 2178 ὅ.
722 2139 786 2186 1V,

127 2197 181 2235 79
213 2202 250 2231 et
281 2193 328 2231 de
365 2208 435 2231 usu
475 2196 682 2245 particulae
710 2192 786 2246 γάρ

125 2252 155 2299 Ι,
177 2252 215 2291 8.
233 2249 302 2292 24.
360 2252 480 2288 Voces
500 2254 550 2305 τῇ
572 2249 614 2289 δὲ
637 2265 714 2288 non
738 2251 786 2288 ad

125 2308 316 2361 πανοικίῃ
356 2308 487 2344 referri
533 2321 642 2358 posse
689 2309 786 2345 bene

125 2371 257 2401 monet
283 2363 501 2415 Schweigh.
523 2364 590 2401 sed
619 2364 667 2401 ad
697 2379 786 2402 mu-

125 2422 269 2460 lierem.
328 2423 428 2457 Nam
456 2420 560 2458 idem
592 2429 645 2458 est
681 2435 724 2458 ac
754 2423 786 2459 si

125 2477 279 2516 dixisset
298 2480 457 2515 Noster:
499 2476 527 2528 ή
557 2476 620 2525 δὲ,
652 2481 786 2525 κακῶς

126 2531 200 2587 γάρ
243 2535 283 2574 οἱ
331 2534 413 2574 ἔδεε
449 2535 641 2588 πανοικίῃ
679 2533 786 2586 γενέ-

128 2596 243 2640 σθαι,
276 2589 359 2631 εἶπε
385 2590 523 2644 Ξέρξῃ.
575 2591 637 2628 Ad
652 2604 789 2628 vocem

128 2649 314 2701 πανοικίῃ
346 2662 423 2686 cum
444 2653 518 2685 tota
540 2648 650 2694 domo,
674 2647 789 2699 sami-

132 2704 182 2740 lia
203 2705 301 2742 conf.
322 2713 418 2745 nott.
441 2705 489 2742 ad
511 2704 593 2752 Vn,
610 2707 676 2744 39.

185 2765 368 2810 παντοῖος
398 2761 577 2816 ἐγένετο]
625 2762 648 2800 i.
684 2775 718 2799 e.
754 2762 792 2800 in

856 1133 967 1157 omnes
983 1135 1018 1158 se
1039 1124 1207 1158 convertit
1216 1122 1378 1171 formas,
1403 1124 1521 1160 omnia

853 1179 1017 1225 tentavit,
1041 1178 1175 1229 quibus
1195 1179 1302 1214 illam
1334 1186 1520 1217 averteret

854 1235 1010 1286 eiusque
1031 1249 1067 1284 p
1067 1249 1160 1271 *eces
1182 1243 1388 1272 amoveret.
1432 1234 1515 1273 Vid.

851 1291 1019 1339 111,124
1042 1293 1173 1343 ibique
1194 1299 1290 1328 nott.
1332 1291 1393 1328 Ad
1409 1305 1517 1344 seqq.

852 1343 936 1385 κατ’
967 1345 1061 1386 ἄλλο
1089 1363 1135 1398 ue
1141 1363 1161 1385 ν
1187 1344 1279 1386 ου’ὄὲ
1285 1363 1306 1386 ν
1339 1349 1385 1385 cf.
1421 1356 1516 1390 nott

852 1403 1220 1450 adx111‚30.Mox
1240 1406 1389 1452 retinui,
1411 1404 1515 1456 quod

851 1460 1123 1512 codd.quidam
1135 1462 1318 1508 serebant,
1332 1476 1516 1501 κατεικα-

851 1512 984 1570 ζούσῃ,
1007 1519 1112 1555 cuius
1124 1518 1208 1555 loco
1221 1516 1404 1568 Schwgh.
1419 1531 1514 1555 cou-

847 1575 986 1610 iecerat
1005 1572 1322 1624 κατεικαζούσης.
1381 1575 1512 1624 Gaisf„

847 1643 963 1681 quem
976 1632 1296 1681 sequiturNegris,
1311 1644 1330 1666 e
1342 1631 1512 1680 pluribus

846 1685 1068 1723 codd.dedit
1079 1684 1432 1735 κατεικαζουσα,ὺίε
1444 1686 1513 1725 ad-

845 1742 954 1780 ditis:
974 1744 1170 1794 „legitima
1188 1745 1393 1781 verborum
1414 1757 1510 1781 con-

845 1801 999 1837 structio
1030 1801 1255 1851 postulabat,
1284 1808 1326 1837 ut
1353 1808 1509 1838 senten-

844 1858 895 1893 tia
907 1856 1031 1893 hunc
1023 1872 1061 1893 m
1081 1857 1244 1895 modum
1265 1856 1505 1895 decu1··:re1et

845 1929 898 1964 μη
930 1929 997 1952 και
1027 1929 1122 1965 ποιν
1148 1910 1431 1983 κατεικαζυυσα
1455 1911 1505 1953 τὰ

844 1966 1038 2021 γινόμενα
1052 1998 1063 2016 ,
1085 1967 1189 2009 ου’τω
1210 1969 1360 2021 Ξέρξην
1375 1966 1505 2021 ποήσ-

846 2038 966 2065 σοντα
984 2024 1215 2077 καταλάβοι.
1274 2028 1372 2062 Eam
1400 2040 1504 2064 nuuc

843 2083 1022 2119 immutat
1036 2085 1206 2133 scriptor,
1218 2084 1269 2119 ita
1287 2090 1327 2119 ut
1344 2096 1505 2134 sequens

843 2140 1006 2176 verbum
1038 2152 1059 2175 a
1091 2141 1294 2176 remotiore
1322 2141 1504 2176 nomina-

843 2197 920 2232 tivo
941 2194 1146 2246 pendeat.“
1195 2195 1274 2233 Sed
1294 2194 1367 2233 hoc
1391 2197 1505 2235 nimis

842 2251 993 2289 videtur
1036 2254 1261 2304 quaesitum,
1301 2266 1373 2290 nec
1412 2267 1504 2290 sane

843 2310 920 2345 ulla
940 2317 1095 2359 apparet
1111 2322 1234 2356 causa,
1257 2323 1324 2345 cur
1343 2311 1503 2360 scripto-

843 2379 924 2402 rem
946 2373 1024 2402 tam
1044 2367 1167 2403 subito
1177 2373 1404 2403 structuram
1417 2380 1502 2403 ora-

841 2424 954 2459 tionis
967 2429 1131 2459 mutasse
1152 2422 1363 2463 credamus.
1421 2425 1502 2459 Im-

841 2493 906 2516 mo
936 2480 1047 2530 plana
1068 2479 1245 2517 videntur
1273 2479 1422 2526 omnia,
1471 2481 1501 2517 si

844 2535 1015 2573 dativum
1045 2532 1328 2590 κατεικαζούσῃ
1366 2536 1501 2573 referas

843 2592 892 2629 ad
930 2594 1119 2643 passivum
1147 2592 1362 2646 ἐπευρεθῇ.
1429 2594 1500 2629 Ti-

843 2650 973 2686 mebat
988 2650 1066 2685 scil.
1090 2651 1248 2696 Xerxes,
1269 2662 1310 2685 ne
1327 2650 1372 2685 ab
1392 2649 1499 2687 Ame-

845 2705 975 2751 stn'de,
1005 2719 1093 2755 quae
1121 2708 1193 2742 iam
1209 2710 1313 2743 antea
1335 2707 1497 2742 conficie-

845 2763 905 2800 bat
921 2775 974 2811 ea,
1005 2762 1207 2814 quaefacta
1227 2767 1321 2810 sunt,
1329 2764 1496 2800 inuenire-
