1996 3238
513 220 595 260 120
922 223 1375 262 HERODOTI

512 343 580 370 τοι
624 327 755 382 ἔγωγε
793 327 873 384 ἔχω
904 330 1059 385 εἰπεῖν,
1101 331 1201 376 οὔτε
1242 334 1278 376 εἰ
1319 333 1366 377 ἐκ
1412 335 1620 389 προνοίης
1660 336 1769 381 αὐτοὶ

511 394 703 450 ἐποίησε,
734 393 834 438 οὔτε
864 398 901 439 εἰ
931 399 1194 456 συνεκύρησε
1225 400 1250 457 ἡ
1281 405 1369 443 τῶν
1401 402 1666 445 Καλυνδέων
1697 420 1770 447 κα-

15 488 19 531 3
491 461 575 504 6τὰ
613 462 746 517 τύχην
783 471 1098 517 παραπεσοῦσα
1136 472 1254 523 νηῦς.
1317 468 1374 520 (ὃς
1415 470 1460 512 δὲ
1499 469 1672 524 ἐνέβαλέ
1720 487 1765 514 τε

17 544 19 590 2
511 529 585 572 καὶ
614 529 841 583 κατέδυσε,
869 532 1041 590 εὐτυχίῃ
1071 534 1337 590 χρησαμένη,
1369 538 1497 580 διπλᾶ
1528 538 1695 594 ἑωυτήν
1725 538 1828 581 ἀ-85

16 593 25 607 ”
511 596 629 652 γαθὰ
660 597 881 652 ἐργάσατο.
941 601 966 644 ὅ
996 618 1038 644 τε
1076 604 1158 656 γὰρ
1189 606 1262 657 τῆς
1289 602 1475 659 Ἀττικῆς
1513 606 1618 660 νηός
1659 606 1774 662 τριή-

514 681 688 719 ραρχος,
719 664 774 717 ὡς
805 665 888 711 εἶδέ
917 685 991 724 μιν
1024 670 1324 724 ἐμβάλλουσαν
1352 673 1428 726 νηῒ
1457 670 1632 724 ἀνδρῶν
1663 676 1773 726 βαρ-

515 731 695 788 βάρων,
731 736 914 789 νομίσας
942 735 1023 790 τὴν
1053 743 1134 791 νῆα
1173 738 1252 791 τὴν
1279 736 1535 794 Ἀρτεμισίης
1564 738 1591 794 ἢ
1622 739 1774 796 Ἐλλη-

515 802 616 843 νίδα
656 798 788 852 εἶναι,
825 802 854 858 ἢ
892 801 1173 858 αὐτομολέειν
1203 805 1249 848 ἐκ
1279 809 1364 847 τῶν
1402 806 1660 860 βαρβάρων,
1702 807 1830 849 καὶ90

516 867 687 911 αὐτοῖσι
716 868 913 924 ἀμύνειν,
944 870 1235 925 ἀποστρέψας,
1262 871 1371 927 πρὸς
1396 871 1528 923 ἄλλας
1557 873 1772 927 ἐτράπετο.

338 996 347 1003 ·
387 934 454 980 SS
517 939 656 996 Τοῷτο
687 937 786 990 μὲν,
816 942 991 981 τοιοῦτο
1026 937 1136 996 αὐτῇ
1169 939 1394 996 συνήνεικε
1425 941 1648 995 γενέσθαι,
1681 942 1776 983 δια-

0 1020 26 1108 .ζέ
184 999 462 1100 Ξὲέἕῃῖζέῗὲὲῧ
521 1004 699 1059 φυγέειν
741 1022 785 1048 τε
824 1006 896 1048 καὶ
936 1005 994 1062 μὴ
1024 1005 1293 1052 ἀπολέσθαι·
1351 1012 1481 1051 τοῦτο
1514 1008 1581 1059 δὲ,
1617 1006 1776 1063 συνέβη

518 1072 625 1115 ὥστε
654 1072 792 1116 κακὸν
824 1073 1142 1130 ἐργασαμένην,
1172 1074 1258 1118 ἀπό
1289 1076 1456 1119 τούτων
1485 1074 1620 1130 αὐτὴν
1656 1074 1777 1130 μάλι-

519 1151 598 1183 στα
629 1140 913 1196 εὐδοκιμῆσαι
940 1143 1058 1194 παρὰ
1094 1143 1242 1200 Ξέρξῃ.
1304 1142 1470 1197 λέγεται
1511 1144 1620 1198 γὰρ,
1660 1147 1832 1199 βασι-95

515 1207 590 1250 λέα
618 1208 874 1264 θηεύμενον,
905 1215 1064 1265 μαθεῖν
1084 1210 1164 1266 τήν
1193 1214 1278 1267 νῆα
1307 1210 1602 1266 ἐμβαλοῦσαν·
1634 1210 1705 1253 καὶ
1724 1209 1779 1267 δη’

515 1291 614 1318 τινα
649 1274 763 1320 εἶπαι
800 1281 889 1321 τῶν
916 1277 1188 1332 παρεόντων·
1225 1279 1477 1331 ,,Δε’σποτα,
1510 1276 1616 1335 ὁρςῖς
1641 1278 1780 1332 Ἀρτε-

516 1344 685 1399 μισίην,
726 1343 785 1396 ὦς
815 1341 865 1389 εὖ
894 1346 1167 1401 ἀγωνίζεται,
1204 1347 1277 1390 καὶ
1318 1350 1404 1402 νῆα
1441 1350 1528 1388 τῶν
1559 1349 1778 1401 πολεμίων

516 1411 813 1463 ,,κατέδυσε;“
852 1415 926 1457 καὶ
964 1413 1042 1457 τόν
1082 1413 1351 1468 έπείρεσθαι,
1392 1416 1428 1457 εἰ
1459 1413 1657 1469 ἀληθέως
1689 1414 1780 1458 ἐστὶ

23 1472 32 1522 'i
475 1515 477 1518 .
517 1475 773 1537 Ἀρτεμισίης
802 1480 851 1524 τὸ
882 1481 1028 1536 ἔργον·
1087 1482 1159 1525 καὶ
1187 1480 1291 1532 τοὺς
1317 1480 1458 1537 φάναι
1496 1482 1698 1536 ,,σαφέως
1725 1481 1776 1524 τὸ

519 1544 733 1602 ἐπίσημον
762 1552 837 1605 τῆς
866 1548 971 1606 νηὸς
1002 1549 1373 1606 έπισταμένονς·“
1403 1549 1484 1606 τήν
1515 1549 1560 1593 δὲ
1591 1552 1781 1606 διαφθα-

183 1099 245 1125 tur.

1991 917 1994 999 ἱ

1992 1002 1996 1150 l

1994 1163 1996 1183 A

1993 1186 1996 1212 1

462 1685 651 1724 Diodorus
685 1688 740 1735 εἷς
770 1687 944 1740 ἐμβολήν
977 1688 1121 1741 φέρου-

465 1753 526 1789 σα,
556 1746 656 1790 ναῦς
683 1743 722 1790 ἐς
749 1742 923 1795 ἐμβολήν
947 1745 1121 1796 φερομέ-

463 1813 537 1848 νη,
577 1798 625 1836 de
663 1801 728 1837 tali
766 1804 912 1852 impetu
947 1804 1035 1848 XX,
1070 1805 1120 1842 16

465 1857 566 1892 etc.“
604 1856 791 1895 Wessel.
841 1860 905 1894 Tu
926 1858 1003 1895 vid.
1023 1860 1121 1906 VIII,

463 1913 532 1952 91..
564 1912 699 1951 Matth.
731 1915 795 1951 Gr.
825 1916 889 1952 Gr.
924 1916 959 1960 ξ.
983 1917 1062 1957 557
1083 1929 1121 1965 p.

468 1970 589 2008 1101.
622 1971 833 2008 Hermann.
875 1972 1001 2021 Viger.
1035 1984 1124 2022 pag.

464 2025 558 2065 778.
627 2026 793 2064 Sintenis
842 2027 889 2064 ad
930 2028 1123 2064 Plutarch.

464 2077 718 2120 Themistocl.
755 2083 808 2124 24
843 2098 880 2133 p.
916 2084 1008 2125 155·
1067 2086 1123 2120 De

466 2135 765 2186 Calyndensium
820 2141 969 2177 civitate
1015 2142 1123 2178 Caria

465 2194 565 2230 cons.
587 2197 615 2242 Ι,
642 2199 718 2236 172
738 2196 866 2248 ibique
879 2204 974 2236 nott.
990 2198 1124 2234 etSte-

461 2247 578 2299 phan.
599 2253 694 2302 Byz.
719 2265 749 2289 s.
770 2266 806 2290 v,
832 2266 917 2304 pag.
944 2252 1036 2303 440,
1058 2255 1124 2306 qul

463 2306 680 2344 Herodotea
701 2310 836 2358 attigit.

521 2360 611 2403 οὔτε
634 2364 669 2403 εἰ
698 2362 941 2416 συνεκύρησε
959 2381 994 2404 κ.
1015 2381 1045 2404 τ.
1061 2364 1119 2419 λ.]

463 2416 489 2454 ἰ.
512 2432 544 2457 e.
566 2433 613 2457 an
644 2434 728 2457 casu
752 2424 871 2471 potius
894 2423 1059 2459 inciderit
1085 2426 1123 2459 in

467 2473 739 2525 Calymlensium
757 2490 889 2514 navem.
921 2477 999 2515 Sed
1021 2479 1119 2526 VIII,

467 2531 522 2570 92
544 2533 785 2583 συνεκύρεον
808 2535 909 2571 valet
938 2548 1120 2572 concurre-

465 2585 562 2678 Igant,
592 2588 631 2626 id
651 2597 705 2628 est
733 2594 853 2628 mutuo
876 2591 945 2628 sibi
964 2604 1124 2629 occurre-

487 2646 562 2682 ant.

615 2733 706 2784 Cap.
734 2737 983 2773 LXXXVIII.

524 2807 567 2851 τό
587 2810 781 2864 ἐπίσημον
796 2817 868 2865 τῆς
889 2812 1004 2866 νηὸς]
1027 2817 1125 2853 Nar-

1176 1703 1262 1727 rans
1282 1690 1498 1741 Polyaenus
1519 1690 1544 1731 l.
1565 1691 1592 1727 l.
1614 1690 1652 1735 §.
1666 1691 1705 1729 3.
1721 1689 1835 1725 Arte-

1177 1748 1327 1782 misiam
1356 1748 1463 1796 signa
1483 1759 1562 1783 non
1587 1747 1839 1782 barbarorum

1178 1803 1293 1839 modo
1315 1816 1448 1839 verum
1470 1805 1584 1839 etiam
1602 1804 1839 1839 Graecorum

1179 1858 1351 1896 habuisse
1373 1872 1506 1910 eaqne,
1546 1860 1673 1909 prouti
1692 1872 1749 1895 res
1765 1871 1839 1909 po-

1178 1917 1316 1964 scebat,
1331 1917 1503 1962 variasse,
1524 1917 1641 1952 utitur
1657 1930 1670 1952 x
1682 1928 1749 1952 oce
1766 1927 1839 1965 ση-

1180 1972 1306 2022 μείου,
1332 1972 1407 2024 qual
1434 1971 1570 2008 eudem
1590 1973 1723 2009 Noster
1747 1984 1837 2008 usus

1179 2030 1278 2075 VIII,
1293 2030 1358 2077 92,
1380 2030 1620 2079 ιὼίσημεῖον
1641 2031 1711 2078 τῆς
1723 2040 1839 2078 στρα-

1178 2085 1350 2136 τηγίδος.
1411 2087 1489 2122 Nec
1519 2086 1626 2122 aliter
1652 2087 1758 2134 σῆμα
1790 2083 1839 2122 de

1181 2142 1305 2193 clypei
1334 2143 1472 2192 insigni
1513 2141 1616 2191 apud
1657 2139 1838 2191 Aeschyl-

1180 2199 1219 2236 S.
1243 2212 1276 2235 c.
1307 2196 1384 2234 Th.
1413 2197 1507 2238 428.
1538 2199 1630 2238 588.
1659 2196 1832 2248 Euripid.

1179 2253 1375 2291 Phoeniss.
1391 2257 1408 2293 1
1422 2257 1497 2293 122
1507 2260 1542 2288 et
1558 2257 1721 2302 σημεῖον
1735 2252 1837 2304 apud

1180 2309 1323 2347 Herod.
1346 2311 1374 2356 Ι,
1400 2312 1491 2355 171,
1523 2310 1627 2346 cuius
1661 2310 1745 2346 loco
1767 2311 1836 2357 IX,

1179 2365 1231 2407 74
1269 2372 1389 2402 exstat
1429 2364 1637 2414 ἐπίσημον.
1703 2367 1837 2417 Neque

1178 2429 1307 2459 tamen
1328 2420 1367 2458 h.
1390 2422 1413 2460 l.
1434 2420 1481 2457 ad
1498 2423 1584 2458 talia
1604 2423 1711 2472 signa
1731 2424 1837 2460 navis

1180 2478 1376 2528 ἐπίσημον
1415 2478 1544 2515 refers-i
1571 2491 1678 2528 posse
1712 2485 1838 2516 censet

1179 2535 1469 2583 VVcsselingius,
1491 2536 1520 2571 si
1541 2534 1697 2585 quidem
1718 2534 1837 2572 hocce

1180 2592 1219 2628 in
1243 2593 1320 2627 eins
1343 2603 1451 2641 prora
1472 2590 1605 2638 suerit,
1627 2598 1668 2627 ut
1688 2592 1734 2628 ab
1756 2592 1836 2628 aliis

1181 2647 1340 2685 discerni
1352 2654 1485 2698 posset,
1508 2646 1837 2699 quemadmodum

1181 2704 1282 2755 apud
1311 2702 1503 2742 Plutarch.
1527 2704 1561 2739 11
1582 2716 1667 2754 pag.
1690 2703 1769 2744 247
1791 2705 1835 2741 F.

1180 2762 1267 2797 coll.
1299 2759 1484 2798 Scheffer.
1519 2761 1575 2796 De
1602 2761 1710 2798 milit.
1745 2773 1833 2798 nav,

1179 2819 1245 2867 111,
1267 2820 1299 2857 1.
1332 2818 1382 2854 At
1402 2817 1482 2853 iure
1501 2814 1594 2853 mihi
1615 2829 1754 2868 negare
1774 2818 1833 2856 vi·
