1879 3222
541 170 1001 208 CALLIOPE.
1059 170 1138 206 IX.

124 288 157 332 8
214 282 518 339 »μαχέσασθαι
541 278 595 322 τὸ
628 275 841 331 Θριάσιον
871 277 1066 321 πεδίον.“
1121 277 1198 328 Ὡς
1228 276 1274 320 δὲ
1310 275 1396 330 ἄρα
1425 274 1468 332 ἤ
1484 284 1525 316 10

210 360 380 393 κουσαν
408 348 452 390 οἱ
481 346 636 401 ἔφοροι
665 347 821 395 ταῦτα,
852 342 1140 398 ἀνεβάλλοντο
1173 346 1215 396 ἐς
1245 343 1323 400 τὴν
1351 343 1472 387 ὑστε-

1387 167 1473 208 215

210 418 341 473 ραίην
377 412 730 467 ὑποκρίνασθαι·
770 415 823 467 τῇ
855 411 900 455 δὲ
935 409 1166 469 ὑστεραίῃ,
1206 412 1247 463 ἐς
1276 412 1357 467 τὴν
1387 411 1473 456 ἑτέ-

214 499 313 539 ρην.
375 485 505 524 τοῦτο
533 481 608 524 καὶ
636 480 706 524 ἐπὶ
737 481 841 525 δέκα
880 479 1043 536 ἡμέρας
1074 480 1257 529 ἐποίεον,
1292 479 1334 531 ἐξ
1365 478 1471 536 ήμέ-

185 558 296 606 Ξρης
326 549 370 600 ἐς
398 547 567 605 ἡμέρην
596 546 956 606 ἀναβαλλόμενοι.
997 547 1043 591 ἐν
1062 547 1106 591 δέ
1137 547 1278 606 τούτῳ
1298 554 1357 607 τῷ
1377 549 1473 605 χρό-

215 634 278 676 νῳ
317 616 394 662 τόν
429 614 605 672 Ἰσθμὸν
634 616 839 674 ἐτείχεον,
878 614 1075 671 σπουδὴν
1113 615 1280 670 ἔχοντες
1308 619 1473 674 πολλήν

181 685 370 737 3πάντες
382 684 741 741 Πελοποννήσιοι·
762 687 837 730 καί
853 696 933 741 σφι
948 680 1003 741 ἦν
1021 682 1131 737 πρὸς
1150 683 1268 726 τέλεϊ.
1287 682 1380 727 οὐδ’
1397 685 1475 740 ἔχω
1490 690 1530 724 15

209 750 329 798 εἶπαι
356 753 406 797 τὸ
439 754 603 806 αἴτιον,
642 753 755 797 διότι
788 753 1059 810 ἀπικομένου
1086 751 1166 807 μὲν
1190 749 1473 806 Ἀλεξάνδρου

209 825 290 864 τοῦ
310 820 574 872 Μακεδόνος
604 821 646 872 ἐς
661 821 846 879 Ἀθήνας
875 820 1076 877 σπουδὴν
1105 819 1296 876 μεγάλην
1327 816 1474 876 ἐποιή-

211 901 342 932 σαντο
373 888 430 945 μή
461 891 640 945 μηδίσαι
665 888 948 948 Ἀθηναίους,
983 888 1079 934 τότε
1110 889 1156 932 δὲ
1186 886 1307 945 ὤρην
1331 887 1473 944 ἐποιή-

209 968 342 1000 σαντο
385 956 595 1011 οὐδεμίαν
639 958 746 1002 ἄλλο
777 975 824 1014 γε
854 958 882 1015 ἢ
918 958 985 1002 ὅτι
1027 957 1050 1003 ὁ
1081 955 1251 1012 Ἰσθμός
1281 967 1362 1011 σφι
1390 955 1471 998 ἐτε-
1484 961 1532 995 20

206 1025 409 1079 τείχιστο,
441 1024 515 1066 καὶ
544 1022 719 1068 ἐδόκεον
746 1025 992 1083 Ἀθηναίων
1028 1026 1088 1070 ἔτι
1119 1025 1295 1068 δέεσθαι
1325 1020 1473 1066 οὐδέν·

207 1091 279 1135 ὅτε
309 1092 355 1135 δὲ
395 1089 419 1135 ὁ
446 1090 728 1149 Ἀλέξανδρος
759 1093 936 1138 ἀπίκετο
967 1095 1009 1145 ἐς
1038 1093 1119 1150 τήν
1148 1089 1367 1146 Ἀττικὴν,
1420 1087 1476 1132 οὗ

205 1175 269 1203 κω
320 1158 631 1216 ἀπετετείχιστο
645 1193 660 1210 ,

725 1162 962 1218 ἐργάζοντο
1014 1162 1061 1206 δὲ
1073 1194 1083 1214 ,

1147 1159 1341 1218 μεγάλως
1401 1173 1477 1201 κα·

212 1226 537 1283 ταῤῥωδηκότες
557 1228 660 1280 τούς
681 1230 870 1285 Πέρσας.

121 1301 155 1347 9
327 1295 459 1346 Τέλος
489 1297 563 1346 δὲ,
606 1301 682 1354 τῆς
715 1315 761 1342 τε
789 1299 1050 1354 ὑποκρίσιος
1087 1295 1161 1339 καὶ
1191 1292 1345 1347 ἐξόδου
1382 1296 1471 1337 τῶν

209 1362 523 1419 Σπαρτιητέων
550 1364 717 1420 ἐγένετο
747 1366 909 1420 τρόπος
941 1363 1127 1408 τοιόσδε.
1159 1368 1213 1419 τῇ
1233 1361 1470 1417 προτεραίῃ
1527 1374 1609 1413 695

208 1434 285 1487 τῆς
313 1431 501 1490 ’ὑστάτης
520 1432 805 1484 καταστάσιος
823 1432 1064 1490 μελλούσης
1083 1432 1274 1483 ἔσεσθαι,
1305 1432 1472 1481 Χίλεος,
1485 1434 1586 1484 ΞδὺΠΒ
1605 1458 1634 1485 so

150 1572 221 1614 25.
267 1571 450 1626 Thucyd.
505 1573 563 1621 11,
604 1575 674 1613 20.
732 1570 813 1610 Sed

150 1642 220 1681 pro
273 1630 366 1667 olim
408 1630 511 1679 vulg.
563 1627 813 1680 μαχέσασθαι

149 1687 287 1724 merito
308 1700 411 1723 nunc
431 1685 566 1722 iisdem
584 1699 604 1721 e
629 1687 732 1723 libris
749 1698 813 1721 re-

150 1751 307 1794 ceptum
332 1741 650 1794 ἔμμαχέσασθαι,
680 1749 722 1779 ut
740 1742 810 1790 IX,

150 1802 179 1840 2
200 1796 647 1851 ἔνστρατοπεδεύεσθαι;
666 1798 714 1836 de
734 1811 810 1851 quo

153 1855 230 1893 vid.
254 1864 349 1893 nott.
382 1855 430 1893 ad
451 1857 543 1903 VII,
574 1856 641 1897 59.
674 1854 812 1893 matth.

154 1913 220 1949 Gr.
240 1914 302 1950 Gr.
322 1914 359 1958 §.
376 1912 472 1953 533.
495 1920 572 1951 not.
588 1915 614 1951 2
634 1927 672 1964 p.
692 1912 812 1954 1043.

155 1969 304 2006 Similia
314 1967 362 2005 ad
372 1967 411 2006 b.
426 1969 452 2005 l.
465 1970 644 2006 excitavit
652 1971 814 2006 wesse-

154 2026 250 2076 ling.
270 2025 436 2076 Appiani
455 2026 499 2062 B.
520 2026 602 2063 civ.
622 2026 693 2072 lv,
718 2027 811 2065 106.

153 2081 309 2120 Philon.
332 2082 405 2118 Vit.
424 2082 522 2118 Blos.
540 2082 576 2117 II
596 2095 632 2132 p.
659 2081 740 2121 659
770 2082 812 2117 Β.

153 2141 212 2177 De
242 2139 399 2175 Numer.
430 2138 589 2188 Septen.
628 2151 664 2188 p.
707 2138 814 2177 1187

152 2196 204 2234 A.
227 2217 273 2224 —
308 2196 366 2231 De
387 2193 553 2231 Thriasio
575 2205 711 2246 campo
735 2191 815 2234 vid.

154 2259 253 2291 nott.
273 2249 322 2289 ad
349 2251 457 2299 vlu,
488 2250 557 2292 65.

377 2342 471 2392 Cap.
494 2340 594 2380 VIII.

210 2417 410 2472 ἤκουσαν]
436 2418 675 2463 Schaeferus,
696 2431 814 2471 quem

155 2476 284 2518 Bekk.
363 2479 553 2529 sequitur,
621 2473 814 2515 ἔῖκουσαν.

155 2533 348 2587 Equidem
360 2547 449 2572 cum
469 2534 604 2586 reliqq.
617 2531 704 2572 edd.
722 2533 812 2570 scri.

158 2598 241 2642 ptos
282 2591 399 2630 libros
437 2591 545 2643 sequi
588 2589 720 2627 malui.
758 2609 810 2617 —

160 2647 271 2693 Quod
313 2648 483 2700 sequitur
519 2642 816 2697 άναβάλλεσθαι

160 2710 216 2742 est
235 2704 398 2754 differre,
418 2711 461 2741 ut
480 2704 537 2752 V,
557 2703 625 2744 49.
645 2704 720 2750 VI,
745 2703 812 2744 86.

162 2779 215 2789 -—
242 2762 335 2800 Mox
367 2774 436 2814 pro
460 2763 577 2801 τοῦτο
609 2757 675 2809 δὲ,
705 2757 810 2812 quod

1531 1425 1608 1451 natis
1621 1421 1808 1451 Atheniensi-

1639 1466 1682 1491 τε,
1701 1462 1732 1484 ut
1742 1457 1749 1483 i
1754 1462 1807 1492 psa

1531 1492 1757 1526 Peloponnesus

1526 1525 1697 1554 infestetur.

868 1570 1011 1610 habent
1045 1569 1244 1611 Schaefer.
1274 1576 1311 1607 et
1332 1567 1530 1616 Matthiae,

869 1628 960 1666 dedi
993 1641 1082 1666 cum
1111 1633 1269 1666 recentt.
1301 1624 1389 1662 edd.
1407 1636 1531 1661 unum

868 1688 1008 1733 τοῦτο,
1065 1684 1212 1722 abiecta
1246 1683 1430 1734 particula
1473 1678 1531 1720 δέ.

868 1741 931 1780 Ad
950 1743 1186 1780 locutionem
1215 1739 1278 1780 ἐπὶ
1311 1739 1408 1779 δέκα
1430 1735 1531 1789 ἦμέ-

870 1814 943 1850 ρας
978 1803 1060 1850 (per
1111 1799 1224 1836 decem
1275 1796 1376 1847 dies)
1426 1794 1531 1832 cons.

866 1854 1003 1894 Matth.
1030 1857 1098 1894 Gr.
1119 1857 1185 1893 Gr.
1205 1867 1293 1905 pag.
1314 1854 1433 1894 1169.
1466 1849 1531 1888 Ad

868 1914 982 1951 verb‘a
1005 1910 1114 1963 ὤρην
1147 1910 1388 1960 ἐποιήσαντο
1411 1904 1530 1948 ου’δε-

869 1970 965 2020 μίαν
985 1969 1063 2007 vid.
1086 1976 1183 2006 nott.
1204 1966 1252 2004 ad
1272 1968 1346 2014 111,
1382 1964 1460 2005 155
1492 1970 1529 2002 et

868 2025 917 2063 de
934 2027 1051 2064 verbo
1070 2020 1330 2074 άποτειχίζειν
1361 2028 1458 2062 nott.
1479 2020 1528 2057 ad

868 2083 943 2130 VI,
974 2084 1041 2121 56.
1060 2100 1116 2128 —.·
1142 2079 1205 2117 Ad
1236 2091 1350 2116 usum
1379 2078 1529 2114 formu-

871 2139 931 2175 lae
972 2134 1066 2176 ἄλλο
1094 2150 1137 2188 γε
1164 2132 1191 2185 ἢ
1219 2135 1387 2181 faciunt,
1433 2145 1531 2185 quae

872 2194 922 2232 ad
950 2192 1200 2243 Xenophont.
1237 2190 1450 2228 Memor-ab.
1480 2189 1530 2237 11,

875 2254 911 2299 1,
932 2253 983 2291 17
1014 2248 1238 2288 Schneider.
1258 2256 1295 2286 et
1315 2246 1363 2284 ad
1380 2247 1532 2284 Platon.

871 2306 1071 2345 Phaedon.
1112 2318 1201 2359 pag.
1237 2307 1291 2346 32
1330 2302 1532 2342 Heindorf.

869 2363 1087 2417 disputavit.

1108 2452 1199 2504 cap.
1229 2451 1300 2488 IX.

927 2527 1201 2578 καταστάσιος]
1238 2527 1326 2566 vid.
1350 2533 1446 2567 nott.
1478 2525 1528 2563 ad

871 2588 978 2636 Vm,
1020 2587 1188 2628 141.—
1236 2587 1281 2623 In
1318 2598 1424 2638 seqq.
1457 2596 1527 2635 pro

873 2645 1018 2692 Χίλεος
1052 2642 1154 2695 apud
1183 2641 1378 2680 Plutarch.
1415 2639 1528 2679 The-

867 2701 968 2738 mist.
989 2704 1014 2742 6
1040 2700 1107 2738 fin.
1129 2701 1320 2737 invenitur
1344 2698 1527 2745 Χείλεως,

866 2758 993 2797 Arcas.
1050 2759 1129 2796 Nec
1157 2757 1265 2795 aliter
1297 2754 1400 2808 apud
1429 2767 1526 2792 eun-

1528 273 1746 309 Spartanmrum

1526 307 1748 345 tergiversatio.

1529 340 1605 373 Qun!
1633 339 1787 366 Herodoto

1529 376 1566 402 de
1583 382 1619 402 ea
1638 374 1785 402 uideatur.

1530 1298 1679 1328 Admouiti
1697 1305 1715 1325 a
1734 1296 1805 1323 Cht-

1528 1335 1576 1362 leo
1594 1333 1697 1369 ephori
1708 1353 1715 1366 ,
1733 1331 1806 1358 alie-
