1996 3238
377 622 442 666 62

502 242 557 280 82
900 238 1360 275 HERODOTI

508 346 778 400 Κορινθίους
814 346 951 390 πολλά
990 363 1034 390 τε
1069 347 1141 391 καὶ
1171 347 1285 390 κακὰ
1315 348 1451 402 ἔλεγε·
1493 345 1692 390 ἓωυτοῖσί
1719 363 1763 390 τε

501 414 659 469 ἐδήλου
696 412 810 470 λόγῳ
840 413 915 466 ’ὡς
946 416 1009 470 εἴη
1038 416 1111 458 καὶ
1139 412 1263 464 πόλις
1292 415 1365 457 καὶ
1392 418 1449 470 γῆ
1489 413 1626 470 μέζων
1654 412 1763 470 ἥπερ

499 484 695 531 κείνοισι,
728 480 808 524 ἔστ’
838 482 895 525 ἄν
926 483 1142 539 διηκόσιαι
1171 481 1270 537 νῆές
1300 492 1380 536 σφι
1410 482 1510 524 ἔωσι
1542 486 1822 538 πεπληρω-9ο

501 550 644 606 μέναι·
676 548 899 604 οὐδαμοὺς
916 552 999 605 γάρ
1019 548 1238 604 Ἑλλήνων
1260 546 1421 599 αὐτούς
1441 547 1639 601 ἐπιόντας
1661 549 1763 592 ἄπο-

501 616 782 670 κρούσεσθαι.

501 701 549 728 νε
596 685 640 735 ἐς
680 685 961 741 Εὐρυβιάδεα
974 720 984 737 ,

842 619 1082 673 Σημαίνων
1112 617 1157 658 δὲ
1186 619 1334 668 ταῦτα,
1369 620 1430 674 τῷ
1461 616 1575 675 λόγῳ
1607 618 1766 673 διέβαι-

1027 685 1165 739 λὲγων
1208 687 1372 738 μᾶλλον
1418 685 1764 741 ἐπεστραμμένα·

499 751 598 805 „Eu
629 755 665 796 εἰ
697 754 860 808 μενέεις
891 752 1052 806 αὐτοῦ,
1092 751 1164 795 καὶ
1193 750 1338 806 μένων
1367 752 1482 796 ἔσεαι
1517 751 1632 809 ἀνὴρ
1663 751 1764 809 ἄγα-

444 971 603 1008 stoclem
632 970 769 1009 dixisse
803 980 957 1020 narrat,
989 985 1106 1026 quem

443 1035 572 1064 tamen
614 1028 802 1077 eundem,
840 1037 882 1066 ut
922 1031 1021 1067 bene
1054 1031 1107 1066 ibi

442 1092 577 1122 monet
598 1085 765 1123 Sintenis
792 1099 879 1137 pag.
902 1088 950 1128 51
966 1115 982 1132 ,
1025 1087 1106 1123 noli

442 1141 676 1179 confundere
698 1156 787 1179 cum
799 1145 1006 1180 Eretriensi
1025 1144 1103 1192 illo,

442 1199 548 1236 cuius
559 1198 659 1249 apud
674 1198 840 1237 eundem
854 1199 1105 1238 Plutarchum

441 1268 534 1291 mox
561 1257 727 1293 iuiicitur
756 1258 914 1298 mentio,
947 1280 997 1286 ———
1059 1259 1104 1293 In

440 1325 544 1363 seqq.
581 1312 629 1349 ad
648 1315 763 1350 verba
795 1312 850 1360 οἷς
880 1313 940 1364 εἴη
971 1315 1104 1351 Jacobs

439 1369 587 1405 confert
614 1371 653 1418 Ι,
691 1368 760 1410 24.
798 1371 872 1418 111,
904 1372 970 1411 36.
1004 1371 1104 1420 VIII,

445 1426 535 1465 137.

439 1505 442 1509 -
495 1476 571 1520 ἔστ’
600 1476 652 1519 ὂῖν
699 1477 902 1532 διηκόσιαι
935 1484 1032 1534 νῆες
1066 1498 1103 1522 κ.

437 1551 472 1574 τ.
493 1539 546 1586 λ,]
569 1538 680 1574 Confi
701 1546 797 1575 11011.
820 1539 867 1576 ad
888 1540 986 1588 VIII,
1012 1543 1030 1580 1
1055 1539 1102 1577 de

438 1595 596 1631 navimn
613 1608 750 1631 nume]
753 1608 788 1632 ο.

496 1643 701 1701 ου’ὂαμους
718 1649 791 1703 γαρ
811 1647 1011 1702 Ελλήνων
1028 1648 1101 1692 ocv'-

438 1720 534 1754 τους
546 1702 731 1754 ἐπιόντας
744 1704 1095 1760 ἀποκρούσεσθαι]

436 1763 462 1799 1.
485 1777 518 1800 e.
549 1764 664 1801 nullos
700 1766 789 1801 enim
810 1764 893 1815 fore
930 1766 1096 1813 Graecos,

439 1822 503 1870 qui
522 1822 615 1871 ipsos
636 1822 885 1870 aggretlzentcs
915 1823 1098 1872 repellant.

438 1876 503 1913 Sic
533 1877 693 1914 verbum
717 1872 1017 1931 ἀποκρούεσθαι
1034 1881 1097 1927 IV,

436 1934 531 1973 200.
600 1933 663 1971 Ad
708 1935 830 1985 ipsam
871 1938 1098 1973 sententiam

436 2001 607 2040 compar.
650 1990 827 2043 Aeschyl.
867 1993 973 2030 Pers.
1018 1993 1098 2034 346

438 2058 518 2099 seq.
539 2044 639 2096 (354
659 2061 738 2100 seq.
759 2049 921 2100 Blomf.)

636 2137 729 2188 Cap.
764 2139 885 2175 LXII.

492 2212 774 2268 λέγωνμᾶλλον
784 2215 1096 2270 ἐπεστραμμένα]

434 2271 515 2308 scil.
557 2271 664 2323 ἕπητ
711 2276 908 2324 asperiora,
939 2277 1098 2312 concita-

435 2329 528 2364 tiora
566 2330 672 2366 verba
691 2331 866 2381 intelligit
895 2330 1097 2380 Schweig-

436 2382 609 2423 haeuser.
668 2387 786 2424 citans
837 2388 906 2424 VII
928 2417 937 2435 ‚
1003 2390 1095 2428 160-

436 2441 579 2479 Iacobs.
600 2442 640 2478 in
654 2443 805 2491 Atticis,
826 2444 890 2480 ubi
912 2442 1014 2480 hunc
1036 2444 1094 2480 10-

439 2511 527 2533 cum
566 2500 727 2551 recepit,
778 2501 941 2551 explicat
979 2500 1094 2537 verba

435 2566 598 2602 nervosa,
619 2558 769 2604 gravia,
801 2561 951 2606 strenge,
981 2557 1093 2594 nach-

440 2610 637 2648 ‹lriiclcliche
668 2613 801 2661 erte,
828 2614 1002 2664 proprie:
1030 2615 1093 2650 mit

441 2665 552 2716 Ixrnst
567 2667 657 2704 nacla
677 2672 781 2706 vinem
796 2670 834 2706 l
836 2671 897 2708 zele
918 2669 1096 2720 gescldeu-

441 2722 554 2770 clerte,
578 2736 700 2775 eoque
718 2726 831 2763 etiam
849 2728 972 2774 refert,
992 2725 1095 2779 quod

440 2776 576 2815 dicitur
594 2778 812 2833 ἐπιστροφή
823 2786 896 2823 τοῦ
914 2779 1032 2835 λόγου
1048 2782 1095 2820 de

435 2836 473 2873 vi
493 2837 692 2890 nervisque
709 2841 895 2879 orationis.
903 2839 1095 2878 Plutarch.

1164 969 1352 1009 Themist.
1382 985 1466 1024 cap.
1499 974 1561 1012 11.
1602 969 1674 1009 hac
1710 972 1750 1009 in
1779 986 1819 1010 re

1165 1028 1255 1065 dicit
1290 1028 1541 1081 ἐπιστρέφειν
1573 1025 1644 1069 τὸν
1674 1025 1820 1081 λόγονζ·

1165 1086 1220 1123 die
1251 1085 1408 1136 Spraclee
1433 1086 1587 1133 finalem,
1626 1093 1669 1123 ut
1696 1084 1821 1124 reddit

1163 1142 1330 1180 Sintenis
1348 1155 1435 1193 pag.
1455 1145 1521 1183 79.
1539 1141 1705 1179 eundem
1721 1155 1820 1195 quo-

1162 1213 1237 1251 que
1257 1199 1496 1245 Herodotegae
1515 1200 1716 1236 locutionis
1730 1213 1821 1236 sen-

1160 1269 1246 1293 sum
1285 1255 1407 1293 videri
1435 1255 1626 1296 adficiens.
1695 1257 1820 1294 Erunt

1159 1314 1275 1363 igitur
1303 1311 1342 1350 11.
1371 1314 1396 1350 l.
1424 1314 1539 1350 verba
1571 1326 1751 1350 conversa
1778 1313 1820 1363 (a

1159 1370 1276 1420 p1iori
1311 1370 1391 1408 scil.
1430 1369 1547 1406 modo
1586 1370 1722 1407 leniter
1757 1370 1819 1407 lo-

1163 1425 1323 1493 quendI:
1354 1421 1438 1466 τότε
1474 1424 1546 1477 μὲν
1575 1427 1626 1463 ait
1655 1440 1737 1477 cap
1764 1429 1819 1468 60

1160 1484 1244 1520 init.
1276 1477 1408 1534 ἠπίως
1435 1479 1536 1533 πρός
1567 1480 1633 1522 τὸν
1667 1480 1819 1549 Κορίν-

1159 1544 1258 1579 θιον
1280 1535 1503 1590 οἶμείψατο)
1534 1540 1558 1577 1.
1581 1553 1613 1578 e.
1626 1542 1817 1590 asperiora,

1159 1599 1402 1633 conczfftatwra.
1459 1598 1539 1634 Nec
1563 1597 1670 1633 aliter
1688 1597 1818 1634 locum

1156 1653 1332 1702 intelligit
1352 1653 1504 1702 Negris‚
1545 1651 1592 1689 ad
1624 1653 1763 1691 Herod.
1785 1655 1815 1702 I,

1156 1712 1209 1750 30
1261 1709 1354 1758 (ubi
1391 1708 1674 1759 ἐπιστρεφέως,
1712 1711 1817 1762 quod

1157 1767 1321 1816 explicat
1355 1767 1535 1816 ζωηρῶς)
1577 1764 1670 1803 haec
1699 1767 1816 1804 verba

1156 1824 1343 1871 excitans,
1373 1822 1500 1859 addita
1521 1836 1733 1873 neograeea
1752 1827 1814 1860 111-

1155 1881 1424 1930 terpretatione
1457 1878 1550 1917 hac:
1590 1878 1738 1931 ὁμιλῶν
1765 1878 1814 1931 μὲ

1156 1936 1436 1987 περισσοτέραν
1455 1934 1720 1988 σφοδρότητα.
1749 1938 1815 1974 Tu

1156 1992 1232 2031 vid.
1263 2007 1360 2046 quae
1380 1994 1449 2044 ipsi
1471 1992 1519 2030 ad
1548 1992 1586 2032 11.
1609 1994 1635 2031 1.
1662 1995 1815 2032 notavi-

1155 2063 1252 2087 mus.
1310 2052 1409 2086 Nam
1435 2050 1509 2086 alio
1532 2063 1646 2088 sensu
1664 2052 1717 2088 ibi
1737 2050 1813 2089 dici

1154 2105 1304 2143 videtur
1331 2106 1508 2159 εἴρεσθαι
1533 2106 1813 2159 ἐπιστρεφέως.

1211 2215 1272 2257 Σύ
1296 2219 1332 2258 εἰ
1353 2217 1502 2270 μενέεις
1524 2234 1560 2261 κ.
1590 2235 1622 2258 τ.
1647 2219 1700 2268 L]
1725 2219 1811 2268 „Tu

1153 2277 1186 2311 si
1209 2275 1265 2312 laic
1293 2277 1484 2323 manserz‘S,
1515 2279 1546 2312 et
1576 2288 1713 2313 manens
1741 2290 1812 2315 rem

1152 2331 1231 2368 bene
1250 2344 1398 2380 gesseras
1414 2333 1493 2369 sive
1513 2345 1628 2370 verum
1642 2337 1674 2370 {e
1700 2347 1810 2384 prae-

1150 2389 1301 2436 stiteri3s
1333 2388 1592 2440 supplendum
1626 2390 1811 2458 relinqui-

1150 2451 1211 2480 tul
1232 2441 1371 2492 σώσεις
1389 2461 1462 2496 την
1479 2443 1646 2486 Ἑλλάδα
1663 2442 1760 2484 vel⁷
1739 2463 1811 2497 ορ-

1149 2496 1301 2548 θώσεις
1317 2531 1326 2549 ,
1377 2510 1466 2550 aut
1500 2504 1531 2539 51
1573 2504 1654 2556 quis
1687 2505 1808 2552 malit,

1149 2559 1252 2609 quod
1285 2559 1472 2611 plerisque
1510 2560 1600 2597 locis
1635 2567 1807 2598 veterum

1153 2616 1339 2665 congruit,
1359 2619 1487 2662 καλως
1503 2617 1562 2652 vel
1577 2618 1619 2655 εὐ
1641 2612 1804 2667 ἆνὲχοιτ

1151 2678 1263 2721 p¹0ut
1311 2670 1410 2710 hanc
1468 2673 1613 2723 ellipsin
1657 2674 1807 2724 supplet

1153 2726 1673 2779 Tryphon.“1‘'alcken.
1721 2729 1806 2768 vid.

1150 2785 1344 2823 Lamberl.
1364 2787 1449 2824 Bos.
1505 2787 1563 2822 De
1593 2787 1729 2837 ellipss.
1758 2789 1802 2826 L.

1152 2842 1219 2882 Gr.
1249 2856 1287 2895 p.
1323 2844 1401 2884 803
1436 2854 1515 2895 seq.
1555 2849 1591 2880 et
1617 2845 1806 2896 Hartung-
