1996 3238
621 135 940 172 URANIA
1000 137 1130 174 VIII.

1416 138 1498 178 151

231 243 564 301 ἐκπεφευγότων
592 242 914 301 περιημέκτεον,
944 244 1131 300 ὁρμέατό
1163 261 1208 288 τε
1238 244 1281 296 ές
1315 243 1501 289 τὸνἙλ-

230 315 475 370 λήσποντον
503 308 664 354 πλώειν
692 311 766 354 καὶ
796 311 864 354 ἐπὶ
895 313 1043 367 σφέων
1061 313 1205 357 αὐτῶν
1224 313 1499 369 βαλλόμενοι,

200 383 275 426 eet
303 376 433 424 ὧλλοι
471 378 529 436 μὴ
570 380 822 434 βουλοίατο)
863 379 979 435 ἔλεγέ
1011 392 1089 436 σφι
1114 382 1237 425 τάδε·
1278 382 1395 436 ,,Καὶ
1425 380 1499 426 αὐ-

228 449 330 505 ,,τός
366 447 448 504 ἤδη
485 451 685 490 πολλοῖσι
723 448 1054 504 παρεγενόμην,
1093 448 1167 490 καὶ
1196 452 1343 508 πολλῷ
1382 448 1552 492 πλέω45

225 515 428 572 »ἀκήκοα
439 516 586 560 τοιάδε
614 517 833 571 γενέσθαι·
862 516 1028 571 ἄνδρας
1050 516 1092 566 ἐς
1109 514 1352 573 ἀναγκαίην
1373 516 1495 560 ἄπει-

229 583 480 641 ,,ληθέντας,
538 584 852 641 νενικημένους
882 583 1184 641 ἀναμάχεσθαί
1219 599 1264 627 τε
1293 585 1365 627 καὶ
1396 583 1497 628 ἄνα-

197 651 499 708 &wasseium
519 652 598 708 τὴν
627 652 847 710 προτέρην
878 652 1112 709 κακότητα.
1172 651 1293 709 ἡμεῖς
1323 653 1391 704 δὲ,
1424 652 1497 696 εὕ-

221 737 368 777 ,,ρημα
395 721 480 778 γαρ
510 720 758 777 εὑρήκαμεν
787 721 922 779 ἡμέας
949 737 994 766 τε
1025 719 1187 771 αὐτούς
1205 719 1279 763 καὶ
1302 718 1381 774 τήν
1405 718 1497 763 Ἑλ-

194 792 218 830 4
227 789 388 841 „202600
425 791 559 845 νέφος
589 794 776 834 τοσοῦτο
808 788 1061 846 ἀνθρώπων
1101 787 1399 844 ἀνωσάμενοι,
1438 787 1496 845 μή
1508 796 1554 829 50

221 857 480 915 ,,διω’κωμεν
520 857 685 915 ἄνδρας
722 858 982 915 φεύγοντας.
1012 859 1115 902 τάδε
1143 854 1228 914 γὰρ
1259 853 1342 900 οὐκ
1373 856 1498 913 ἡμεῖς

165 1046 264 1082 viam
281 1044 448 1092 hostibus,
472 1043 545 1094 qud
562 1043 739 1095 fugiant,
760 1059 831 1082 esse

165 1102 387 1139 muniendam
395 1116 408 1147 ;
446 1103 551 1138 cuius
600 1102 722 1138 simile
767 1100 831 1138 dat

164 1159 332 1209 Agesilai
366 1159 549 1210 Polyaen.
569 1159 616 1203 ΙΙ,
643 1161 678 1198 1.
701 1160 739 1205 6,
763 1160 831 1210 qui

164 1215 273 1252 factis
293 1215 388 1253 illud
408 1217 483 1252 suis
504 1228 617 1266 saepe
648 1228 830 1266 compro-

164 1273 280 1312 bavit.
331 1273 505 1310 Conferri
525 1279 705 1324 poterunt
725 1272 830 1309 idem

162 1330 350 1380 Polyaen.
371 1332 447 1378 ΙΙΙ,
480 1331 555 1376 19,
585 1328 624 1368 4.
663 1331 828 1367 Pausan.

161 1387 214 1424 1V
236 1386 330 1436 [22]
353 1401 391 1438 Ρ.
413 1389 509 1427 333.
531 1385 686 1423 Diodor.
710 1387 830 1424 Sicul.

161 1443 275 1491 XIV,
305 1446 360 1484 27
398 1450 435 1480 et
460 1442 641 1494 Xenoph.
675 1444 829 1481 Hellen.

163 1499 236 1538 Vll
259 1499 368 1552 [fin]
392 1514 429 1551 p.
452 1501 546 1548 376,
571 1501 637 1541 15.
662 1501 829 1549 „Caete-

162 1570 252 1594 rum
270 1557 396 1607 ‘paulo
430 1557 539 1593 aliter
568 1564 682 1609 atque
703 1559 830 1595 Hero—

164 1612 275 1651 dotus
294 1643 304 1662 ,
364 1615 435 1650 ista
473 1612 588 1651 tradit
629 1614 827 1655 Plutarch.

162 1669 416 1709 Themistocl.
439 1672 506 1711 16.

219 1726 518 1780 περιημέκτεον]
550 1727 661 1764 conf.
691 1728 727 1775 1,
773 1725 828 1767 44

162 1784 292 1837 ibique
330 1792 428 1822 nott.
486 1783 548 1821 Ad
591 1785 828 1822 locutionem

163 1840 230 1881 ἐπὶ
257 1840 392 1891 σφέων
418 1836 552 1880 αὐτῶν
591 1838 829 1894 βαλλόμενοι

164 1898 266 1935 cons.
287 1905 384 1936 nott.
405 1897 453 1935 ad
473 1899 529 1946 V,
558 1900 626 1939 73.

208 1951 359 2006 ἄνδρας
374 1954 412 2001 ἐς
429 1951 651 2007 ἀναγκαίην
664 1951 829 2007 ἀπειλη-

163 2009 330 2060 θέντας]
348 2011 421 2059 „In
442 2014 633 2060 angustias
649 2013 827 2050 detrusum

162 2070 382 2119 nesciamque
403 2082 469 2119 quo
483 2081 518 2105 se
532 2073 692 2116 verteret,
715 2068 756 2108 ἐν
782 2064 826 2106 α’·

163 2125 328 2178 πορίῃσι
347 2122 536 2176 ἐχόμενον
559 2126 623 2172 IV,
647 2128 721 2166 131
743 2124 830 2175 [ubi

161 2180 241 2222 vid.
256 2189 350 2221 nott.
368 2181 472 2218 Add.
497 2182 541 2227 V,
555 2184 622 2222 80.
637 2183 715 2228 vll,
737 2183 828 2222 128.

161 2239 275 2286 VIII,
301 2239 388 2288 52]
431 2237 470 2286 ἒς
505 2233 681 2290 ἅπορίην
709 2234 827 2288 obuy-

163 2294 285 2347 μένον
303 2297 341 2343 I,
370 2297 441 2342 79,
471 2294 567 2332 dixit
598 2297 713 2332 etiam
746 2296 828 2331 He-

161 2351 319 2389 rodotus
339 2350 380 2399 ές
405 2346 582 2404 ἀπορίην
614 2348 828 2402 ἀπειλημέ-

161 2423 237 2448 νον
272 2410 331 2457 ῘΙΑ,
377 2407 452 2449 141
492 2416 530 2446 et
556 2404 827 2458 ἀπειληθέντα

163 2464 203 2512 ἐς
240 2460 415 2515 ἀπορίην
445 2466 483 2513 I,
530 2465 584 2506 24
627 2467 710 2515 [ubi
747 2465 826 2504 vid.

162 2523 279 2571 nott.]
302 2521 364 2558 hic
380 2524 599 2559 necessitatis
618 2524 723 2560 velut
741 2525 827 2560 vin-

163 2578 255 2615 culis
281 2578 493 2626 adstrictos,
533 2574 732 2634 ἀναγκαίῃ
767 2579 827 2620 έν-

164 2634 399 2687 δεδεμένους
421 2636 500 2673 sive
518 2638 722 2674 necessitate
741 2650 828 2675 coa-

165 2695 257 2740 ctos,
311 2691 351 2740 ἐς
384 2687 611 2745 ἄναγκαίην
664 2689 829 2745 ἀπειλη-

164 2746 325 2797 θέντας.
348 2791 351 2795 ,
380 2749 497 2788 Tales
549 2750 668 2788 victos
713 2763 828 2803 saepe

888 1043 1170 1082 Themistocles
1192 1043 1243 1079 ait
1273 1037 1555 1093 οἷναμάχεσθαί

887 1117 927 1141 τε
946 1100 1015 1140 καὶ
1036 1096 1335 1151 ἀναλαμβάνειν
1361 1095 1436 1149 τήν
1457 1113 1555 1150 προ-

886 1157 1006 1210 τέρην
1045 1152 1240 1207 κακότητα
1287 1157 1341 1205 [i.
1377 1170 1410 1193 e.
1444 1155 1554 1193 denuo

880 1228 1045 1267 pugnam
1086 1216 1288 1251 instaurare
1327 1216 1360 1250 et
1402 1215 1553 1263 priorem

887 1273 1125 1310 calamitatem
1136 1271 1320 1321 reparare]
1335 1283 1344 1307 ε
1367 1268 1441 1306 hoc
1455 1268 1551 1323 quid

884 1331 954 1377 sit,
1005 1328 1197 1366 docebunt
1237 1325 1452 1378 Spanhem.
1503 1325 1553 1363 ad

886 1387 1022 1425 Iulian.
1056 1398 1144 1436 pag.
1179 1386 1257 1424 178
1295 1391 1332 1422 et
1365 1382 1553 1420 Abresch.

884 1442 1079 1480 Dilucidd.
1109 1440 1318 1492 Thucydd.
1356 1455 1394 1492 p.
1427 1440 1552 1481 710.“

892 1500 1110 1538 Valclcen.
1169 1499 1234 1535 Tu
1267 1497 1346 1535 vid.
1387 1496 1434 1534 de
1475 1495 1550 1535 hoc

885 1564 1050 1609 utroque
1070 1555 1188 1592 verbo
1209 1561 1306 1594 nott.
1331 1553 1380 1591 ad
1400 1554 1446 1601 V,
1470 1556 1546 1594 121

887 1621 924 1651 et
958 1613 1046 1650 add.
1074 1613 1300 1662 Krabinger.
1336 1609 1385 1648 ad
1410 1611 1550 1662 Syues.

886 1673 945 1708 De
965 1683 1072 1721 regn.
1096 1668 1152 1709 24
1173 1681 1261 1719 pag.
1283 1670 1378 1709 317.

944 1724 1101 1779 εὕρημα
1131 1723 1207 1779 γαρ
1246 1722 1491 1776 εὑρήκαμεν]
1524 1724 1550 1762 ἰ.

886 1799 921 1824 e.
954 1786 1057 1822 nacti
1091 1786 1182 1820 enim
1217 1783 1395 1832 insperato
1431 1793 1551 1818 sumus

883 1842 982 1880 lucro
994 1856 1054 1878 nos
1083 1844 1150 1877 met
1169 1841 1262 1889 ipsos
1277 1843 1309 1876 et
1323 1839 1554 1876 Graeciam.“

882 1901 940 1937 Ita
987 1897 1262 1945 IVesselc'ngius,
1315 1897 1433 1932 citans
1467 1895 1550 1943 VH,

886 1958 979 1997 180.
1029 1953 1131 1991 Add.
1153 1954 1242 1998 vll,
1267 1952 1360 2001 155,
1386 1955 1436 1993 10
1452 1953 1489 1997 ξ.
1509 1950 1552 1991 4.

885 2011 1067 2063 Sophocl.
1091 2009 1185 2051 Oed,
1217 2011 1263 2046 R.
1296 2009 1416 2050 1049.
1447 2011 1551 2045 Krii-

884 2082 968 2120 ger.
1002 2067 1051 2104 ad
1071 2065 1252 2116 Xenoph,
1280 2067 1481 2112 Anab.11,
1522 2067 1547 2106 3

886 2128 923 2172 ξ.
949 2127 1012 2172 18,
1035 2125 1101 2175 qui
1122 2124 1220 2160 bene
1240 2129 1372 2159 mouet
1393 2118 1549 2174 εὕρημα

884 2195 998 2232 saepe
1020 2182 1124 2218 idem
1140 2193 1218 2217 esse
1235 2176 1546 2230 ε1ῐῳιεὲρμαῖονε

884 2240 1020 2277 lucram
1057 2237 1318 2284 aduenticium,
1358 2248 1413 2273 res
1450 2235 1548 2273 laeta

882 2300 1025 2348 praeter
1055 2307 1146 2345 spem
1165 2293 1299 2330 oblata.

939 2351 1063 2399 νέφος
1106 2352 1273 2390 τοσοῦτο
1313 2343 1547 2400 ἀνθρώπων

885 2404 1159 2459 ἀνωσάμενοι]
1192 2405 1304 2444 Redit
1338 2401 1548 2456 οἷνωσὰμε-·

884 2482 950 2506 νοι
968 2467 1060 2514 Vll,
1101 2466 1178 2505 139
1220 2461 1356 2499 eadem
1387 2462 1467 2499 fere
1494 2462 1548 2499 si·-

883 2522 1133 2574 gnificatione
1181 2527 1295 2572 atque
1343 2514 1547 2570 ὠσάμενοι

883 2581 994 2628 VIII,
1026 2582 1064 2620 3.
1084 2575 1281 2616 Plutarch.
1303 2577 1399 2615 Mar.
1423 2578 1474 2616 16
1505 2589 1546 2626 Ρ.

885 2635 966 2677 414
989 2637 1037 2685 C,
1068 2636 1135 2672 ubi
1156 2636 1271 2671 etiam
1289 2631 1415 2682 νέφος
1434 2633 1546 2669 inve-

883 2695 988 2730 nitur
1028 2691 1076 2729 de
1107 2693 1250 2741 ingenti
1262 2691 1435 2728 hominum
1454 2689 1545 2726 mul-

885 2749 1039 2788 titudine
1054 2750 1133 2788 sive
1153 2747 1273 2787 turbc‘s.
1324 2748 1424 2784 Hinc
1444 2757 1546 2799 quo-
