1879 3222
506 201 1105 244 CALLIOPE.1x.

1352 202 1436 243 271

153 319 175 354 5
182 310 490 368 γινωσκομένη.
527 308 740 363 ,,Δοκέειν
756 325 801 353 τε
829 309 912 364 γὰρ
931 315 1080 369 πολλῷ
1096 310 1308 366 κρέσσονα
1329 308 1441 356 εἶναι

181 380 288 437 „miv
317 378 527 434 σφετέρην
555 377 762 434 στρατιήν
789 381 865 434 τῆς
878 376 1153 436 Ἑλληνικῆς,
1184 379 1497 436 συμβάλλειν45

179 465 249 503 „te
275 448 354 503 τὴν
380 448 584 502 ταχίστην
600 480 610 498 ,
641 447 746 502 μηδὲ
774 449 986 500 περιορᾶν
1017 447 1359 503 συλλεγομένους
1381 448 1442 492 ἔτι

179 519 393 570 ,,πλεῦνας
420 518 508 557 τῶν
528 515 889 571 συλλελεγμένων·
919 512 972 556 τά
990 529 1033 556 τε
1063 513 1226 569 σφάγια
1247 517 1300 559 τὰ
1315 514 1440 573 Ἡγη-

178 582 436 636 ,,σιστροέτου
454 583 531 626 έᾶν
557 584 747 638 χαίρειν,
780 581 886 638 μηδὲ
906 581 1152 637 βιάζεσθαι,
1178 580 1287 627 α’λλά
1317 584 1439 642 νόμῳ

51 642 117 688 42
172 655 264 708 »τῷ
294 651 499 705 Περσέων
527 651 798 707 χρεωμένους
825 648 1129 705 συμβάλλειν.“
1193 650 1365 694 Τούτου
1396 652 1443 696 δὲ

177 718 292 762 οὕτω
309 721 604 772 δικαιεῦντος,
634 718 828 775 ἀντέλεγε
855 716 1020 771 οὐδεὶς,
1051 717 1159 762 ὥστε
1187 717 1356 775 ἐκράτεε
1384 724 1439 778 τῇ

118 880 193 936 γοὲρ
223 885 354 938 πολλῷ
389 881 580 935 κρέσσονα
608 878 710 922 εἶναι
739 896 776 922 κ.

117 955 150 978 τ.
181 943 232 988 λ.,
262 941 301 976 in
341 941 476 991 quibus
515 941 698 990 particula
735 953 777 978 τε

117 997 294 1048 congruit
319 1010 408 1033 cum
443 998 566 1033 verbis
598 991 777 1048 συμβάλ-

116 1055 200 1092 λειν
223 1067 273 1092 τε
292 1050 364 1104 τήν
382 1053 580 1103 ταχίστην,
611 1066 655 1090 ea
676 1065 775 1104 pen-

118 1109 209 1147 dent
256 1110 303 1146 ab
352 1109 590 1147 antecedenti
636 1108 775 1163 γνώμη

116 1168 418 1218 sententiamque
450 1167 557 1203 illam
587 1167 777 1205 Mardonii

116 1225 302 1261 acriorem
321 1223 502 1260 indicant.

171 1331 222 1376 τοῖ
235 1350 276 1376 τε
300 1332 452 1388 σφάγια
471 1359 521 1365 -
554 1334 655 1388 μηδὲ
683 1333 777 1388 [3202-

118 1392 272 1442 ζεσθαι]
307 1390 355 1432 τοὶ
375 1389 525 1445 σφάγια
551 1401 640 1431 sunt
660 1408 776 1442 sacra,

114 1451 298 1498 victimae,
340 1449 443 1486 unde
481 1463 561 1487 non
596 1449 777 1488 differunt

111 1503 159 1544 τοὶ
183 1503 269 1557 ἱερά
284 1535 294 1555 ,
317 1506 416 1545 conf.
436 1508 515 1555 IX,
536 1506 603 1547 45.
625 1510 689 1548 61.
709 1510 776 1548 62.

110 1563 365 1600 Locutionem
390 1563 462 1602 εὀἲν
490 1563 642 1615 χαίρειν
671 1562 775 1616 (mis-

110 1632 186 1656 sum
207 1619 349 1669 facere,
389 1633 457 1657 uon
490 1621 630 1671 curare)
674 1635 785 1673 quae,

110 1676 227 1712 etiam
250 1683 370 1714 exstat
388 1678 466 1723 IX,
491 1676 567 1724 45,
597 1678 704 1729 attigi
724 1677 772 1715 ad

108 1733 180 1781 IV,
214 1736 307 1774 112.
352 1731 648 1771 Valckenaerius
684 1736 773 1772 lau-

111 1788 265 1827 daverat
295 1791 445 1829 Platon.
477 1791 566 1829 Crit.
604 1804 694 1842 pag.
715 1790 769 1834 45

111 1846 160 1882 A.
189 1847 274 1894 (ubi
304 1847 531 1884 Stallbaum.
567 1861 656 1899 pag.
691 1851 767 1888 111

111 1910 306 1953 praeterea
335 1903 465 1941 laudat
493 1904 691 1944 Heindorf.
722 1904 772 1941 ad

112 1957 314 1997 Theaetet.
340 1973 428 2011 pag.
458 1958 536 1999 441
577 1968 615 1998 et
645 1963 773 2012 ipsum

110 2014 359 2053 Valckenaer.
393 2015 441 2053 ad
471 2017 644 2068 Euripid.
674 2020 774 2069 Hip-

111 2072 234 2124 polyt.
278 2075 373 2117 113)
412 2074 566 2111 Isocrat.
604 2075 770 2125 Trapez.

111 2142 199 2180 pag.
242 2127 323 2168 364
351 2129 393 2167 C.
435 2131 511 2179 [cp.
545 2128 596 2169 14
632 2132 668 2177 ξ.
700 2129 770 2181 29]

111 2183 293 2236 Xenoph.
321 2185 447 2223 Anab.
474 2187 568 2234 Vll,
605 2190 629 2227 3
660 2189 696 2233 §.
718 2190 771 2228 23

113 2241 200 2294 [ubi
236 2242 285 2278 cf.
315 2242 496 2293 Kruger]
538 2249 575 2279 et
613 2245 772 2285 Lucian,

109 2300 128 2335 Ι
158 2314 195 2351 p.
218 2301 300 2339 727
331 2299 420 2347 (Pro
441 2301 552 2350 Laps.
582 2300 623 2336 in
645 2301 768 2340 salut.

111 2358 151 2395 2.
180 2355 235 2404 3.)
285 2355 395 2401 Quod
430 2369 520 2393 vero
560 2370 630 2408 pro
669 2354 770 2407 μηδὲ

110 2409 320 2463 βιάζεσθαι
353 2413 446 2450 olim
473 2413 557 2466 quis
594 2416 767 2463 coniecit,

109 2470 295 2519 probante
314 2470 468 2520 Negris,
499 2468 598 2520 μηδὲ
624 2470 770 2523 φράζε-

111 2530 210 2565 σθαι
229 2539 336 2576 neque
369 2527 590 2564 considerare
610 2542 637 2565 s.
660 2542 770 2580 neque

111 2583 160 2619 ad
197 2583 263 2620 illa
301 2585 455 2620 animum
493 2583 685 2633 advertere,
723 2599 768 2623 eo

112 2635 214 2676 haud
234 2653 346 2690 aegre
367 2641 589 2679 carebimus.
642 2643 772 2680 Noluit

113 2697 215 2732 enim
244 2698 307 2733 ille
335 2699 404 2734 vim
431 2697 560 2748 inferre
587 2701 769 2749 auspiciis,

114 2758 155 2788 ut
173 2754 251 2790 scil.
271 2755 388 2791 iuvita
404 2755 564 2792 litarent.
593 2756 651 2792 Ea
668 2757 769 2793 enim

114 2808 333 2858 SIguificatio
354 2819 408 2849 est
427 2813 531 2851 verbi
544 2808 767 2863 βιάζεσθαι,

834 879 964 918 addito
999 881 1212 919 accusativo
1243 877 1293 920 τοὶ
1318 878 1493 934 σφάγιαε

834 937 881 974 de
913 951 988 990 quo
1015 937 1094 976 vid.
1124 937 1310 990 disputata
1332 938 1380 976 ad
1402 941 1494 978 Plu-

830 994 951 1032 tarch.
1001 995 1243 1046 Philopoem‚
1289 1009 1379 1047 pag.
1427 1000 1494 1038 18.

832 1051 1034 1100 Matthiae,
1067 1054 1132 1103 qui
1162 1050 1261 1103 μηδὲ
1282 1052 1494 1103 βιάζεσθαι

832 1107 937 1145 idem
958 1122 1036 1146 esse
1060 1108 1207 1146 dixerat
1237 1115 1352 1161 atque
1392 1108 1493 1162 μηδὲ

832 1164 903 1204 ε’ἇν
941 1163 1151 1215 βιάζεσθαι
1185 1164 1351 1214 ἑαυτούς
1382 1181 1494 1218 neque

824 1224 1048 1273 permittere,
1076 1227 1116 1260 ut
1137 1225 1302 1261 victimae
1330 1224 1400 1262 sibi
1421 1227 1493 1263 vim

831 1279 1008 1329 afferant,
1059 1287 1096 1317 et
1134 1294 1288 1331 pugnae
1335 1281 1493 1333 cupidos

832 1349 853 1371 a
874 1349 1003 1386 pugna
1022 1334 1258 1386 deterreant,
1279 1337 1378 1374 bene
1398 1339 1493 1376 sub-

833 1393 932 1440 iicit,
962 1388 1172 1443 βιάζεσθαι
1199 1391 1246 1433 τοὶ
1269 1390 1422 1448 σφάγια
1448 1410 1494 1432 e-

833 1450 927 1486 tiam
948 1463 1055 1500 posse
1077 1464 1155 1487 esse
1176 1453 1245 1489 vim
1271 1451 1402 1501 afferre
1434 1455 1495 1490 vi-

833 1508 948 1543 ctimis
969 1513 1006 1543 et
1025 1507 1067 1544 iis
1088 1508 1214 1544 invitis
1249 1505 1364 1559 (πρὸς
1383 1510 1492 1561 βίαν)

830 1575 1018 1613 pugnare.
1068 1563 1165 1600 Mihi
1184 1563 1258 1601 hoc
1280 1578 1403 1602 unum
1424 1580 1495 1603 ve—

829 1632 917 1656 rum
938 1633 1017 1657 esse
1036 1619 1196 1658 videtur.
1243 1620 1357 1658 Addo
1379 1623 1494 1660 Gailii

827 1676 1180 1727 interpretationem
1208 1678 1234 1714 l.
1262 1678 1288 1719 l.
1329 1679 1363 1716 V
1401 1693 1494 1731 pag.

827 1733 933 1774 255:
965 1733 1210 1780 „Mardonius
1241 1735 1367 1784 disoit,
1405 1738 1493 1787 qu'z'l

828 1790 913 1826 e'toz't
943 1790 1057 1827 d'avz's
1090 1791 1274 1843 d'envoyer
1312 1805 1492 1843 promener

827 1844 876 1882 les
894 1848 1026 1885 oracles
1045 1851 1077 1884 et
1097 1848 1138 1885 de
1156 1862 1198 1886 ne
1211 1862 1282 1898 pas
1311 1862 1346 1885 se
1365 1850 1492 1888 Iaz'sser

819 1901 920 1952 faire
955 1904 1105 1942 violence
1142 1909 1176 1942 et
1210 1905 1251 1942 de
1283 1905 1392 1943 n’etre
1422 1920 1491 1958 pas

827 1960 961 1998 esclave
997 1962 1058 1999 des
1091 1963 1158 1998 rits
1186 1965 1219 1999 et
1262 1975 1392 2011 usages
1429 1964 1490 2002 des

829 2016 977 2054 Grecs.“
1031 2017 1094 2054 Ad
1114 2019 1235 2068 ipsam
1254 2021 1491 2058 locutionem

829 2080 916 2121 apte
976 2074 1256 2125 Wesselingius
1316 2078 1492 2115 attulerat

828 2127 1025 2166 Plutarchi
1053 2131 1182 2167 locum
1210 2133 1269 2178 II,
1298 2145 1387 2184 pag.
1407 2132 1492 2174 244

831 2185 873 2222 C.
896 2185 931 2224 εἰ
950 2183 992 2224 δὲ
1012 2182 1067 2237 μή
1080 2188 1230 2240 χαίρειν
1256 2188 1328 2228 ἐᾶν
1348 2188 1416 2228 καὶ
1433 2186 1492 2241 μή

829 2238 1160 2293 προσβιάζεσθαι.
1223 2245 1294 2284 Cr.
1327 2247 1491 2284 conferri

829 2299 910 2336 vult
930 2300 1059 2351 Toup.
1091 2300 1139 2338 ad
1158 2303 1381 2355 Longinum
1400 2317 1492 2356 pag.

828 2357 912 2396 332
942 2363 979 2393 et
1009 2357 1172 2396 Coraem
1202 2359 1250 2397 ad
1289 2360 1487 2398 Heliodori

822 2411 1029 2464 Aethiopp.
1057 2416 1127 2453 VII
1164 2429 1251 2468 pag.
1284 2416 1388 2468 248,
1419 2419 1486 2472 qui

824 2471 978 2521 corrigit
998 2468 1235 2520 ἰδιᾶζεσθαι.

1032 2563 1124 2614 cap.
1154 2564 1277 2603 XLII.

883 2637 1027 2681 τούτου
1048 2640 1091 2682 δέ
1104 2638 1208 2683 οὕτω
1220 2643 1484 2696 δικαιεῦντος]

826 2700 851 2736 i.
878 2712 910 2737 e.
941 2699 1004 2736 illo
1032 2703 1148 2737 autem
1183 2703 1232 2739 sic
1258 2705 1431 2740 statuente
1453 2715 1486 2739 s-

827 2769 931 2806 quum
957 2756 1017 2793 ille
1051 2758 1104 2794 ita
1127 2757 1348 2808 faciundum
1368 2772 1486 2797 cense-

827 2816 893 2851 ret.
950 2812 1037 2852 Vid.
1057 2815 1165 2865 VIII,
1204 2818 1296 2867 126,
1325 2829 1376 2853 ne
1394 2816 1484 2867 plu-
