1879 3222
60 749 177 778 Secutis
196 751 321 779 Graecis

60 784 258 820 Leotychides
273 786 331 821 pri-

390 169 474 208 344

789 164 1244 201 HERODOTI

389 277 498 328 δρου
539 272 822 328 ἐπισπόμενος
861 272 929 315 ἐπὶ
969 273 1172 328 Μιλήτου
1209 271 1407 314 κτιστύν·
1455 271 1646 314 ἐνθαῦτα
1702 279 1785 318 736

389 342 465 392 τάς
495 357 538 384 τε
568 341 668 390 νέας
700 340 957 393 ἀνείρυσαν,
988 340 1058 381 καὶ
1087 339 1394 394 περιεβάλοντο
1426 339 1551 391 ἕρκος
1569 339 1641 381 καὶ
1655 347 1700 380 25

389 411 527 451 Mam
557 409 627 450 καὶ
667 407 828 460 ξύλων,
868 408 1045 460 δένδρεα
1081 407 1337 457 ἐκκόψαντες
1375 405 1536 461 ἥμερα,
1576 405 1648 447 καὶ

359 476 603 526 Ξσκόλοπας
633 476 730 529 περὶ
745 475 794 518 τό
825 475 946 529 ἕρκος
974 473 1223 529 κατέπηξαν.

391 543 494 585 δατο
555 541 612 593 ὡς
653 541 1070 598 πολιορκησόμενοι,

1283 474 1355 516 καὶ
1385 471 1649 525 παρεσκευά-

1143 541 1216 583 καὶ
1271 540 1330 591 (ὃς
1385 540 1648 595 νικήσοντες,

389 609 456 654 ἐπ’
489 610 736 667 α’μφότερα·
770 611 1062 665 ἐπιλεγόμενοι
1093 607 1176 662 γάρ
1206 607 1592 660 παρεσκευάζοντο.

261 687 328 732 98

331 951 388 999 V,
423 950 490 992 65.
520 951 750 1001 Wesseling.
781 948 828 987 de
852 951 992 988 Ionum

332 1008 560 1057 migratione
597 1009 806 1059 Miletoque
840 1007 992 1045 condita

333 1066 422 1101 citat
442 1066 605 1102 Pausan.
628 1066 718 1110 VII,
747 1066 773 1103 2
794 1064 830 1108 ξ.
857 1067 875 1103 1
899 1078 992 1115 seq.,

334 1121 400 1157 nbi
421 1128 546 1157 lamen
559 1122 662 1158 nulla
672 1119 820 1157 Philisti
834 1122 991 1166 mentio,

334 1177 460 1214 Str-ab.
482 1179 570 1213 XIV
584 1180 711 1227 p.633
732 1189 825 1228 seq„
844 1179 925 1217 938
935 1190 991 1228 sq.

333 1234 396 1270 cui
411 1232 472 1270 hic
484 1233 716 1282 Codrffilius,
733 1234 901 1269 coloniae
914 1232 994 1270 dux

333 1297 492 1327 vocatur
512 1286 685 1339 Νηλεύς.
744 1289 843 1325 Cum
868 1291 994 1326 Hero-

334 1345 425 1383 doto
455 1346 543 1382 facit
564 1347 789 1393 Pausanias,
824 1347 890 1382 ubi
923 1360 994 1383 ex·-

332 1409 405 1439 stat
427 1399 609 1450 Νειλεός.
647 1402 730 1440 Vid.
750 1401 923 1440 Eustath.
945 1402 994 1440 ad

334 1458 468 1510 Odyss.
498 1472 585 1510 pag.
616 1461 717 1499 1681
754 1466 789 1495 et
814 1460 991 1498 Perizon.

333 1514 382 1552 ad
403 1516 551 1554 Aelian.
576 1517 619 1553 V.
641 1517 687 1551 H.
709 1516 817 1563 VIII,
841 1515 880 1555 5.

390 1570 456 1610 ἐπὶ
484 1568 672 1621 Μιλήτου
697 1568 875 1619 κτιστύν]
909 1570 993 1610 κτί-

335 1636 420 1673 σιν,
451 1628 673 1664 observante
697 1626 898 1673 Valcken.‚
928 1626 990 1663 hic

332 1680 448 1719 habet
466 1682 637 1720 Eustath.
658 1683 699 1718 in
722 1684 879 1734 Dionys,
900 1684 994 1729 823,

336 1739 401 1789 qui
421 1740 606 1776 sinceram
635 1740 800 1775 formam
834 1733 995 1777 κτιστύν

333 1797 497 1832 servavit
527 1795 575 1832 ad
603 1798 760 1834 Homer.
802 1795 845 1833 ΙΙ.
886 1796 994 1842 XIX,

342 1837 412 1909 fo?
446 1850 573 1900 1245,
607 1851 660 1892 40
692 1851 739 1888 de
770 1849 826 1887 his
856 1852 996 1887 Ionum

340 1888 475 1972 5¹:22¹?
509 1915 672 1945 '‘actans.
728 1906 878 1944 Eodem
907 1920 998 1958 per-

487 1944 531 1972 ἃμ
566 1961 996 1975 --------------------

338 1986 470 2023 allata·
511 1983 731 2037 Λωμητύς·
771 1990 995 2046 κατασκευή

336 2036 436 2088 apud
476 2040 641 2092 Hesych.
692 2045 710 2079 I
751 2059 838 2097 pag.
873 2050 994 2090 1054.

333 2091 532 2145 φραστύς·
553 2097 706 2148 σκέψις,
723 2100 860 2142 ἔννοια
881 2104 992 2154 (ibid.

332 2150 368 2215 I'I
415 2163 506 2201 pag.
549 2155 669 2204 1523)
726 2152 990 2211 Ἀφραστύες-

332 2208 537 2247 ασυνεσίαι
560 2211 661 2260 apud
682 2213 840 2252 Suidam
862 2219 879 2252 I
898 2232 985 2269 pag.

330 2262 424 2302 398.
445 2258 685 2314 Ἀποδαστῦς
705 2271 805 2321 apud
818 2274 984 2325 Hesych.

328 2317 344 2351 Ι
378 2331 464 2369 pag.
488 2320 566 2362 458
607 2324 734 2375 ibique
770 2335 865 2365 nott.
897 2332 983 2369 coll.

326 2373 424 2415 plut,
447 2378 482 2411 11
513 2391 599 2429 pag.
622 2383 700 2421 933
723 2384 778 2430 E,
812 2386 876 2421 ubi
905 2399 983 2426 σω-

326 2430 572 2480 φρονιστύος.
630 2438 746 2488 Apud
768 2441 908 2479 Herod.
936 2445 979 2493 V,

325 2487 350 2524 6
372 2488 556 2551 λἠϊστύς,
594 2493 661 2540 IV,
693 2496 746 2536 75
779 2503 980 2538 καταπλα-

324 2551 416 2587 στυς
463 2545 522 2592 (nt
561 2548 753 2588 Mediceus
794 2553 976 2607 exhibet),

321 2609 418 2647 quae
456 2607 613 2651 tangens
652 2606 752 2643 idem
793 2611 975 2651 Valcken-

320 2652 367 2689 ffll
396 2655 436 2703 1,
478 2658 530 2696 85
559 2660 661 2698 addit

498 681 552 722 Οἱ
589 679 634 722 δὲ
651 678 872 734 ΓΈλληνες,
916 675 971 727 ὡς
1016 676 1232 719 ἐπύθοντο
1273 675 1504 730 οἰχωκότας
1540 674 1645 724 τούς
1660 681 1705 715 30

327 774 335 787 ,
391 746 644 802 βαρβάρους
672 747 714 798 ἐς
743 746 823 801 τήν
857 744 1055 801 ἤπειρον,
1085 742 1275 799 ἤχθοντο
1303 741 1361 793 ὠς
1392 741 1649 798 ἐκπεφευγό-

1048 955 1270 1002 quentasse,
1305 949 1343 984 in
1367 947 1472 985 cuius
1501 947 1629 998 paucis
1644 960 1707 984 re-

1047 1007 1172 1058 liquiis
1207 1006 1449 1043 inveniantur
1490 1001 1706 1056 ἁρπακτῦς,

1049 1059 1239 1111 fiammis,
1293 1058 1501 1113 γελαστυς,
1545 1058 1707 1110 μαστύς,

1050 1115 1220 1169 ἆλητΰς,
1261 1112 1474 1164 ὄϊστευτύς.
1532 1118 1615 1153 Alia
1636 1115 1710 1153 hu-

1049 1174 1214 1213 iusmodi
1235 1175 1418 1210 vocabula
1438 1175 1476 1210 in
1497 1169 1545 1219 υ’ς
1561 1187 1709 1210 exeun-

1049 1233 1123 1280 tia,
1155 1232 1201 1267 ab
1222 1233 1375 1268 Ionibus
1395 1231 1614 1281 praesertim
1635 1230 1709 1266 fre-

1051 1295 1231 1341 quentata
1284 1289 1407 1324 attulit
1447 1285 1709 1323 Hemsterhus.

1051 1344 1100 1382 ad
1127 1345 1286 1381 Lucian.
1317 1345 1416 1380 Dial.
1436 1345 1549 1381 Mort.
1570 1343 1640 1391 VI,
1669 1345 1709 1381 3.

1051 1403 1104 1440 T.
1124 1402 1159 1437 II
1179 1414 1268 1452 pag.
1290 1398 1370 1440 433
1392 1399 1454 1442 ed.
1474 1401 1560 1450 Bip.

1104 1509 1442 1564 παρεσκευάδατο]
1464 1510 1611 1548 Eadem
1630 1511 1710 1548 for-

1047 1584 1113 1608 ma
1153 1571 1229 1617 IX,
1280 1572 1379 1616 100,
1427 1567 1530 1604 unde
1570 1568 1710 1604 excitat

1049 1625 1185 1663 Matth.
1206 1627 1272 1661 Gr.
1295 1626 1359 1660 Gr.
1377 1625 1414 1668 §.
1436 1624 1539 1669 204,
1568 1623 1605 1661 b.
1627 1629 1710 1659 not.

1051 1685 1077 1722 2
1103 1694 1189 1733 pag.
1215 1682 1308 1720 378.
1353 1678 1415 1715 Ad
1445 1679 1606 1716 verbum
1638 1693 1710 1716 πο-

1052 1732 1347 1789 λιορκησόμενοι
1374 1734 1451 1773 vid.
1472 1742 1566 1771 nott.
1591 1733 1640 1770 ad
1664 1734 1708 1781 V,

1053 1796 1119 1835 34.
1150 1794 1269 1844 Seqq.
1300 1786 1366 1832 ἐπ’
1400 1787 1606 1841 ἀμφότερα
1624 1789 1710 1829 ε’πι-

1052 1846 1258 1900 λεγόμενοι
1278 1844 1353 1898 γὰρ
1371 1843 1709 1897 παρεσκευᾴζοντο

1053 1907 1203 1944 valent:
1252 1904 1301 1941 ad
1353 1907 1537 1952 utrumque
1584 1902 1713 1950 parati

1054 1960 1172 1990 muno,
1213 1967 1278 1984 aem
1318 1961 1434 1990 nrn‘mn
1476 1960 1647 1994 uersantes
1677 1969 1709 1995 S·

1052 2003 1228 2040 curantes.

1231 2089 1322 2142 cap.
1352 2095 1520 2134 xcvm.

1103 2163 1280 2217 ἤχθοντο
1302 2165 1356 2216 αἷς
1384 2171 1700 2229 ἐκπεφευγότων]

1046 2221 1156 2259 Conf.
1192 2232 1286 2262 nott.
1319 2226 1366 2264 ad
1397 2230 1508 2279 V111,
1551 2236 1628 2274 109
1664 2242 1702 2273 et

1041 2277 1088 2314 ad
1118 2281 1251 2317 verba:
1294 2281 1336 2321 ἒν
1366 2279 1512 2340 α’πορίῃ
1549 2289 1700 2340 εἴχοντο

1039 2341 1132 2374 nott.
1163 2336 1210 2373 ad
1231 2338 1335 2385 VIII,
1358 2340 1421 2381 52.
1455 2343 1562 2381 Unde
1581 2347 1695 2384 intel-

1037 2391 1187 2441 ligitur,
1243 2399 1559 2446 praepositionem
1591 2401 1634 2440 ἐν
1671 2416 1692 2438 e

1039 2446 1185 2485 duobus
1221 2450 1331 2488 codd.
1362 2453 1458 2491 bene
1490 2469 1512 2492 a
1543 2456 1690 2494 Sohae-

1036 2503 1115 2540 fero
1131 2534 1140 2551 ,
1163 2519 1275 2557 quem
1299 2511 1432 2547 merito
1447 2513 1579 2562 reliqui
1601 2513 1688 2551 edd.

1034 2562 1152 2596 secuti
1173 2570 1273 2611 sunt,
1296 2578 1374 2602 esse
1395 2574 1610 2605 assumtam.
1631 2591 1685 2597 —

1033 2611 1077 2662 ὅ,
1125 2632 1160 2655 τι
1207 2619 1370 2659 ποιέωσι
1406 2629 1480 2658 est:
1518 2626 1685 2672 quidnam

697 2664 973 2706 Callimachum
1027 2672 1188 2722 facerent
1209 2689 1239 2712 s.
1255 2676 1380 2725 facere
1396 2678 1564 2716 deberent.
1586 2683 1682 2719 Nam

317 2722 406 2759 prae
441 2719 594 2751 caeteris
631 2721 751 2766 poetis
779 2724 865 2760 talia
897 2727 973 2762 fre-
1029 2727 1292 2769 deliberativas
1321 2739 1375 2771 est
1408 2736 1680 2788 coniunctivm,
