1879 3222
405 794 509 852 ΙΙΙ.
571 795 834 853 INDEX
885 794 1517 854 GRAMMATICUS.

223 1114 389 1148 docentus
405 1113 547 1150 fluctuat
569 1115 601 1150 in
616 1116 796 1154 nominibb.
817 1130 934 1166 propr.

274 1159 445 1203 Τιμῶναξ
460 1167 495 1194 et
514 1163 684 1204 Τιμῶναξ
711 1165 783 1206 VII,
805 1167 848 1200 98
864 1171 933 1201 not.

270 1224 314 1231 —-—
331 1202 449 1248 ’Ἄξιος
481 1213 516 1240 et
537 1205 646 1250 Ἀξιὸς
672 1210 752 1251 vll,
789 1212 865 1246 123.
890 1229 934 1237 -—-

269 1247 458 1295 Ὀνησίλος
491 1258 527 1286 et
559 1250 747 1298 Ὀνήσιλος
779 1258 822 1298 V,
858 1258 935 1292 108.

269 1294 445 1354 ——’'A‹nqo
463 1304 498 1332 et
512 1296 633 1343 Ἀστὴρ
657 1302 701 1335 Τ.
727 1302 774 1335 111
799 1314 831 1346 p.
856 1303 933 1337 814.

269 1361 314 1371 ·-
337 1344 453 1388 Κριος
477 1348 513 1377 et
534 1347 648 1386 Κοῖος
672 1347 773 1388 VIII,
796 1349 839 1382 91
864 1355 933 1382 not.

270 1389 404 1429 Γλίσας
418 1397 453 1423 et
469 1389 604 1431 Γλισὰς
623 1392 685 1432 ΙΧ,
708 1393 764 1427 43.
779 1414 824 1420 -—
842 1392 937 1438 Πέρ-

269 1436 379 1475 καλος
402 1441 436 1469 et
453 1436 641 1479 Περκαλός
665 1443 731 1473 etc.
755 1439 800 1473 Τ.
824 1439 877 1473 ΙΙΙ
900 1451 935 1485 p.

271 1481 346 1515 818.
372 1482 448 1515 823.
475 1483 551 1517 827.

225 1525 610 1580 Αεουεὲξίυυε..-Α.οουε.
636 1530 761 1574 primae
780 1530 937 1565 declinat.

271 1582 307 1616 in
332 1596 375 1622 ας
405 1588 441 1617 et
465 1596 527 1623 δας
556 1586 590 1627 Ι,
626 1589 688 1623 111
714 1593 783 1622 not.
816 1590 936 1622 Aecus.

269 1630 393 1662 tertiae
410 1629 564 1664 declinat.
591 1643 708 1665 vocum
732 1633 858 1677 primae
878 1634 937 1666 de-

271 1674 348 1707 clin.
381 1674 417 1715 1,
441 1676 484 1709 68
509 1681 578 1708 not.
617 1678 660 1717 V,
683 1679 738 1712 32.
762 1679 818 1712 49.
844 1679 936 1719 VIII,

271 1719 294 1753 3
317 1724 386 1753 not.
420 1719 457 1760 Ι,
487 1720 507 1752 8
537 1724 605 1754 not.
639 1723 677 1764 1,
705 1725 780 1756 111.
814 1727 936 1757 Aecus.

271 1774 411 1819 pluralis
434 1774 468 1807 in
493 1767 532 1814 [ξ
550 1776 578 1817 Ι,
603 1778 655 1811 15.
683 1778 745 1821 ΙΙΙ,
768 1780 800 1813 7.

227 1820 382 1854 Accusat.
407 1821 579 1855 absolutus
601 1822 656 1866 ΙΙ,
681 1824 737 1859 66.
774 1823 837 1858 141
863 1823 938 1858 coll.

274 1865 318 1905 ll,
345 1866 409 1899 106
432 1870 500 1900 not.

228 1913 384 1946 Accusat.
407 1917 484 1954 post.
496 1913 600 1947 verba
622 1912 792 1948 intransit.
816 1913 846 1956 Ι,
868 1914 937 1949 206

275 1957 348 1991 coll.
373 1957 449 1997 VII,
472 1958 526 1991 52.

228 2002 384 2081 AcIcuzat.
402 2002 504 2036 addit.
526 2001 676 2048 φρένας,
698 2004 854 2049 καρδίαν
871 2009 939 2039 etc.

292 2073 301 2088 ,
347 2049 367 2082 7
392 2051 462 2081 not.

230 2095 387 2128 Accusat.
402 2099 477 2138 post
487 2094 591 2128 verba
603 2106 674 2128 cum
689 2094 941 2141 praepositione

276 2136 314 2172 ἐκ
338 2139 532 2184 composita,
557 2141 596 2180 V,
623 2141 687 2174 103
711 2147 779 2174 not.

230 2187 388 2220 Accusat.
412 2190 490 2229 post
506 2186 697 2228 μιμεῖσθαι
719 2187 761 2226 V,
786 2188 841 2221 67.
863 2190 942 2231 post

275 2231 395 2263 ποιεῖν
426 2230 488 2270 IV,
519 2232 562 2264 65
590 2236 659 2265 not.
688 2233 880 2265 ποιεῖσθαι
912 2232 941 2273 Ι,

275 2275 319 2309 68
344 2281 412 2309 not.
446 2275 481 2316 Ι,
518 2277 582 2310 129
606 2282 674 2311 not.
707 2278 742 2319 Ι,
781 2278 846 2312 137
871 2284 942 2312 not.

275 2321 336 2361 lv,
360 2322 403 2355 87
426 2327 497 2354 not.
521 2323 562 2355 88
587 2327 655 2356 not.
682 2341 726 2348 ——
750 2327 827 2368 post
850 2320 940 2366 ἔχειν

231 2392 388 2444 Accusat.
413 2411 478 2444 duo
503 2416 578 2456 post
596 2413 702 2447 verba
725 2412 892 2456 εἴρεσθαι
915 2413 941 2454 Ι,

277 2457 321 2490 32
346 2461 413 2489 not..
446 2457 517 2498 Ill,
541 2458 596 2492 32.
630 2465 707 2503 post
739 2460 941 2492 ποιεῖσθαι.

279 2502 354 2535 vid.
379 2506 489 2536 antea.
509 2522 549 2528 —
567 2511 646 2549 post.
668 2504 839 2539 dividendi
863 2515 943 2538 ver-

1035 1120 1080 1154 ba
1102 1119 1131 1163 1,
1155 1119 1200 1153 94
1223 1124 1291 1153 not.
1316 1119 1391 1153 coll.
1415 1119 1459 1160 II,
1482 1119 1515 1153 4.
1541 1119 1615 1155 147.
1638 1119 1699 1163 Iv,

1037 1166 1099 1200 181
1124 1171 1194 1199 not.
1223 1165 1299 1204 VII,
1326 1167 1388 1201 121
1414 1169 1484 1200 not.

991 1211 1148 1245 Accusat.
1172 1211 1328 1255 particip.
1362 1221 1560 1256 praegresso
1583 1210 1699 1245 dativo

1036 1256 1099 1297 IX,
1123 1257 1167 1292 79
1190 1263 1259 1292 not.
1285 1256 1359 1290 Vid.
1387 1257 1621 1300 Partica'pium.

990 1303 1147 1338 Accusat.
1170 1309 1206 1336 et.
1227 1302 1380 1336 infinitivi
1407 1313 1487 1335 usus
1510 1313 1572 1346 pro
1595 1301 1702 1335 nomi-

1037 1354 1106 1382 nat.
1131 1352 1167 1380 et
1188 1348 1308 1381 infinit.
1343 1348 1383 1390 1,
1407 1349 1463 1382 34.
1497 1347 1558 1389 lv,
1581 1347 1637 1382 94.
1670 1347 1701 1389 I,

1039 1394 1073 1434 5,
1100 1395 1163 1428 171
1189 1399 1256 1427 not.
1281 1392 1327 1433 ΙΙ,
1350 1395 1372 1428 2
1397 1400 1464 1427 not.

993 1440 1151 1473 Accusat.
1175 1451 1236 1484 pro
1259 1440 1360 1483 genit.
1385 1439 1414 1481 Ι,
1437 1439 1492 1473 43.
1520 1439 1596 1473 143.

992 1486 1174 1528 Adjectc'va
1197 1485 1230 1518 in
1251 1488 1347 1524 ιαῖος
1371 1485 1399 1526 Ι,
1423 1486 1467 1518 50
1489 1490 1559 1519 not.
1599 1483 1704 1528 Adje-

1040 1531 1131 1565 ctiva
1154 1543 1183 1564 c.
1208 1531 1357 1574 genitivo
1382 1537 1506 1564 constr.
1534 1529 1562 1571 1,
1586 1531 1643 1564 24.

993 1588 1253 1622 Alliteratt'ones
1278 1599 1306 1623 s,
1329 1587 1590 1632 paronomasiae
1615 1586 1657 1628 V,
1682 1587 1702 1620 1

1038 1640 1108 1666 not.
1134 1634 1174 1671 V,
1198 1633 1251 1665 56.

993 1677 1242 1712 Anacolulhiae
1265 1677 1292 1716 Ι,
1312 1678 1356 1711 27
1379 1682 1446 1710 not.
1460 1677 1494 1720 *)
1519 1677 1547 1715 I,
1569 1677 1625 1710 33.
1650 1675 1703 1716 (in

1038 1734 1104 1766 quo
1125 1723 1197 1754 loco
1223 1733 1278 1763 pro
1303 1718 1452 1761 οὔκως
1476 1718 1561 1755 οὔτε
1585 1719 1702 1764 ἐχαρί-

1038 1768 1117 1808 ζετο
1136 1767 1328 1800 Kfircherus
1352 1778 1444 1800 meus
1467 1767 1600 1800 coniicit
1624 1760 1703 1800 οὖ-

1038 1823 1115 1851 τος
1148 1807 1234 1844 οὔτε
1266 1808 1465 1854 ἐχαρίζετο)
1497 1812 1535 1854 l,
1567 1812 1622 1845 58.
1659 1812 1704 1846 63

1039 1857 1098 1890 fin.
1128 1859 1183 1891 70.
1217 1857 1271 1891 77.
1304 1857 1358 1891 85.
1392 1857 1435 1891 86
1458 1857 1517 1890 fin.
1549 1857 1624 1891 129.
1657 1856 1702 1901 II,

1042 1902 1093 1936 15.
1118 1902 1174 1935 32.
1198 1902 1267 1939 ΙΙΙ.
1293 1902 1345 1935 14.
1369 1902 1429 1942 IV,
1454 1904 1474 1936 5
1500 1908 1567 1936 not.
1592 1902 1705 1945 (Mat-

1037 1948 1132 1981 thiae
1154 1946 1354 1982 Vermischt.
1371 1947 1512 1982 Schrist.
1536 1959 1611 1993 pag.
1629 1948 1703 1990 61.)

1043 1993 1106 2027 147
1127 2000 1195 2025 not.
1235 1993 1317 2035 vil,
1355 1993 1421 2027 235
1447 2000 1514 2027 not.
1551 1993 1650 2032 VIII,
1682 1992 1704 2026 5

1042 2043 1112 2072 not.
1138 2037 1231 2079 VIII,
1254 2040 1310 2071 40.
1335 2039 1389 2073 84.
1418 2040 1492 2075 136.
1516 2037 1580 2082 IX,
1603 2039 1659 2073 55.

995 2095 1127 2130 Aoristi
1151 2094 1204 2128 vis
1230 2095 1274 2135 ΙΙ,
1295 2096 1350 2130 87.
1374 2096 1430 2130 96.

996 2141 1174 2186 Appositio
1211 2140 1349 2184 genitivi
1383 2141 1456 2174 loco
1489 2139 1530 2182 I,
1564 2139 1607 2175 14
1630 2139 1705 2174 coll.

1042 2188 1086 2221 26
1110 2192 1178 2220 not.
1201 2185 1230 2224 I,
1253 2185 1310 2219 93.
1337 2187 1401 2220 163
1425 2192 1493 2219 not.

996 2233 1172 2267 Articulus
1197 2231 1289 2274 (eius
1303 2230 1371 2275 vis)
1395 2232 1422 2274 I,
1450 2232 1524 2266 148.
1551 2231 1627 2266 155.
1653 2230 1706 2274 (in

1041 2277 1284 2319 numeralibus)
1309 2276 1343 2318 1,
1377 2278 1431 2311 98.
1458 2278 1538 2321 (pro
1564 2276 1705 2310 relativo

1042 2323 1208 2367 pronom.)
1233 2322 1266 2362 Ι,
1291 2323 1325 2356 5.
1351 2321 1432 2365 (τὸν
1455 2334 1517 2366 pro
1543 2319 1615 2365 ὄν.)

997 2367 1136 2402 Articuli
1158 2367 1208 2400 vis
1232 2373 1310 2401 ante
1333 2368 1458 2411 gentill.
1483 2369 1518 2409 1,
1541 2371 1562 2403 2
1586 2371 1655 2401 not.
1677 2366 1707 2408 Ι,

1045 2413 1134 2454 163„
1162 2416 1240 2446 aute
1263 2412 1375 2447 omiss.
1400 2412 1484 2452 ὖιός
1509 2414 1545 2455 Ι,
1568 2414 1624 2449 35.

999 2459 1170 2492 Articulus
1202 2458 1312 2492 omiss.
1351 2460 1447 2499 vlu,
1476 2459 1522 2493 36
1546 2467 1613 2492 not.
1645 2455 1705 2496 lx,

1044 2505 1098 2538 11.
1123 2523 1166 2528 —
1190 2507 1269 2539 ante
1292 2505 1384 2538 infin.
1414 2505 1467 2546 ΙΙ,
1491 2505 1546 2539 20.
1569 2505 1613 2539 26
1636 2508 1705 2537 not.

328 2695 358 2737 ·)
385 2695 420 2726 1η
438 2704 504 2738 quo
526 2694 603 2727 loco
624 2694 749 2737 Negris
768 2693 983 2749 participium
1002 2690 1187 2740 ἀρώμενοι
1207 2695 1345 2729 retineri
1358 2696 1428 2729 vult
1441 2720 1451 2737 ‚
1471 2695 1518 2727 ita
1539 2694 1606 2728 loci
1624 2707 1706 2728 seu-

238 2752 307 2772 aum
328 2740 521 2782 explicans:
551 2739 586 2772 τὶ
607 2737 694 2773 ἄλλο
718 2740 857 2778 δοκέεις
874 2737 1246 2782 εύχεσθαι·νησιώτας
1264 2738 1287 2821 ῚΞ
1308 2739 1543 2783 πυθομένους
1561 2740 1598 2775 σὲ
1619 2740 1706 2782 νέας

1286 2799 1305 2820 ν

240 2783 300 2819 ἐπὶ
319 2783 419 2828 σφισὶ
436 2784 750 2829 ναυπηγούμενον,
770 2784 938 2830 ἀρᾶσθαι
958 2785 1083 2829 λαβεῖν
1103 2785 1250 2826 Λυδοὺς

1324 2784 1503 2830 θαλάσσῃ.
