1996 3238
163 792 243 820 nibus
262 779 311 827 qui
320 797 438 819 reman-

490 262 547 301 68

491 385 535 413 τε
570 367 642 412 καὶ
676 363 864 417 ξύλοισι,
905 363 1126 421 ἠμύνοντο
1156 365 1260 414 τούς
1289 363 1506 414 ἐπιόντας·

886 257 1344 294 HERODOTI

1554 361 1641 417 ἅμα
1670 361 1748 416 μὲν

490 435 561 481 ὑπ’
606 433 811 489 οἷσθενίης
839 435 940 489 βίου
976 434 1057 477 οὐκ
1085 432 1404 488 ἐκχωρήσαντες
1433 431 1474 481 ἐς
1504 433 1749 483 Σαλαμῖνα,

489 503 600 557 πρὸς
641 503 686 544 δὲ
725 501 798 544 καὶ
836 499 963 543 αὐτοὶ
1001 501 1224 550 δοκέοντες
1253 499 1525 554 ἐξευρηκέναι
1553 497 1602 541 τὸ
1641 501 1806 551 μαν-ὅο

753 565 764 581 e

488 570 614 626 τήϊον
650 568 699 611 τὸ
743 585 767 623 η
808 570 958 624 Πυθίη
990 579 1069 622 σφι
1100 567 1249 622 ἔχρησε
1290 565 1365 619 ,,τὸ
1408 565 1584 618 ξύλινον
1613 569 1750 620 τεῖχος

492 637 746 689 ,,ἀνάλωτον
775 634 971 678 ε’·σεσθαι
964 640 1009 660 ·“
1050 633 1156 677 αὐτὸ
1179 633 1231 688 ὸὴ
1263 638 1394 676 τοῦτο
1427 632 1537 676 εἶναι
1565 632 1614 676 τὸ
1644 649 1749 688 κρη-

366 692 432 736 52
493 703 711 761 σφύγετον
740 704 849 746 κατά
876 702 924 745 τό
955 702 1188 757 μαντήϊον,
1219 702 1292 743 καὶ
1324 718 1378 744 ου
1409 718 1484 751 τας
1514 703 1635 756 νῆας.

161 764 272 792 arcem,
281 756 440 785 Athenien-

1699 702 1753 742 Οἱ

494 773 541 817 δὲ
579 772 758 826 Πέρσαι,
787 770 975 826 ἱζόμενοι
1003 769 1071 812 ἐπὶ
1099 767 1176 812 τόν
1204 769 1436 812 καταντίον
1457 771 1531 825 τῆς
1561 767 1750 823 ἀκροπό-

437 978 542 1021 bant;
561 989 636 1028 quo
656 976 869 1027 imperfecti
888 977 942 1013 vis
963 989 1006 1014 ac
1022 989 1095 1028 po-

436 1040 548 1070 testas
570 1033 729 1070 eluceat.

493 1094 561 1137 15⁷1?
573 1094 767 1150 οἶσθενίης
780 1099 889 1151 βίου]
906 1100 1095 1136 Florenti-

436 1168 508 1193 nus
529 1169 618 1192 cum
648 1158 726 1193 aliis
748 1154 973 1207 ἀσθενείης,
997 1170 1093 1207 quae

434 1213 600 1262 vulgaris
647 1227 737 1250 sane
784 1212 934 1249 videtur
981 1213 1095 1250 fuisse

437 1269 572 1308 forma.
623 1271 680 1306 De
701 1268 756 1306 his
777 1270 906 1306 soi-mis
928 1268 1094 1306 diximus

438 1325 486 1362 ad
511 1327 540 1372 Ι,
591 1324 657 1366 54.
678 1328 931 1363 Locutionem
960 1327 1095 1376 ipsam,

436 1394 553 1433 quam
602 1383 735 1432 Negris
792 1395 1095 1432 neograecorum

434 1437 616 1474 idiomate
628 1439 785 1489 exponit
797 1434 876 1477 ἀπὸ
887 1439 1094 1490 πτωχείαν,

436 1496 479 1531 si·
520 1494 677 1546 quidem
718 1490 899 1545 ἀσθενὴς
947 1496 1095 1546 saepius

435 1549 541 1586 idem
559 1553 683 1588 valeat
712 1558 826 1602 ‘atque
854 1549 1006 1602 πτωχὸς
1036 1552 1097 1600 (ut

435 1607 541 1654 VIII,
595 1610 684 1648 137.
729 1608 790 1655 II,
844 1606 911 1648 47.
962 1609 1094 1658 Eurip.

437 1663 573 1713 Suppl.
595 1663 690 1703 433.
719 1664 859 1700 Electr.
893 1664 1006 1714 267.)
1038 1672 1097 1701 at-

435 1720 503 1769 tigi
527 1718 575 1756 ad
602 1720 662 1767 H,
694 1719 762 1760 47.
802 1719 1095 1757 Valckenaerius

434 1775 482 1812 ad
511 1774 552 1813 h.
578 1776 604 1816 l.
633 1783 828 1826 praeterea
871 1777 1019 1814 confert
1047 1779 1093 1825 ll,

433 1834 499 1879 88,
519 1833 585 1868 ubi
595 1828 766 1883 χρήμασι
786 1827 1096 1885 α’σθενεστέρους

429 1890 565 1925 Noster
586 1887 677 1925 dicit
692 1890 925 1940 pauperculos
942 1917 954 1934 ,
980 1891 1093 1926 item-

434 1957 510 1996 que
537 1943 719 1996 Thucyd.
750 1947 787 1992 1,
815 1944 859 1994 5,
890 1947 974 1983 alia.
1033 1946 1095 1983 Ad

438 2008 709 2050 argumentum
742 2002 816 2038 loci
859 2003 957 2042 conf.
995 2004 1093 2050 VIII,

440 2054 508 2097 40.
529 2055 596 2104 41,
627 2059 693 2094 ubi
721 2058 761 2094 in
792 2058 1026 2095 Salaminem
1056 2074 1096 2096 se

438 2125 600 2164 suasque
644 2127 701 2150 res
752 2115 835 2150 illos
881 2117 1094 2163 contulisse,

439 2168 746 2218 aggredientibus
767 2171 914 2220 Persis,
946 2180 1096 2209 enarrat

438 2225 666 2263 Herodotus.

506 2290 607 2344 προς
654 2291 697 2332 δὲ
743 2291 836 2341 καὶ]
892 2292 958 2332 καὶ
1008 2308 1095 2330 cum

439 2346 660 2400 Schweigh.
701 2356 737 2386 et
767 2350 882 2387 Gaisf.
915 2349 1042 2386 addidi
1076 2365 1095 2386 e

438 2404 585 2442 duobus
606 2404 717 2443 codd.
735 2407 881 2457 Reliqui
904 2408 1095 2444 omittunt.

438 2460 619 2511 Spectant
648 2469 774 2499 autem
795 2460 887 2498 haec
910 2461 956 2498 ad
987 2470 1092 2499 ante-

437 2516 575 2554 cedens
605 2515 686 2570 ὅὶμα
707 2516 797 2569 μὲν,
833 2520 967 2555 maiori
996 2533 1093 2570 qua-

437 2572 526 2609 dam
547 2575 583 2610 vi
614 2574 753 2614 addita.
803 2574 886 2612 Vid.
917 2577 963 2612 G.
992 2578 1091 2612 Her-

438 2641 569 2666 mann.
613 2630 660 2666 ad
709 2632 835 2681 Vigor.
876 2645 962 2682 pag.
995 2635 1089 2673 782.

436 2685 552 2735 Apud
574 2684 710 2736 Thucy
704 2687 791 2725 did.
812 2689 904 2735 vll,
933 2688 984 2728 56
1008 2695 1090 2738 post

437 2737 520 2791 ἅμα
551 2739 622 2791 μὲν
646 2743 802 2780 intertur
821 2741 864 2782 τό
896 2742 937 2783 δὲ
958 2743 1088 2783 πλέον.

493 2794 536 2837 τὸ
577 2813 601 2847 η
644 2800 785 2849 Πυθίη
822 2813 892 2847 σφι
933 2800 1087 2851 ἔχρησε]

436 2852 522 2892 id.
542 2855 631 2902 VII,
672 2854 761 2896 142.
819 2857 894 2893 Pro
932 2872 975 2897 το
999 2858 1088 2895 Val-

1153 974 1266 1013 cken.
1302 976 1383 1012 sine
1413 986 1525 1011 causa
1566 975 1700 1025 reponi
1726 975 1807 1012 vult

1151 1035 1219 1071 τῶ.
1276 1032 1463 1069 Voculam
1484 1029 1573 1078 καὶ,
1603 1044 1701 1082 quae
1720 1031 1807 1068 vul·
1841 1038 1845 1041 ‘

1150 1102 1200 1139 go
1222 1095 1308 1125 ante
1337 1101 1448 1125 voces
1485 1083 1579 1127 avt&
1609 1084 1659 1138 δη
1688 1089 1807 1127 τοῦτο

1149 1147 1287 1182 inserta
1343 1145 1539 1194 legebatm
1550 1173 1560 1191 ,
1615 1156 1809 1196 quamque

1153 1200 1485 1249 ena1nScl1aefer.‚
1506 1199 1640 1238 Matth.
1655 1207 1690 1237 et
1700 1199 1809 1237 Bek-

1151 1257 1234 1296 ker.
1275 1259 1458 1305 retinent,
1500 1256 1680 1308 equidem
1718 1270 1808 1293 cum

1154 1313 1375 1364 Sclmeigh.
1406 1321 1442 1350 et
1473 1314 1590 1354 Gaisf.
1620 1327 1640 1349 e
1669 1314 1808 1350 melio-

1153 1385 1240 1407 rum
1260 1370 1372 1411 codd.
1393 1383 1579 1425 consensu
1596 1369 1730 1407 delevi.
1751 1391 1808 1398 -

1150 1427 1214 1464 Ad
1243 1440 1379 1464 vocem
1408 1419 1683 1478 κρησφύγετον
1704 1426 1808 1464 conf.

1150 1485 1207 1533 V,
1240 1482 1318 1524 124
1338 1484 1466 1535 ibique
1486 1489 1583 1520 nott.

1371 1551 1577 1602 Cap.L[1.

1220 1617 1271 1656 Οἱ
1291 1614 1333 1656 δὲ
1365 1617 1517 1669 Πέρσαι
1539 1612 1714 1667 ἱζόμενοι
1743 1615 1808 1656 ἐπὶ

1151 1670 1217 1713 τὸν
1238 1675 1448 1712 καταντίον
1470 1675 1542 1723 τῆς
1571 1668 1808 1724 ακροπόλιος

1154 1728 1293 1780 ὄχθον,
1312 1727 1379 1769 τὸν
1397 1726 1608 1779 Ἀθηναῖοι
1627 1729 1811 1769 καλέουσι

1151 1782 1314 1837 ’Λρήϊον
1345 1784 1493 1839 πάγον]
1527 1788 1585 1822 De
1625 1793 1811 1822 structura

1151 1845 1257 1880 verbi
1294 1843 1450 1889 ἵζεσθαι
1479 1843 1580 1878 conf.
1602 1843 1672 1890 IV,
1717 1841 1809 1883 145.

1150 1900 1195 1947 V,
1210 1902 1273 1939 12.
1285 1900 1348 1946 vl,
1373 1901 1463 1939 108.
1486 1899 1583 1935 Satis
1595 1912 1684 1935 vero
1698 1906 1810 1936 notus

1151 1957 1191 1992 in
1233 1957 1448 1993 Atticorum
1469 1956 1578 1992 rebus
1609 1957 1713 1992 collis
1733 1956 1808 2003 ille,

1151 2014 1189 2049 in
1239 2026 1314 2064 quo
1355 2014 1672 2062 Areopagitarum
1714 2024 1810 2048 con·

1152 2070 1281 2106 cilium
1303 2068 1496 2116 consedit,
1538 2068 1675 2106 Ilsartz’s
1704 2069 1810 2106 collis

1139 2123 1295 2174 ’Ἄρειος
1326 2126 1471 2174 (louice
1490 2121 1661 2176 Ἀρήϊος)
1682 2121 1809 2176 πάγος

1153 2184 1369 2218 nominatus
1404 2182 1465 2218 vel
1503 2182 1550 2217 ob
1580 2183 1807 2228 Amazones,

1152 2240 1281 2274 Martis
1302 2239 1411 2281 filias,
1434 2249 1530 2288 quae
1548 2238 1733 2287 impetum
1755 2238 1808 2273 se-

1153 2302 1282 2331 cerant
1302 2295 1339 2329 in
1362 2294 1520 2340 collem,
1553 2295 1613 2330 vel
1634 2295 1682 2331 ob
1703 2295 1808 2330 Mar-

1152 2357 1252 2396 tem,
1315 2351 1381 2401 qui
1415 2349 1645 2387 Halirrothio
1697 2363 1806 2388 caeso

1152 2407 1190 2442 in
1232 2406 1391 2442 deorum
1431 2405 1614 2443 iudicium
1653 2405 1727 2444 hoc
1766 2408 1805 2443 in

1149 2464 1245 2499 colle
1310 2469 1464 2499 vocatus
1531 2477 1610 2500 esse
1673 2463 1805 2501 fertur.

1148 2520 1267 2555 Multa
1327 2518 1470 2556 dabunt
1520 2521 1726 2570 Bergman.
1768 2527 1805 2557 et

1147 2576 1340 2612 Benseler.
1375 2575 1421 2612 ad
1441 2577 1591 2614 Isocrat.
1614 2577 1803 2627 Areopag.

1146 2646 1232 2683 pag.
1265 2633 1393 2672 2—9
1423 2631 1480 2669 ed.
1513 2633 1661 2670 Bensel.
1718 2634 1802 2683 Ipse

1147 2691 1249 2725 collis
1271 2690 1345 2725 arci
1367 2690 1560 2738 proximus
1585 2690 1631 2725 ab
1653 2701 1800 2737 occasu,

1146 2752 1187 2782 ut
1207 2746 1265 2782 vel
1287 2746 1437 2795 sagittas
1458 2746 1495 2780 in
1510 2743 1800 2782 Atheniensium

1145 2804 1383 2838 munimenta
1420 2803 1611 2838 mitterent
1649 2804 1798 2850 Persae,

1145 2857 1341 2896 altitudine
1369 2870 1448 2895 non
1485 2865 1620 2911 aequat
1660 2871 1798 2908 arcem,
