1879 3222
299 480 365 526 63
421 482 734 535 διεφθείροντο.

87 544 263 574 Mardonius
294 545 330 572 ab

90 582 258 608 Aeimnesto
272 578 364 614 Spar-

88 615 164 641 lima
175 613 215 642 [c.
225 612 364 646 6⁴.]occi-

89 655 147 674 ειιιι.
173 645 301 673 Barbari
317 645 364 672 su-

88 681 113 707 si
133 681 297 715 fugatique.

415 169 500 212 802

815 166 1268 205 HERODOTI

388 276 500 322 ὃούκ
527 275 674 332 ὁμοῖοι
692 281 801 320 τοῖσι
830 275 1058 321 ἐναντίοισι
1086 279 1261 333 σοφίην.
1318 279 1670 332 προεξαΐσσοντες

417 345 463 388 δὲ
493 341 590 387 κατ’
623 344 720 396 ἕνα,
749 344 821 388 καὶ
842 344 964 397 δέκα,
993 347 1066 389 καὶ
1085 345 1261 396 πλεῦνές
1289 362 1332 388 τε
1350 346 1423 389 καὶ
1448 344 1671 394 ἐλάσσονες

418 411 784 468 συστρεφόμενοι,
815 413 1041 456 ἐσέπιπτον
1071 412 1112 462 ές
1138 414 1241 464 τούς
1270 411 1568 467 Σπαρτιήτας,
1600 412 1671 454 καὶ

800 484 861 540 Τῇ
897 482 942 525 δὲ
975 480 1174 535 ἐτύγχανε
1213 480 1343 531 αὐτὸς
1371 481 1455 524 ἐών
1485 477 1669 532 ΙἉαρδό-
1683 484 1728 518 95

419 563 535 599 νιος,
565 545 633 590 ἀπ’
664 549 798 592 ἵππου
826 565 868 592 τε
898 548 1135 603 μαχόμενος
1164 552 1343 598 λευκοῦ,
1375 549 1481 603 ἔχων
1509 563 1552 590 τε
1576 547 1673 600 περὶ

421 614 585 659 ἑωυτόν
637 616 824 671 λογάδας
863 617 1066 671 Περσέων
1111 615 1212 664 τούς
1259 615 1460 669 ἀρίστους
1500 616 1674 670 χιλίους,

392 683 558 740 Ξταύτῃ
589 683 634 726 δὲ
664 684 737 727 καὶ
765 684 946 737 μάλιστα
975 682 1077 732 τούς
1097 682 1319 730 ἐναντίους
1341 683 1524 724 ἐπίεσαν.
1566 682 1674 724 ὅσον

418 750 498 806 μέν
525 766 611 793 νυν
639 749 800 806 χρόνον
828 749 1083 803 Μαρδόνιος
1112 753 1286 804 περιῆν,
1314 750 1357 791 οἱ
1390 749 1434 791 δὲ
1466 749 1673 804 ἀντεῖχον,

418 819 492 862 καὶ
531 816 795 874 ἀμυνόμενοι
823 818 1089 872 κατέβαλλον
1129 815 1316 866 πολλοὺς
1353 820 1439 859 τῶν
1469 817 1678 858 Λακεδαι-

420 888 586 942 μονίων
597 900 606 910 ·

672 882 732 935 ὥς
779 883 824 926 δὲ
863 884 1119 937 Μαρδόνιος
1145 882 1357 935 ἀπέθανε,
1404 884 1476 926 καὶ
1504 881 1552 926 τὸ
1581 883 1706 936 περὶι

420 954 589 997 ἐκεῖνον
616 950 903 1008 τεταγμένον,
943 950 1019 996 ἐόν
1049 951 1351 1008 ἰσχυρότατον,
1395 951 1533 999 ἔπεσε,
1563 949 1678 993 οὕτω

364 1181 429 1219 fin.
450 1181 657 1234 γυμνῆτες.
713 1181 811 1217 Nam
832 1179 1020 1217 vocabulo

363 1235 487 1278 ’ὅπλον
508 1238 664 1288 clypeum
694 1236 852 1274 indicari
872 1237 1023 1274 notavi-

364 1307 451 1332 mus
472 1293 520 1331 ad
539 1293 596 1330 IX
611 1323 622 1342 ‚
652 1297 719 1335 30.
757 1295 838 1330 Nec
858 1294 964 1330 aliter
984 1291 1023 1329 id

365 1352 533 1402 ceperim
553 1351 622 1398 IX,
644 1353 710 1391 63.
741 1351 891 1402 Clypeis
911 1351 1026 1400 igitur

365 1421 454 1446 oum
475 1407 642 1445 destituti
661 1414 785 1444 essent
812 1420 883 1443 nec
907 1408 947 1443 in
966 1407 1026 1443 lo—

364 1466 471 1512 ricis,
509 1465 644 1517 quibus
674 1464 722 1501 ob
744 1462 925 1501 Herodot.
944 1464 1026 1513 Vn,

366 1523 417 1561 61
443 1534 506 1557 eos
535 1519 687 1557 indutos
715 1519 893 1568 credam,
924 1520 1027 1556 mul-

366 1582 450 1614 tum
489 1575 672 1613 haberent
710 1577 863 1623 auxilii,
904 1578 1026 1612 Lace-

369 1631 579 1669 daemoniis
594 1660 604 1678 ,
636 1631 712 1681 quai
733 1639 839 1667 eraut
855 1632 907 1667 illi
930 1631 1026 1667 dex-

366 1689 513 1725 teritate
538 1686 729 1738 gladiique
761 1687 943 1723 tractandi
962 1700 1027 1736 pe-

368 1745 472 1791 ritie,
503 1742 607 1780 haud
629 1744 796 1779 resistere
818 1754 1027 1794 eorumque.

368 1801 464 1837 ictus
503 1800 642 1836 evitare
690 1804 907 1849 potuerunt.
966 1797 1028 1835 Ad

369 1855 469 1893 hanc
490 1857 592 1892 enim
609 1853 873 1892 dexteritatem
892 1868 1027 1893 vocem

371 1913 542 1963 σοφίην,
578 1911 625 1949 de
646 1924 721 1963 qua
741 1912 841 1951 conf.
863 1918 956 1949 nott.
980 1910 1029 1948 ad

369 1970 425 2016 V,
462 1970 533 2016 18,
562 1968 684 2005 resero
716 1981 805 2004 cum
829 1967 1029 2018 Schweig-

370 2024 578 2073 haeusero,
610 2025 675 2076 qui
704 2037 798 2061 mox
822 2025 921 2062 bene
942 2031 1027 2060 tue-

370 2089 433 2119 tur
455 2080 689 2127 ἔναντίοισι,
719 2094 740 2117 a
775 2079 980 2118 Schaefero
1007 2094 1028 2117 e

371 2137 519 2176 duobus
541 2136 654 2175 codd.
676 2144 868 2175 mutatum
895 2139 933 2174 in
955 2132 1027 2176 ἆν-

370 2196 511 2243 τίοισι,
543 2192 646 2246 quod
665 2194 789 2245 ipsum
809 2194 882 2231 hoc
902 2206 1026 2240 sensu,

373 2265 448 2303 quo
461 2251 583 2295 hostes,
604 2250 823 2288 adversarios
845 2251 1028 2301 designat,

370 2321 443 2345 nec
475 2308 520 2344 ab
553 2305 746 2344 Herodoto
774 2321 846 2344 nec
877 2308 923 2344 ab
951 2307 1029 2342 ullo

374 2366 446 2401 alio
473 2365 654 2416 scriptore
681 2364 771 2414 poni
802 2371 944 2415 putem.
978 2385 1028 2389 ——

374 2422 418 2456 In
438 2433 544 2473 seqq.
565 2420 886 2472 προεξαΐσσοντες
900 2419 1032 2456 dicun-

376 2482 436 2512 tur
456 2481 536 2514 ante
547 2478 718 2527 reliquam
737 2479 846 2514 aciem
860 2488 1033 2527 proruen-

378 2535 446 2579 tes,
476 2535 588 2570 subito
597 2538 850 2584 procurrentes.
890 2532 950 2570 Ad
970 2545 1033 2568 se-

376 2601 495 2640 quens
515 2587 825 2641 συστρεφόμενοι
844 2590 893 2627 cf.
919 2589 1030 2637 V1,6.

574 2646 665 2696 Cap.
697 2647 834 2684 LXIII.

435 2693 510 2738 ἄπ’
541 2698 686 2752 ἵππου]
720 2702 779 2738 Ad
799 2703 1031 2740 locutionem

379 2756 479 2794 conf.
506 2757 542 2804 1,
579 2759 646 2799 79.
705 2757 811 2796 Melle
844 2758 1031 2797 Persarum

1077 1180 1195 1217 selecti
1211 1176 1313 1215 haud
1332 1177 1410 1217 scio
1431 1192 1478 1216 an
1505 1177 1621 1216 iidem
1649 1179 1733 1224 siut,

1079 1249 1241 1288 quorum
1264 1237 1404 1273 mentio
1426 1237 1514 1283 vll,
1544 1236 1609 1277 40.
1642 1236 1734 1272 Mox

1081 1307 1101 1330 e
1134 1294 1350 1329 Florentino
1389 1293 1544 1345 aliisque
1586 1293 1733 1342 reposui

1082 1346 1202 1403 ταύτῃ
1228 1346 1278 1387 δὲ
1297 1361 1364 1399 pro
1385 1345 1505 1404 ταύτῃ
1530 1346 1604 1400 δή,
1633 1346 1736 1400 quod

1083 1419 1172 1444 cum
1208 1403 1412 1443 Schaefero
1455 1412 1560 1443 tenet
1600 1402 1736 1442 Matth.

1084 1461 1161 1500 Sed
1218 1461 1296 1500 vid.
1345 1463 1424 1510 IX,
1465 1465 1517 1503 60
1560 1460 1647 1498 fun:
1703 1460 1739 1500 εἰ

1084 1515 1116 1559 δ’
1138 1516 1215 1570 ἄρα
1242 1514 1388 1566 αὐτούς
1406 1543 1457 1548 -
1481 1516 1596 1568 ὑμεῖς
1618 1511 1659 1557 δ’
1687 1515 1738 1566 ἦ-

1084 1578 1152 1626 μῖν
1179 1590 1215 1614 κ.
1235 1590 1269 1614 τ’.
1295 1577 1330 1613 λ.
1369 1576 1438 1623 ΙΧ,
1468 1573 1521 1615 48
1551 1576 1615 1612 fin.
1638 1573 1735 1620 Vm,

1081 1634 1135 1670 22
1156 1638 1193 1667 et
1214 1644 1311 1682 quae
1331 1631 1402 1667 alia
1432 1631 1554 1666 attulit
1570 1630 1736 1667 Werfer.

1080 1687 1119 1722 in
1141 1686 1245 1726 Aen,
1278 1684 1383 1735 phin.
1407 1687 1581 1722 Monacc.
1611 1686 1629 1721 I
1648 1697 1735 1735 pag.

1082 1743 1149 1782 93.
1171 1743 1247 1788 96,
1276 1742 1342 1778 ubi
1365 1741 1412 1778 de
1432 1741 1620 1792 duplicata
1649 1754 1738 1792 par-

1082 1798 1197 1834 ticula
1219 1796 1260 1836 δέ
1280 1799 1319 1833 in
1341 1799 1455 1834 altera
1479 1797 1622 1848 periodi
1635 1804 1740 1848 parte

1085 1853 1242 1891 disserit.
1273 1854 1346 1899 Qui
1366 1854 1470 1891 idem
1489 1855 1514 1890 l.
1534 1855 1559 1891 l.
1580 1867 1667 1904 pag.
1689 1855 1740 1894 97

1085 1911 1199 1947 etiam
1235 1912 1395 1959 excitat,
1433 1923 1530 1962 quae
1560 1911 1741 1947 continuo

1085 1966 1186 2018 apud
1205 1965 1444 2004 Herodotum
1464 1967 1660 2016 leguntur:
1697 1961 1742 2005 3-

1086 2035 1158 2062 σον
1184 2021 1274 2074 μέν
1293 2039 1368 2063 νυν
1387 2019 1532 2075 χρόνον
1551 2044 1607 2050 —
1627 2022 1669 2061 οἱ
1689 2018 1741 2060 δὲ

1085 2075 1278 2130 οἷντεῖχον.
1339 2079 1402 2116 Ad
1429 2080 1502 2116 loci
1532 2090 1740 2128 argumen-

1084 2143 1167 2174 tum
1184 2136 1282 2173 couf.
1304 2136 1404 2175 Plut.
1425 2133 1578 2171 Aristid.
1603 2135 1668 2173 18.

1140 2190 1185 2231 τό
1204 2190 1294 2243 περὶ
1315 2191 1466 2231 ἐκεῖνον
1481 2187 1737 2242 τεταγμένον]

1084 2248 1169 2287 Vid.
1209 2249 1289 2295 IX,
1334 2250 1382 2288 61
1427 2254 1462 2284 et
1501 2245 1548 2283 ad
1587 2245 1739 2283 voculas

1087 2301 1189 2344 οὕτω
1212 2301 1261 2355 δή
1283 2306 1322 2340 in
1353 2317 1458 2356 seqq.
1483 2309 1577 2340 nott.
1606 2301 1652 2338 ad
1670 2301 1738 2347 IX,

1088 2363 1126 2401 6.
1138 2383 1190 2388 -
1204 2362 1320 2412 Seqq.
1335 2364 1516 2399 πλεῖστον
1530 2355 1603 2410 γάρ
1617 2371 1740 2406 σφεας

1087 2431 1124 2456 κ.
1144 2432 1177 2455 τ.
1198 2421 1228 2456 λ.
1244 2418 1363 2466 attigit
1375 2411 1736 2454 Pseudo-Plutarch.

1088 2475 1123 2509 11
1135 2487 1171 2524 p.
1192 2473 1285 2514 874.
1318 2472 1527 2510 Larcherus
1556 2470 1616 2507 hic
1633 2470 1739 2519 cogi-

1088 2529 1249 2567 tandum
1276 2543 1353 2566 esse
1382 2536 1507 2566 censet
1537 2526 1583 2564 de
1612 2527 1737 2576 longi-

1088 2586 1219 2624 tudine
1264 2587 1475 2624 vestimenti
1523 2585 1736 2628 Persarum,

1088 2645 1199 2695 quale
1250 2651 1377 2694 postea
1424 2652 1575 2693 quoque
1626 2640 1736 2675 suerit

1087 2699 1245 2736 Parthis.
1304 2698 1381 2737 Sed
1418 2709 1550 2734 vereor
1592 2703 1634 2733 ut
1664 2694 1738 2732 hoc

1087 2755 1284 2794 admittant
1303 2753 1484 2793 Herodoti
1502 2753 1627 2792 verba.
