1879 3222
458 210 910 249 CALLIOPE.

131 319 213 376 τήν
243 320 350 364 ὁδὸν
377 318 556 376 ἡγέοντο
598 317 640 369 ἐς
668 318 966 373 Σφενδαλέας·
1006 320 1210 364 ἐνθεῦτεν
1239 322 1309 375 δὲ,
1337 322 1381 373 ἐς

102 388 380 444 3Τανάγρην.
436 386 483 430 ἐν
532 385 734 442 Τανάγρῃ
777 385 823 428 δὲ
860 385 998 430 νύκτα
1034 389 1380 446 ἐναυλισάμενος,

968 213 985 248 1
999 213 1051 250 X.
1299 212 1383 252 225

131 457 204 499 καὶ
233 454 501 509 τραπόμενος
530 458 582 510 τῇ
611 453 817 511 ὑστεραίῃ
848 454 890 504 ἐς
923 458 1130 505 Σκῶλον,
1168 458 1213 500 ἐν
1242 464 1298 516 γῇ
1327 461 1466 517 τῇιὸἓιὲ

103 524 340 578 4Θηβαίων
368 516 436 577 ἦν.
493 521 686 565 ἐνθαῦτα
722 523 767 566 δὲ
803 526 892 566 τῶν
926 524 1147 577 Θηβαίων,
1199 529 1273 568 καί
1301 543 1380 580 περ

131 588 420 646 μηδιζόντων,
454 590 587 645 ἔκειρε
615 592 717 642 τούς
746 590 936 647 χώρους,
968 589 1023 633 οὔ
1051 608 1091 633 τι
1112 591 1219 634 atavo}
1255 594 1382 648 ἔχθος

132 657 295 710 αὐτῶν,
327 655 420 700 ἄλλ’
449 657 529 700 ὑπ’
561 658 795 713 ἀναγκαίης
824 658 1007 714 μεγάλης
1025 657 1249 713 ἐχόμενος’
1280 665 1382 716 βου·
1439 660 1492 694 Pi‘·

129 723 307 780 λόμενος
338 724 474 781 ἔρυμά
503 741 547 768 τε
573 731 635 784 τῷ
677 730 843 782 στρατῷ
873 725 1162 782 ποιήσασθαι,
1200 728 1293 779 καὶ,
1331 729 1385 784 ἣν

130 791 396 850 συμβαλόντι
426 795 470 837 οἱ
507 793 565 851 μή
598 794 774 849 ἐκβαίνῃ
814 792 967 838 ὁκοῖόν
995 811 1036 838 τι
1074 794 1236 848 ἐθέλοι,
1282 805 1442 854 κρη-Ξο

73 1002 251 1028 occasum
290 1003 417 1028 versus
456 989 732 1027 terminabatur

73 1059 164 1097 agro
183 1046 380 1084 Thebaico
406 1047 485 1083 sive
506 1047 730 1093 Plataeensi,

70 1103 272 1140 meridiem
294 1116 422 1141 versus
442 1104 617 1154 Oropico.
673 1104 730 1140 Ac

71 1160 266 1211 probabile
287 1159 454 1209 videtur,
485 1173 582 1212 quae
605 1158 730 1197 adhuc

70 1229 190 1268 prope
215 1217 404 1255 Skz'mitari
433 1230 462 1257 s.
496 1216 653 1254 Skimatz·
674 1230 732 1253 re-

70 1275 269 1324 periuntur
306 1275 458 1321 ruinae,
505 1287 573 1310 sex
613 1272 731 1310 liora-

70 1343 157 1366 rum
197 1331 317 1382 spatio
338 1343 359 1367 a
380 1329 524 1366 Thebis
550 1331 638 1381 ipsis
668 1343 731 1366 re-

69 1394 219 1435 motae,
247 1401 307 1424 eas
333 1386 381 1424 ad
403 1393 572 1424 veterem
596 1387 732 1423 Tana-

71 1456 181 1494 gram
217 1445 461 1495 pertinuisse3
493 1442 595 1479 unde
634 1456 731 1494 qua-

72 1499 247 1551 draginta
283 1500 402 1537 stadia
437 1500 555 1536 abfuit
590 1499 732 1537 Delium

71 1564 220 1608 portus,
252 1559 312 1594 cui
338 1570 440 1594 nunc
469 1570 612 1593 nomen
632 1556 733 1594 Dra-

71 1615 163 1662 mz'si,
179 1615 331 1664 triginta
353 1613 480 1650 stadiis
502 1612 611 1650 distat
633 1614 731 1650 Oro-

70 1683 152 1721 pus.
210 1670 296 1708 vid.
334 1672 455 1707 Kruse
482 1670 582 1706 Hell.
616 1670 672 1717 ΙΙ,
706 1672 726 1710 1

71 1740 158 1778 pag.
179 1730 258 1768 619
277 1739 357 1778 seq.
382 1725 461 1766 624
483 1739 564 1778 seq.
586 1725 728 1765 Herod.

70 1785 145 1832 VI,
179 1786 256 1825 118
280 1784 372 1835 ibiq.
393 1789 488 1821 nott.
547 1783 623 1819 Alii
640 1796 730 1819 eum

70 1839 202 1877 locum
218 1869 228 1886 ,
256 1841 296 1876 in
323 1853 399 1891 quo
422 1846 530 1878 vetus
550 1840 730 1890 Tanagra

74 1903 261 1933 exstructa
298 1897 431 1944 fuerit,
463 1896 666 1933 Graimada
702 1910 732 1935 s,

78 1952 240 1989 Cremata
262 1966 365 1989 nunc
390 1953 517 1990 vocari
551 1960 733 1990 asserunt.

77 2008 188 2046 Conf.
213 2009 370 2045 Siebeiis
401 2008 449 2044 ad
469 2010 632 2045 Pausan.
663 2010 732 2058 IX,

75 2067 130 2105 20
155 2066 190 2110 ξ.
215 2068 255 2105 2.
314 2065 373 2101 Ab
408 2063 480 2101 hac
511 2066 626 2114 igitur
655 2066 735 2101 Ta-

75 2134 195 2172 nagra
217 2120 438 2160 Mardonius
478 2119 526 2157 ad
555 2119 736 2158 occiden-

76 2185 156 2215 tem
177 2178 297 2215 solem
319 2190 521 2214 conversus
539 2179 736 2228 Asopum-

77 2247 152 2287 que
173 2236 298 2271 rivum
336 2234 466 2284 legens
482 2263 492 2282 ,
533 2233 581 2270 ad
621 2247 736 2284 quem

77 2292 182 2342 regio
201 2292 379 2342 utrinque
408 2291 520 2341 plana
555 2292 738 2342 equisque

77 2347 274 2399 pascendis
309 2360 494 2399 perquam
516 2360 737 2384 accommo-

80 2403 164 2442 data
179 2412 272 2442 teste
291 2406 426 2441 Krusio
446 2405 471 2441 l.
487 2405 512 2441 l.
534 2417 618 2454 pag.
641 2407 735 2452 622,

81 2460 235 2499 devenit
256 2461 409 2507 Scolum,
431 2462 496 2513 qui
519 2461 623 2498 locus
640 2461 736 2500 δυσ-

84 2519 237 2568 οἰκητος
280 2517 348 2556 καὶ
391 2514 557 2569 τραχύς,
603 2524 645 2554 ut
687 2518 737 2554 ait

86 2574 219 2612 Strabo
238 2576 296 2611 IX
319 2588 358 2625 p.
378 2573 458 2615 408
480 2574 520 2612 C.
541 2587 570 2611 S.
592 2576 670 2614 626
691 2575 737 2611 B.

87 2629 135 2666 ad
155 2630 387 2668 Cithaeronis
408 2629 638 2667 declivitates
669 2631 738 2666 sita

86 2686 156 2723 fuit
174 2701 290 2739 prope
309 2689 424 2736 viam,
446 2701 543 2740 quae
559 2686 741 2736 Tanagra

89 2741 246 2782 ducebat
276 2743 457 2796 Erythras
497 2752 610 2796 atque
648 2744 740 2780 Pla-

87 2806 200 2836 taeas.
255 2800 340 2840 Vid.
377 2803 500 2839 Kruse
539 2802 566 2840 l.
593 2801 619 2838 Ι.
652 2812 742 2851 pag.

143 2857 363 2896 Hssnonor.
392 2858 458 2897 1V.

784 989 866 1031 598
898 996 934 1027 et
955 989 1085 1027 confer
1102 991 1339 1042 potissimum
1360 994 1443 1029 Xe-

784 1044 904 1096 noph.
935 1048 984 1083 H.
1015 1048 1080 1084 Gr.
1112 1049 1165 1096 V,
1196 1046 1244 1097 4,
1281 1049 1333 1089 49
1355 1051 1441 1091 coll,

785 1104 971 1154 Polyaen.
994 1105 1050 1149 11,
1075 1107 1093 1144 1
1109 1134 1118 1152 ‚
1148 1107 1209 1145 11.
1266 1107 1310 1142 In
1335 1119 1443 1158 map-

785 1173 834 1210 pa
882 1161 1006 1197 Krusii
1054 1162 1245 1199 invenitur
1299 1176 1443 1200 nomen

788 1216 934 1253 Sialesi.

843 1268 961 1326 αὐτῷ’
996 1269 1070 1323 τήν
1116 1270 1215 1313 όδὸν
1254 1273 1441 1326 ἡγέοντο]

786 1328 872 1366 Vid.
906 1336 1002 1367 nott.
1038 1328 1086 1365 ad
1116 1331 1204 1378 VII,
1241 1332 1332 1372 215.
1376 1333 1445 1369 Cr.

787 1384 826 1424 h.
850 1386 876 1426 l,
904 1385 1033 1422 laudat
1052 1386 1250 1424 Heindorf.
1287 1387 1334 1424 ad
1354 1390 1445 1425 Pla-

787 1449 868 1480 ton.
895 1441 1066 1493 Euthyd.
1097 1444 1135 1488 ξ.
1156 1444 1208 1484 25
1243 1457 1330 1494 pag.
1365 1448 1446 1486 330

788 1512 878 1551 seq.‚
901 1500 966 1551 qui
980 1506 1108 1535 tamen
1130 1501 1297 1538 Platonis
1316 1502 1445 1538 locum

788 1569 867 1592 non
889 1563 989 1593 recte
1001 1557 1199 1607 acceperit.
1215 1581 1265 1586 -
1282 1559 1326 1593 In
1337 1571 1445 1609 seqq.

787 1613 902 1649 verba
925 1611 1046 1663 ἔκειρε
1065 1609 1158 1658 τους
1179 1608 1333 1664 χώρους
1357 1616 1446 1651 citat

786 1668 947 1705 Eustath
968 1669 1016 1705 ad
1037 1669 1079 1705 ΙΙ.
1100 1682 1186 1719 pag.
1209 1668 1309 1718 364,
1340 1671 1393 1712 25
1414 1684 1445 1708 s.

787 1723 891 1773 476,
922 1728 961 1766 3.
981 1746 1036 1754 —
1056 1726 1150 1762 Mox
1170 1722 1219 1765 οὕ
1243 1741 1299 1774 τι,
1344 1726 1448 1778 quod

786 1781 969 1819 Valcken.
990 1781 1220 1819 mutandum
1241 1785 1387 1821 censuit
1407 1785 1447 1820 in

787 1833 900 1885 οὕκὶ,
923 1838 1102 1891 equidem
1123 1852 1212 1875 cum
1226 1839 1449 1891 Schweigh.

789 1897 950 1943 refinui,
994 1897 1060 1947 qui
1099 1897 1194 1932 bene
1225 1897 1371 1933 confert
1400 1898 1448 1945 ΙΙ,

790 1951 857 1992 46.
885 1953 960 1999 111,
993 1955 1060 1993 36.
1088 1953 1162 2000 IV,
1198 1951 1291 1994 148.
1339 1953 1447 1991 Valet

791 2016 920 2045 autem
941 2005 990 2047 οὕ
1007 2023 1042 2047 τι
1058 2011 1194 2046 minime
1207 2038 1218 2055 ‚
1248 2009 1344 2047 haud
1365 2012 1447 2060 qui-

792 2065 880 2101 dem.
939 2062 1037 2102 κατοὶ
1080 2063 1197 2114 ἔχθος
1224 2067 1369 2115 accipio
1408 2068 1448 2103 ob

790 2122 1007 2158 inimicitia&
1058 2121 1116 2157 Cf.
1138 2121 1245 2168 VIII,
1277 2124 1342 2161 30.
1385 2121 1448 2158 Ad

791 2177 1023 2213 locutionem
1051 2171 1119 2215 ’ὑπ’
1153 2171 1372 2229 ἀναγκαίης
1393 2199 1448 2206 -

793 2229 980 2284 ἐχόμενος
1013 2233 1114 2271 conf.
1135 2234 1224 2282 Vll,
1259 2236 1340 2275 233
1363 2241 1398 2271 et
1417 2236 1447 2283 1,

851 2342 1096 2397 βουλόμενος
1137 2342 1262 2396 ἔρυμά
1308 2360 1349 2385 τε
1397 2348 1451 2400 τῷ

792 2405 942 2457 στρατῷ
983 2398 1264 2453 ποιήσασθαι]
1325 2404 1450 2454 Vulgo

791 2462 846 2512 τῷ
895 2458 1142 2512 στρατοπέδῳ
1182 2458 1286 2510 quod
1303 2489 1312 2506 ‚
1355 2460 1385 2496 si
1427 2473 1449 2496 a

793 2515 1010 2566 Schweigh.
1034 2523 1070 2552 et
1090 2516 1204 2552 Gaisf.
1227 2515 1447 2564 discesseris,

794 2574 860 2624 qui
881 2587 901 2609 e
920 2574 1138 2610 Florentino
1160 2573 1315 2624 aliisque
1331 2571 1450 2609 dede-

794 2637 882 2666 runt
905 2632 963 2682 τῷ
992 2631 1167 2682 στρατῷ,
1196 2635 1326 2666 tenent
1358 2630 1449 2666 reli-

796 2687 872 2738 qui.
906 2687 1008 2731 Quae
1030 2684 1091 2722 hic
1112 2684 1288 2722 dicuntur
1312 2685 1448 2738 ἔρυμα,

797 2756 840 2779 ea
860 2743 973 2793 paulo
995 2749 1080 2793 post
1099 2741 1188 2779 dicit
1206 2746 1343 2793 τεῖχος,
1365 2756 1451 2779 mu-

795 2801 1012 2837 nimentum
1044 2812 1075 2837 s.
1111 2800 1306 2836 castellum
1339 2800 1450 2838 rebus

1126 2855 1176 2897 15

1434 321 1600 357 partimque
1616 321 1710 348 muni-

1435 356 1543 382 mentis
1577 355 1678 388 cingit.

1437 389 1566 416 Tractus
1592 388 1697 415 horum

1436 428 1612 450 castrorum.
1665 421 1712 448 ln-

1470 465 1520 483 rea
1556 455 1713 489 Attaginus

1469 490 1601 517 hebanus
1632 489 1713 515 Mar-

1439 525 1558 552 donium
1576 531 1641 550 curn
1662 530 1711 549 no-

1438 559 1590 586 bilissimis
1607 557 1713 584 Persa-

1438 600 1503 619 rum
1538 590 1673 619 convivio

1438 625 1603 654 lautissimo
1636 622 1699 651 cxci
