<?xml version="1.0" encoding="UTF-8"?>
<!DOCTYPE html PUBLIC "-//W3C//DTD XHTML 1.0 Transitional//EN"
    "http://www.w3.org/TR/xhtml1/DTD/xhtml1-transitional.dtd">
<html xmlns="http://www.w3.org/1999/xhtml" xml:lang="en" lang="en">
 <head>
  <title>
</title>
<meta http-equiv="Content-Type" content="text/html;charset=utf-8" />
  <meta name='ocr-system' content='tesseract 3.04.00' />
  <meta name='ocr-capabilities' content='ocr_page ocr_carea ocr_par ocr_line ocrx_word'/>
</head>
<body>
  <div class='ocr_page' id='page_1' title='image "./musaeherodoto04hero/musaeherodoto04hero_0036.png"; bbox 0 0 1996 3238; ppageno 0'>
   <div class='ocr_carea' id='block_1_1' title="bbox 100 1091 1825 1153">
    <p class='ocr_par' dir='ltr' id='par_1_1' title="bbox 100 1091 1825 1153">
     <span class='ocr_line' id='line_1_1' title="bbox 100 1091 1825 1153; baseline -0.003 -11"><span class='ocrx_word' id='word_1_1' title='bbox 100 1106 310 1134; x_wconf 49' lang='lat' dir='ltr'><em>Thcmhtovlis</em></span> <span class='ocrx_word' id='word_1_2' title='bbox 330 1106 377 1133; x_wconf 88' lang='lat'><em>10-</em></span> <span class='ocrx_word' id='word_1_3' title='bbox 434 1095 614 1153; x_wconf 77' lang='grc' dir='ltr'><em>ξάμενος</em></span> <span class='ocrx_word' id='word_1_4' title='bbox 656 1094 991 1152; x_wconf 74' lang='grc' dir='ltr'><strong><em>Θεμιστοκλέης,</em></strong></span> <span class='ocrx_word' id='word_1_5' title='bbox 1032 1092 1258 1148; x_wconf 78' lang='grc' dir='ltr'><em>ἐπορεύετο</em></span> <span class='ocrx_word' id='word_1_6' title='bbox 1301 1094 1398 1148; x_wconf 84' lang='grc' dir='ltr'><em>περὶ</em></span> <span class='ocrx_word' id='word_1_7' title='bbox 1434 1092 1487 1137; x_wconf 82' lang='grc' dir='ltr'><em>τοὶ</em></span> <span class='ocrx_word' id='word_1_8' title='bbox 1525 1091 1687 1148; x_wconf 88' lang='grc' dir='ltr'><em>πότιμα</em></span> <span class='ocrx_word' id='word_1_9' title='bbox 1743 1097 1825 1137; x_wconf 78' lang='grc'><em>629</em></span> 
     </span>
    </p>
   </div>
   <div class='ocr_carea' id='block_1_2' title="bbox 428 248 484 286">
    <p class='ocr_par' dir='ltr' id='par_1_2' title="bbox 428 248 484 286">
     <span class='ocr_line' id='line_1_2' title="bbox 428 248 484 286; baseline -0.018 0"><span class='ocrx_word' id='word_1_10' title='bbox 428 248 484 286; x_wconf 80' lang='grc'><em>28</em></span> 
     </span>
    </p>
   </div>
   <div class='ocr_carea' id='block_1_3' title="bbox 829 240 1284 277">
    <p class='ocr_par' dir='ltr' id='par_1_3' title="bbox 829 240 1284 277">
     <span class='ocr_line' id='line_1_3' title="bbox 829 240 1284 277; baseline -0.004 0"><span class='ocrx_word' id='word_1_11' title='bbox 829 240 1284 277; x_wconf 78' lang='lat' dir='ltr'><strong>HERODOTI</strong></span> 
     </span>
    </p>
   </div>
   <div class='ocr_carea' id='block_1_4' title="bbox 427 345 1737 610">
    <p class='ocr_par' dir='ltr' id='par_1_4' title="bbox 427 345 1737 610">
     <span class='ocr_line' id='line_1_4' title="bbox 427 345 1737 405; baseline -0.009 -8"><span class='ocrx_word' id='word_1_12' title='bbox 427 354 504 404; x_wconf 73' lang='grc' dir='ltr'><em>κὸς</em></span> <span class='ocrx_word' id='word_1_13' title='bbox 534 351 726 405; x_wconf 79' lang='grc' dir='ltr'><em>στρατός,</em></span> <span class='ocrx_word' id='word_1_14' title='bbox 757 350 982 405; x_wconf 82' lang='grc' dir='ltr'><em>σημαίνειν</em></span> <span class='ocrx_word' id='word_1_15' title='bbox 1010 353 1122 392; x_wconf 89' lang='grc' dir='ltr'><em>τοῖσι</em></span> <span class='ocrx_word' id='word_1_16' title='bbox 1151 348 1197 392; x_wconf 78' lang='grc' dir='ltr'><em>ἐν</em></span> <span class='ocrx_word' id='word_1_17' title='bbox 1214 347 1520 403; x_wconf 76' lang='grc' dir='ltr'><em>Θερμοπύλῃσι</em></span> <span class='ocrx_word' id='word_1_18' title='bbox 1550 345 1737 390; x_wconf 82' lang='grc' dir='ltr'><em>ἐοῦσι·65</em></span> 
     </span>
     <span class='ocr_line' id='line_1_5' title="bbox 430 413 1679 474; baseline -0.009 -9"><span class='ocrx_word' id='word_1_19' title='bbox 430 421 489 472; x_wconf 76' lang='grc' dir='ltr'><em>ὥς</em></span> <span class='ocrx_word' id='word_1_20' title='bbox 519 420 553 464; x_wconf 82' lang='grc' dir='ltr'><em>δ’</em></span> <span class='ocrx_word' id='word_1_21' title='bbox 574 420 714 469; x_wconf 79' lang='grc' dir='ltr'><em>αὕτως</em></span> <span class='ocrx_word' id='word_1_22' title='bbox 735 413 788 473; x_wconf 78' lang='grc' dir='ltr'><em>ἦν</em></span> <span class='ocrx_word' id='word_1_23' title='bbox 814 415 1085 474; x_wconf 75' lang='grc' dir='ltr'><em>Ἀβρῶνυχος</em></span> <span class='ocrx_word' id='word_1_24' title='bbox 1115 416 1136 460; x_wconf 86' lang='grc' dir='ltr'>ὁ</span> <span class='ocrx_word' id='word_1_25' title='bbox 1161 417 1408 466; x_wconf 77' lang='grc' dir='ltr'><strong><em>Λυσικλέος,</em></strong></span> <span class='ocrx_word' id='word_1_26' title='bbox 1437 415 1679 469; x_wconf 80' lang='grc' dir='ltr'><em>Ἀθηναῖος,</em></span> 
     </span>
     <span class='ocr_line' id='line_1_6' title="bbox 428 482 1682 542; baseline -0.008 -9"><span class='ocrx_word' id='word_1_27' title='bbox 428 491 501 534; x_wconf 76' lang='grc' dir='ltr'><em>καὶ</em></span> <span class='ocrx_word' id='word_1_28' title='bbox 529 486 644 540; x_wconf 81' lang='grc' dir='ltr'><em>παρὰ</em></span> <span class='ocrx_word' id='word_1_29' title='bbox 676 487 868 542; x_wconf 77' lang='grc' dir='ltr'><em>Λεωνίδῃ</em></span> <span class='ocrx_word' id='word_1_30' title='bbox 899 485 1067 539; x_wconf 77' lang='grc' dir='ltr'><em>ἑτοῖμος</em></span> <span class='ocrx_word' id='word_1_31' title='bbox 1096 489 1207 526; x_wconf 91' lang='grc' dir='ltr'><em>τοῖσι</em></span> <span class='ocrx_word' id='word_1_32' title='bbox 1227 483 1286 526; x_wconf 83' lang='grc' dir='ltr'><em>ἐπ’</em></span> <span class='ocrx_word' id='word_1_33' title='bbox 1312 484 1554 541; x_wconf 79' lang='grc' dir='ltr'><em>Ἀρτεμισίῳ</em></span> <span class='ocrx_word' id='word_1_34' title='bbox 1585 482 1682 524; x_wconf 82' lang='grc' dir='ltr'><em>ἐοῦ-</em></span> 
     </span>
     <span class='ocr_line' id='line_1_7' title="bbox 430 548 1683 610; baseline -0.006 -11"><span class='ocrx_word' id='word_1_35' title='bbox 430 568 469 599; x_wconf 88' lang='grc' dir='ltr'><em>σι</em></span> <span class='ocrx_word' id='word_1_36' title='bbox 503 554 719 610; x_wconf 73' lang='grc' dir='ltr'><em>ἀγγέλλειν</em></span> <span class='ocrx_word' id='word_1_37' title='bbox 755 552 1060 609; x_wconf 71' lang='grc' dir='ltr'><em>τριηκοντέρῳ,</em></span> <span class='ocrx_word' id='word_1_38' title='bbox 1099 550 1154 606; x_wconf 76' lang='grc' dir='ltr'><em>ἤν</em></span> <span class='ocrx_word' id='word_1_39' title='bbox 1183 567 1223 594; x_wconf 88' lang='grc' dir='ltr'><em>τι</em></span> <span class='ocrx_word' id='word_1_40' title='bbox 1243 549 1550 606; x_wconf 78' lang='grc' dir='ltr'><em>καταλαμβάνῃ</em></span> <span class='ocrx_word' id='word_1_41' title='bbox 1580 548 1683 592; x_wconf 83' lang='grc' dir='ltr'><em>νεώ-</em></span> 
     </span>
    </p>
   </div>
   <div class='ocr_carea' id='block_1_5' title="bbox 401 620 831 676">
    <p class='ocr_par' dir='ltr' id='par_1_5' title="bbox 401 620 831 676">
     <span class='ocr_line' id='line_1_8' title="bbox 401 620 831 676; baseline 0.007 -15"><span class='ocrx_word' id='word_1_42' title='bbox 401 628 559 676; x_wconf 67' lang='grc' dir='ltr'><em>Ξτερον</em></span> <span class='ocrx_word' id='word_1_43' title='bbox 587 620 666 664; x_wconf 80' lang='grc' dir='ltr'><em>τόν</em></span> <span class='ocrx_word' id='word_1_44' title='bbox 693 620 831 674; x_wconf 79' lang='grc' dir='ltr'><em>πεζόν.</em></span> 
     </span>
    </p>
   </div>
   <div class='ocr_carea' id='block_1_6' title="bbox 896 614 1683 674">
    <p class='ocr_par' dir='ltr' id='par_1_6' title="bbox 896 614 1683 674">
     <span class='ocr_line' id='line_1_9' title="bbox 896 614 1683 674; baseline -0.005 -12"><span class='ocrx_word' id='word_1_45' title='bbox 896 615 1033 670; x_wconf 79' lang='grc' dir='ltr'><em>Οὗτος</em></span> <span class='ocrx_word' id='word_1_46' title='bbox 1055 614 1116 661; x_wconf 69' lang='grc' dir='ltr'><em>οἷν</em></span> <span class='ocrx_word' id='word_1_47' title='bbox 1147 619 1169 662; x_wconf 90' lang='grc' dir='ltr'>ὁ</span> <span class='ocrx_word' id='word_1_48' title='bbox 1190 618 1455 674; x_wconf 79' lang='grc' dir='ltr'><em>Ἁβρώνυχος</em></span> <span class='ocrx_word' id='word_1_49' title='bbox 1485 615 1683 671; x_wconf 78' lang='grc' dir='ltr'><em>ἀπικόμε-</em></span> 
     </span>
    </p>
   </div>
   <div class='ocr_carea' id='block_1_7' title="bbox 400 684 1741 946">
    <p class='ocr_par' dir='ltr' id='par_1_7' title="bbox 400 684 1741 946">
     <span class='ocr_line' id='line_1_10' title="bbox 427 684 1685 745; baseline -0.004 -13"><span class='ocrx_word' id='word_1_50' title='bbox 427 690 503 740; x_wconf 85' lang='grc' dir='ltr'><em>νός</em></span> <span class='ocrx_word' id='word_1_51' title='bbox 542 700 621 744; x_wconf 82' lang='grc' dir='ltr'><em>σφι</em></span> <span class='ocrx_word' id='word_1_52' title='bbox 657 690 857 745; x_wconf 72' lang='grc' dir='ltr'><em>ἐσήμαινε</em></span> <span class='ocrx_word' id='word_1_53' title='bbox 894 688 944 731; x_wconf 78' lang='grc' dir='ltr'><em>τοὶ</em></span> <span class='ocrx_word' id='word_1_54' title='bbox 974 686 1182 742; x_wconf 72' lang='grc' dir='ltr'><em>γεγονότα</em></span> <span class='ocrx_word' id='word_1_55' title='bbox 1226 686 1325 739; x_wconf 83' lang='grc' dir='ltr'><em>περὶ</em></span> <span class='ocrx_word' id='word_1_56' title='bbox 1355 687 1574 728; x_wconf 83' lang='grc' dir='ltr'><em>Λεωνίδεα</em></span> <span class='ocrx_word' id='word_1_57' title='bbox 1611 684 1685 727; x_wconf 84' lang='grc' dir='ltr'><em>καὶ</em></span> 
     </span>
     <span class='ocr_line' id='line_1_11' title="bbox 400 750 1741 810; baseline -0.004 -12"><span class='ocrx_word' id='word_1_58' title='bbox 400 756 511 801; x_wconf 75' lang='grc' dir='ltr'><em>Βτόν</em></span> <span class='ocrx_word' id='word_1_59' title='bbox 541 757 727 810; x_wconf 86' lang='grc' dir='ltr'><em>στρατὸν</em></span> <span class='ocrx_word' id='word_1_60' title='bbox 757 756 905 800; x_wconf 84' lang='grc' dir='ltr'><em>αὐτοῦ.</em></span> <span class='ocrx_word' id='word_1_61' title='bbox 940 757 982 797; x_wconf 85' lang='grc' dir='ltr'><em>οἱ</em></span> <span class='ocrx_word' id='word_1_62' title='bbox 1001 755 1058 805; x_wconf 79' lang='grc' dir='ltr'><em>ὁὲ,</em></span> <span class='ocrx_word' id='word_1_63' title='bbox 1091 754 1149 805; x_wconf 82' lang='grc' dir='ltr'><em>ὠς</em></span> <span class='ocrx_word' id='word_1_64' title='bbox 1175 753 1392 797; x_wconf 75' lang='grc' dir='ltr'><em>ἐπύθοντο</em></span> <span class='ocrx_word' id='word_1_65' title='bbox 1413 756 1561 802; x_wconf 84' lang='grc' dir='ltr'><em>ταῦτα,</em></span> <span class='ocrx_word' id='word_1_66' title='bbox 1585 750 1741 794; x_wconf 79' lang='grc' dir='ltr'><em>οὐκ-70</em></span> 
     </span>
     <span class='ocr_line' id='line_1_12' title="bbox 429 817 1684 880; baseline -0.006 -12"><span class='ocrx_word' id='word_1_67' title='bbox 429 825 490 868; x_wconf 85' lang='grc' dir='ltr'><em>ε’τι</em></span> <span class='ocrx_word' id='word_1_68' title='bbox 533 825 574 875; x_wconf 81' lang='grc' dir='ltr'><em>ἐς</em></span> <span class='ocrx_word' id='word_1_69' title='bbox 604 823 821 880; x_wconf 73' lang='grc' dir='ltr'><em>ἀναβολάς</em></span> <span class='ocrx_word' id='word_1_70' title='bbox 851 824 1075 866; x_wconf 80' lang='grc' dir='ltr'><em>ἐποιεῦντο</em></span> <span class='ocrx_word' id='word_1_71' title='bbox 1102 823 1180 877; x_wconf 80' lang='grc' dir='ltr'><em>τήν</em></span> <span class='ocrx_word' id='word_1_72' title='bbox 1215 820 1512 876; x_wconf 71' lang='grc' dir='ltr'><em>ἀποχώρησιν,</em></span> <span class='ocrx_word' id='word_1_73' title='bbox 1545 817 1684 873; x_wconf 79' lang='grc' dir='ltr'><em>ἐκομί-</em></span> 
     </span>
     <span class='ocr_line' id='line_1_13' title="bbox 428 889 1686 946; baseline -0.006 -10"><span class='ocrx_word' id='word_1_74' title='bbox 428 898 552 946; x_wconf 86' lang='grc' dir='ltr'><em>ζοντο</em></span> <span class='ocrx_word' id='word_1_75' title='bbox 583 894 628 936; x_wconf 80' lang='grc' dir='ltr'><em>δὲ</em></span> <span class='ocrx_word' id='word_1_76' title='bbox 661 893 718 942; x_wconf 79' lang='grc' dir='ltr'><em>ὠς</em></span> <span class='ocrx_word' id='word_1_77' title='bbox 748 892 920 934; x_wconf 75' lang='grc' dir='ltr'><em>ἕκαστοι</em></span> <span class='ocrx_word' id='word_1_78' title='bbox 951 889 1217 946; x_wconf 78' lang='grc' dir='ltr'><em>ἐτάχθησαν·</em></span> <span class='ocrx_word' id='word_1_79' title='bbox 1248 891 1485 943; x_wconf 82' lang='grc' dir='ltr'><em>Κορίνθιοι</em></span> <span class='ocrx_word' id='word_1_80' title='bbox 1506 890 1686 941; x_wconf 80' lang='grc' dir='ltr'><em>πρῶτοι,</em></span> 
     </span>
    </p>
   </div>
   <div class='ocr_carea' id='block_1_8' title="bbox 429 958 948 1015">
    <p class='ocr_par' dir='ltr' id='par_1_8' title="bbox 429 958 948 1015">
     <span class='ocr_line' id='line_1_14' title="bbox 429 958 948 1015; baseline -0.008 -11"><span class='ocrx_word' id='word_1_81' title='bbox 429 961 608 1004; x_wconf 78' lang='grc' dir='ltr'><em>ὕστατοι</em></span> <span class='ocrx_word' id='word_1_82' title='bbox 641 962 686 1003; x_wconf 77' lang='grc' dir='ltr'><em>δὲ</em></span> <span class='ocrx_word' id='word_1_83' title='bbox 711 958 948 1015; x_wconf 82' lang='grc' dir='ltr'><em>Ἀθηναῖοι.</em></span> 
     </span>
    </p>
   </div>
   <div class='ocr_carea' id='block_1_9' title="bbox 538 1022 1689 1084">
    <p class='ocr_par' dir='ltr' id='par_1_9' title="bbox 538 1022 1689 1084">
     <span class='ocr_line' id='line_1_15' title="bbox 538 1022 1689 1084; baseline -0.001 -14"><span class='ocrx_word' id='word_1_84' title='bbox 538 1026 780 1084; x_wconf 68' lang='grc' dir='ltr'><em>Ἀθηναίων</em></span> <span class='ocrx_word' id='word_1_85' title='bbox 810 1025 855 1068; x_wconf 80' lang='grc' dir='ltr'><em>δὲ</em></span> <span class='ocrx_word' id='word_1_86' title='bbox 884 1027 982 1076; x_wconf 81' lang='grc' dir='ltr'><em>νέας</em></span> <span class='ocrx_word' id='word_1_87' title='bbox 1011 1022 1088 1075; x_wconf 75' lang='grc' dir='ltr'><em>τὰς</em></span> <span class='ocrx_word' id='word_1_88' title='bbox 1117 1023 1270 1078; x_wconf 78' lang='grc' dir='ltr'><em>ἄριστα</em></span> <span class='ocrx_word' id='word_1_89' title='bbox 1299 1023 1529 1076; x_wconf 81' lang='grc' dir='ltr'><em>πλωούσας</em></span> <span class='ocrx_word' id='word_1_90' title='bbox 1558 1024 1689 1069; x_wconf 78' lang='grc' dir='ltr'><em>ἐπιλε-</em></span> 
     </span>
    </p>
   </div>
   <div class='ocr_carea' id='block_1_10' title="bbox 101 1141 376 1175">
    <p class='ocr_par' dir='ltr' id='par_1_10' title="bbox 101 1141 376 1175">
     <span class='ocr_line' id='line_1_16' title="bbox 101 1141 376 1175; baseline 0.004 -8"><span class='ocrx_word' id='word_1_91' title='bbox 101 1150 153 1167; x_wconf 70' lang='lat' dir='ltr'><em>nvs</em></span> <span class='ocrx_word' id='word_1_92' title='bbox 171 1141 248 1175; x_wconf 77' lang='lat' dir='ltr'><em>apud</em></span> <span class='ocrx_word' id='word_1_93' title='bbox 269 1141 376 1168; x_wconf 69' lang='lat' dir='ltr'>Persas</span> 
     </span>
    </p>
   </div>
   <div class='ocr_carea' id='block_1_11' title="bbox 101 1175 310 1202">
    <p class='ocr_par' dir='ltr' id='par_1_11' title="bbox 101 1175 310 1202">
     <span class='ocr_line' id='line_1_17' title="bbox 101 1175 310 1202; baseline 0.005 -1"><span class='ocrx_word' id='word_1_94' title='bbox 101 1175 261 1202; x_wconf 77' lang='lat' dir='ltr'><em>militantes</em></span> <span class='ocrx_word' id='word_1_95' title='bbox 279 1175 310 1202; x_wconf 84' lang='lat' dir='ltr'><em>iu</em></span> 
     </span>
    </p>
   </div>
   <div class='ocr_carea' id='block_1_12' title="bbox 0 1338 2 1359">
    <p class='ocr_par' dir='ltr' id='par_1_12' title="bbox 0 1338 2 1359">
     <span class='ocr_line' id='line_1_18' title="bbox 0 1338 2 1359; baseline 0 0"><span class='ocrx_word' id='word_1_96' title='bbox 0 1338 2 1359; x_wconf 68' lang='grc' dir='ltr'>Ξ</span> 
     </span>
    </p>
   </div>
   <div class='ocr_carea' id='block_1_13' title="bbox 13 1402 15 1420">
    <p class='ocr_par' dir='ltr' id='par_1_13' title="bbox 13 1402 15 1420">
     <span class='ocr_line' id='line_1_19' title="bbox 13 1402 15 1420; baseline 0 0"><span class='ocrx_word' id='word_1_97' title='bbox 13 1402 15 1420; x_wconf 71' lang='lat'>3</span> 
     </span>
    </p>
   </div>
   <div class='ocr_carea' id='block_1_14' title="bbox 0 940 371 2008">
    <p class='ocr_par' dir='ltr' id='par_1_14' title="bbox 0 940 371 1274">
     <span class='ocr_line' id='line_1_20' title="bbox 0 940 371 1115; baseline -0.008 -26"><span class='ocrx_word' id='word_1_98' title='bbox 0 940 9 1115; x_wconf 77' lang='grc' dir='ltr'>Ξ</span> <span class='ocrx_word' id='word_1_99' title='bbox 305 1043 371 1087; x_wconf 71' lang='lat'><em>22</em></span> 
     </span>
     <span class='ocr_line' id='line_1_21' title="bbox 0 1119 9 1274; baseline -0.769 1"><span class='ocrx_word' id='word_1_100' title='bbox 0 1119 9 1274; x_wconf 72' lang='grc' dir='ltr'><em>,Ξ</em></span> 
     </span>
    </p>

    <p class='ocr_par' dir='ltr' id='par_1_15' title="bbox 0 1273 20 2008">
     <span class='ocr_line' id='line_1_22' title="bbox 0 1273 15 1366; baseline 0 -24"><span class='ocrx_word' id='word_1_101' title='bbox 0 1273 15 1366; x_wconf 94' lang='lat'>3</span> 
     </span>
     <span class='ocr_line' id='line_1_23' title="bbox 0 1366 16 1526; baseline 0 0"><span class='ocrx_word' id='word_1_102' title='bbox 0 1366 16 1526; x_wconf 71' lang='grc' dir='ltr'>Ξ</span> 
     </span>
     <span class='ocr_line' id='line_1_24' title="bbox 0 1524 18 1663; baseline 0 -17"><span class='ocrx_word' id='word_1_103' title='bbox 0 1524 18 1663; x_wconf 84' lang='grc' dir='ltr'>Ξ</span> 
     </span>
     <span class='ocr_line' id='line_1_25' title="bbox 0 1659 15 1827; baseline 0 -15"><span class='ocrx_word' id='word_1_104' title='bbox 0 1659 15 1827; x_wconf 88' lang='grc' dir='ltr'>Ξ</span> 
     </span>
     <span class='ocr_line' id='line_1_26' title="bbox 1 1824 19 1882; baseline 0 -13"><span class='ocrx_word' id='word_1_105' title='bbox 1 1824 19 1882; x_wconf 69' lang='lat'>3</span> 
     </span>
     <span class='ocr_line' id='line_1_27' title="bbox 0 1884 20 2008; baseline 0 -22"><span class='ocrx_word' id='word_1_106' title='bbox 0 1884 20 2008; x_wconf 75' lang='grc' dir='ltr'>Ξ</span> 
     </span>
    </p>
   </div>
   <div class='ocr_carea' id='block_1_15' title="bbox 3 2165 17 2216">
    <p class='ocr_par' dir='ltr' id='par_1_16' title="bbox 3 2165 17 2216">
     <span class='ocr_line' id='line_1_28' title="bbox 3 2165 17 2216; baseline 0 -47"><span class='ocrx_word' id='word_1_107' title='bbox 3 2165 17 2216; x_wconf 48' lang='lat'><em>3</em></span> 
     </span>
    </p>
   </div>
   <div class='ocr_carea' id='block_1_16' title="bbox 376 1208 504 1214">
    <p class='ocr_par' dir='ltr' id='par_1_17' title="bbox 376 1208 504 1214">
     <span class='ocr_line' id='line_1_29' title="bbox 376 1208 504 1214; baseline 0 0"><span class='ocrx_word' id='word_1_108' title='bbox 376 1208 504 1214; x_wconf 95' lang='lat' dir='ltr'><em> </em></span> 
     </span>
    </p>
   </div>
   <div class='ocr_carea' id='block_1_17' title="bbox 505 1208 650 1213">
    <p class='ocr_par' dir='ltr' id='par_1_18' title="bbox 505 1208 650 1213">
     <span class='ocr_line' id='line_1_30' title="bbox 505 1208 650 1213; baseline 0 0"><span class='ocrx_word' id='word_1_109' title='bbox 505 1208 650 1213; x_wconf 95' lang='lat' dir='ltr'><em> </em></span> 
     </span>
    </p>
   </div>
   <div class='ocr_carea' id='block_1_18' title="bbox 375 1269 1044 2725">
    <p class='ocr_par' dir='ltr' id='par_1_19' title="bbox 375 1269 1044 2725">
     <span class='ocr_line' id='line_1_31' title="bbox 377 1269 1032 1326; baseline -0.006 -16"><span class='ocrx_word' id='word_1_110' title='bbox 377 1272 556 1326; x_wconf 78' lang='lat' dir='ltr'>equidem</span> <span class='ocrx_word' id='word_1_111' title='bbox 589 1272 747 1310; x_wconf 84' lang='lat' dir='ltr'>meliora</span> <span class='ocrx_word' id='word_1_112' title='bbox 777 1269 913 1320; x_wconf 83' lang='lat' dir='ltr'>habeo,</span> <span class='ocrx_word' id='word_1_113' title='bbox 935 1282 1032 1322; x_wconf 84' lang='lat' dir='ltr'>quae</span> 
     </span>
     <span class='ocr_line' id='line_1_32' title="bbox 375 1329 1033 1380; baseline -0.008 -13"><span class='ocrx_word' id='word_1_114' title='bbox 375 1332 416 1367; x_wconf 88' lang='lat' dir='ltr'><em>in</em></span> <span class='ocrx_word' id='word_1_115' title='bbox 454 1330 627 1367; x_wconf 88' lang='lat' dir='ltr'>medium</span> <span class='ocrx_word' id='word_1_116' title='bbox 658 1330 861 1380; x_wconf 83' lang='lat' dir='ltr'>proferam.</span> <span class='ocrx_word' id='word_1_117' title='bbox 927 1329 1033 1364; x_wconf 88' lang='lat' dir='ltr'>Con-</span> 
     </span>
     <span class='ocr_line' id='line_1_33' title="bbox 375 1384 1035 1434; baseline -0.009 -10"><span class='ocrx_word' id='word_1_118' title='bbox 375 1389 514 1424; x_wconf 82' lang='lat' dir='ltr'>iecerat</span> <span class='ocrx_word' id='word_1_119' title='bbox 525 1386 830 1432; x_wconf 85' lang='lat' dir='ltr'>Valckenaerius‚</span> <span class='ocrx_word' id='word_1_120' title='bbox 850 1384 1035 1434; x_wconf 87' lang='lat' dir='ltr'>probante</span> 
     </span>
     <span class='ocr_line' id='line_1_34' title="bbox 375 1437 1037 1481; baseline -0.005 0"><span class='ocrx_word' id='word_1_121' title='bbox 375 1442 588 1481; x_wconf 80' lang='lat' dir='ltr'>Larchero:</span> <span class='ocrx_word' id='word_1_122' title='bbox 624 1442 662 1481; x_wconf 81' lang='grc' dir='ltr'><em>εἴ</em></span> <span class='ocrx_word' id='word_1_123' title='bbox 691 1457 728 1481; x_wconf 87' lang='grc' dir='ltr'><em>τι</em></span> <span class='ocrx_word' id='word_1_124' title='bbox 747 1439 984 1480; x_wconf 85' lang='grc' dir='ltr'><em>πταίσειε</em></span> <span class='ocrx_word' id='word_1_125' title='bbox 1014 1437 1037 1478; x_wconf 84' lang='grc' dir='ltr'>ὁ</span> 
     </span>
     <span class='ocr_line' id='line_1_35' title="bbox 378 1492 1035 1552; baseline -0.009 -12"><span class='ocrx_word' id='word_1_126' title='bbox 378 1496 566 1545; x_wconf 82' lang='grc' dir='ltr'><em>ναυτικός</em></span> <span class='ocrx_word' id='word_1_127' title='bbox 586 1495 748 1552; x_wconf 74' lang='grc' dir='ltr'><em>στρατός</em></span> <span class='ocrx_word' id='word_1_128' title='bbox 765 1497 804 1534; x_wconf 87' lang='lat' dir='ltr'><em>id</em></span> <span class='ocrx_word' id='word_1_129' title='bbox 834 1503 888 1534; x_wconf 89' lang='lat' dir='ltr'><em>est</em></span> <span class='ocrx_word' id='word_1_130' title='bbox 909 1492 979 1535; x_wconf 79' lang='grc' dir='ltr'><em>ἐάν</em></span> <span class='ocrx_word' id='word_1_131' title='bbox 998 1510 1035 1534; x_wconf 89' lang='grc' dir='ltr'><em>τι</em></span> 
     </span>
     <span class='ocr_line' id='line_1_36' title="bbox 376 1551 1037 1608; baseline -0.008 -12"><span class='ocrx_word' id='word_1_132' title='bbox 376 1555 468 1608; x_wconf 87' lang='grc' dir='ltr'><em>περὶ</em></span> <span class='ocrx_word' id='word_1_133' title='bbox 499 1553 574 1606; x_wconf 77' lang='grc' dir='ltr'><em>τήν</em></span> <span class='ocrx_word' id='word_1_134' title='bbox 613 1555 837 1605; x_wconf 82' lang='grc' dir='ltr'><em>ναυμαχίαν</em></span> <span class='ocrx_word' id='word_1_135' title='bbox 876 1551 1037 1605; x_wconf 79' lang='grc' dir='ltr'><em>γένηται</em></span> 
     </span>
     <span class='ocr_line' id='line_1_37' title="bbox 377 1609 1036 1662; baseline -0.012 -10"><span class='ocrx_word' id='word_1_136' title='bbox 377 1616 610 1662; x_wconf 73' lang='grc' dir='ltr'><em>πταῖσμα,ι1ῒ</em></span> <span class='ocrx_word' id='word_1_137' title='bbox 624 1618 677 1648; x_wconf 87' lang='lat' dir='ltr'><em>est</em></span> <span class='ocrx_word' id='word_1_138' title='bbox 688 1610 788 1661; x_wconf 81' lang='lat' dir='ltr'>apud</span> <span class='ocrx_word' id='word_1_139' title='bbox 801 1609 957 1646; x_wconf 85' lang='lat' dir='ltr'>Diodor.</span> <span class='ocrx_word' id='word_1_140' title='bbox 967 1610 1036 1656; x_wconf 89' lang='lat' dir='ltr'><em>XI,</em></span> 
     </span>
     <span class='ocr_line' id='line_1_38' title="bbox 381 1667 1039 1719; baseline -0.008 -14"><span class='ocrx_word' id='word_1_141' title='bbox 381 1669 432 1710; x_wconf 87' lang='grc'><em>15</em></span> <span class='ocrx_word' id='word_1_142' title='bbox 469 1670 554 1705; x_wconf 83' lang='lat' dir='ltr'>coll.</span> <span class='ocrx_word' id='word_1_143' title='bbox 585 1667 765 1719; x_wconf 88' lang='lat' dir='ltr'>Thucyd.</span> <span class='ocrx_word' id='word_1_144' title='bbox 789 1668 833 1715; x_wconf 88' lang='lat' dir='ltr'><em>V,</em></span> <span class='ocrx_word' id='word_1_145' title='bbox 869 1669 931 1706; x_wconf 83' lang='lat'><em>16.</em></span> <span class='ocrx_word' id='word_1_146' title='bbox 959 1667 1039 1701; x_wconf 89' lang='lat' dir='ltr'><em>De-</em></span> 
     </span>
     <span class='ocr_line' id='line_1_39' title="bbox 377 1722 1039 1775; baseline -0.006 -12"><span class='ocrx_word' id='word_1_147' title='bbox 377 1724 568 1763; x_wconf 86' lang='lat' dir='ltr'>mosthen.</span> <span class='ocrx_word' id='word_1_148' title='bbox 601 1726 713 1775; x_wconf 80' lang='lat' dir='ltr'><strong>[pag.</strong></span> <span class='ocrx_word' id='word_1_149' title='bbox 746 1727 811 1764; x_wconf 83' lang='lat'><em>23.</em></span> <span class='ocrx_word' id='word_1_150' title='bbox 844 1722 921 1763; x_wconf 85' lang='lat'><em>155</em></span> <span class='ocrx_word' id='word_1_151' title='bbox 952 1722 1039 1759; x_wconf 83' lang='lat'>0011.</span> 
     </span>
     <span class='ocr_line' id='line_1_40' title="bbox 382 1780 1040 1831; baseline -0.009 -12"><span class='ocrx_word' id='word_1_152' title='bbox 382 1781 488 1823; x_wconf 80' lang='grc'>1479</span> <span class='ocrx_word' id='word_1_153' title='bbox 510 1780 657 1829; x_wconf 81' lang='lat' dir='ltr'>Reisk.]</span> <span class='ocrx_word' id='word_1_154' title='bbox 692 1793 813 1831; x_wconf 84' lang='lat' dir='ltr'>eoque</span> <span class='ocrx_word' id='word_1_155' title='bbox 843 1781 956 1815; x_wconf 83' lang='lat' dir='ltr'>etiam</span> <span class='ocrx_word' id='word_1_156' title='bbox 978 1791 1040 1814; x_wconf 89' lang='lat' dir='ltr'><em>re-</em></span> 
     </span>
     <span class='ocr_line' id='line_1_41' title="bbox 378 1836 1040 1887; baseline -0.008 -12"><span class='ocrx_word' id='word_1_157' title='bbox 378 1839 452 1875; x_wconf 83' lang='lat' dir='ltr'><strong>fert</strong></span> <span class='ocrx_word' id='word_1_158' title='bbox 477 1839 606 1875; x_wconf 84' lang='lat' dir='ltr'>similis</span> <span class='ocrx_word' id='word_1_159' title='bbox 640 1837 856 1887; x_wconf 81' lang='lat' dir='ltr'>argumenti</span> <span class='ocrx_word' id='word_1_160' title='bbox 890 1836 1040 1871; x_wconf 81' lang='lat' dir='ltr'>formu-</span> 
     </span>
     <span class='ocr_line' id='line_1_42' title="bbox 379 1890 1040 1943; baseline -0.008 -11"><span class='ocrx_word' id='word_1_161' title='bbox 379 1897 481 1932; x_wconf 76' lang='lat' dir='ltr'>lam:</span> <span class='ocrx_word' id='word_1_162' title='bbox 524 1895 561 1933; x_wconf 82' lang='grc' dir='ltr'><em>εἴ</em></span> <span class='ocrx_word' id='word_1_163' title='bbox 594 1909 630 1932; x_wconf 89' lang='grc' dir='ltr'><em>τι</em></span> <span class='ocrx_word' id='word_1_164' title='bbox 661 1890 859 1943; x_wconf 76' lang='grc' dir='ltr'><em>παθήσειε</em></span> <span class='ocrx_word' id='word_1_165' title='bbox 891 1894 922 1928; x_wconf 75' lang='lat' dir='ltr'><em>si</em></span> <span class='ocrx_word' id='word_1_166' title='bbox 956 1891 1040 1941; x_wconf 75' lang='lat' dir='ltr'><em>quid</em></span> 
     </span>
     <span class='ocr_line' id='line_1_43' title="bbox 380 1949 1041 2002; baseline -0.008 -13"><span class='ocrx_word' id='word_1_167' title='bbox 380 1954 527 1989; x_wconf 72' lang='lat' dir='ltr'><em>eveniret</em></span> <span class='ocrx_word' id='word_1_168' title='bbox 546 1951 654 1988; x_wconf 76' lang='lat' dir='ltr'><em>classi</em></span> <span class='ocrx_word' id='word_1_169' title='bbox 663 1980 671 1997; x_wconf 99' lang='lat'>,</span> <span class='ocrx_word' id='word_1_170' title='bbox 695 1963 815 2002; x_wconf 89' lang='lat' dir='ltr'>quum</span> <span class='ocrx_word' id='word_1_171' title='bbox 834 1949 969 1986; x_wconf 77' lang='lat' dir='ltr'>talibus</span> <span class='ocrx_word' id='word_1_172' title='bbox 986 1949 1041 1984; x_wconf 79' lang='lat' dir='ltr'><em>uti</em></span> 
     </span>
     <span class='ocr_line' id='line_1_44' title="bbox 380 2001 1041 2055; baseline -0.005 -9"><span class='ocrx_word' id='word_1_173' title='bbox 380 2015 526 2046; x_wconf 77' lang='lat' dir='ltr'>veteres</span> <span class='ocrx_word' id='word_1_174' title='bbox 565 2008 830 2044; x_wconf 77' lang='lat' dir='ltr'>consueverint</span> <span class='ocrx_word' id='word_1_175' title='bbox 868 2001 1041 2055; x_wconf 71' lang='grc' dir='ltr'><em>εὐφημι-</em></span> 
     </span>
     <span class='ocr_line' id='line_1_45' title="bbox 381 2065 1042 2115; baseline -0.011 -12"><span class='ocrx_word' id='word_1_176' title='bbox 381 2068 507 2115; x_wconf 84' lang='grc' dir='ltr'><em>σμοῖς,</em></span> <span class='ocrx_word' id='word_1_177' title='bbox 528 2065 676 2100; x_wconf 81' lang='lat' dir='ltr'>nebelli</span> <span class='ocrx_word' id='word_1_178' title='bbox 696 2065 839 2100; x_wconf 72' lang='lat' dir='ltr'>tristem</span> <span class='ocrx_word' id='word_1_179' title='bbox 862 2068 1042 2098; x_wconf 79' lang='lat' dir='ltr'>eventum</span> 
     </span>
     <span class='ocr_line' id='line_1_46' title="bbox 382 2116 1041 2168; baseline -0.002 -11"><span class='ocrx_word' id='word_1_180' title='bbox 382 2127 661 2168; x_wconf 75' lang='lat' dir='ltr'>memorarent,</span> <span class='ocrx_word' id='word_1_181' title='bbox 710 2127 751 2156; x_wconf 90' lang='lat' dir='ltr'><em>ut</em></span> <span class='ocrx_word' id='word_1_182' title='bbox 789 2120 828 2154; x_wconf 86' lang='lat' dir='ltr'><em>in</em></span> <span class='ocrx_word' id='word_1_183' title='bbox 869 2116 1041 2168; x_wconf 82' lang='lat' dir='ltr'>Euripid.</span> 
     </span>
     <span class='ocr_line' id='line_1_47' title="bbox 382 2173 1042 2225; baseline -0.008 -11"><span class='ocrx_word' id='word_1_184' title='bbox 382 2177 581 2214; x_wconf 68' lang='lat' dir='ltr'>Phoeniss.</span> <span class='ocrx_word' id='word_1_185' title='bbox 635 2176 730 2216; x_wconf 78' lang='lat'>251.</span> <span class='ocrx_word' id='word_1_186' title='bbox 778 2173 953 2225; x_wconf 81' lang='lat' dir='ltr'>Iphigen.</span> <span class='ocrx_word' id='word_1_187' title='bbox 1003 2175 1042 2210; x_wconf 87' lang='lat' dir='ltr'><em>in</em></span> 
     </span>
     <span class='ocr_line' id='line_1_48' title="bbox 383 2231 1044 2281; baseline -0.006 -11"><span class='ocrx_word' id='word_1_188' title='bbox 383 2236 503 2271; x_wconf 78' lang='lat' dir='ltr'><strong>Taur.</strong></span> <span class='ocrx_word' id='word_1_189' title='bbox 526 2233 620 2279; x_wconf 83' lang='lat'>755,</span> <span class='ocrx_word' id='word_1_190' title='bbox 642 2232 742 2269; x_wconf 81' lang='lat' dir='ltr'>alibi.</span> <span class='ocrx_word' id='word_1_191' title='bbox 800 2232 946 2281; x_wconf 82' lang='lat' dir='ltr'><em>Negris,</em></span> <span class='ocrx_word' id='word_1_192' title='bbox 979 2231 1044 2281; x_wconf 90' lang='lat' dir='ltr'><em>qui</em></span> 
     </span>
     <span class='ocr_line' id='line_1_49' title="bbox 383 2287 1041 2340; baseline -0.008 -10"><span class='ocrx_word' id='word_1_193' title='bbox 383 2288 573 2340; x_wconf 76' lang='grc' dir='ltr'><em>παλήσειε</em></span> <span class='ocrx_word' id='word_1_194' title='bbox 587 2289 728 2325; x_wconf 81' lang='lat' dir='ltr'>derivat</span> <span class='ocrx_word' id='word_1_195' title='bbox 741 2288 883 2324; x_wconf 79' lang='lat' dir='ltr'>averbo</span> <span class='ocrx_word' id='word_1_196' title='bbox 898 2287 1041 2334; x_wconf 81' lang='grc' dir='ltr'><em>παλέω,</em></span> 
     </span>
     <span class='ocr_line' id='line_1_50' title="bbox 385 2341 1043 2398; baseline -0.008 -15"><span class='ocrx_word' id='word_1_197' title='bbox 385 2347 489 2398; x_wconf 79' lang='lat' dir='ltr'>quod</span> <span class='ocrx_word' id='word_1_198' title='bbox 509 2346 611 2382; x_wconf 88' lang='lat' dir='ltr'>idem</span> <span class='ocrx_word' id='word_1_199' title='bbox 632 2346 678 2382; x_wconf 86' lang='lat' dir='ltr'><em>sit</em></span> <span class='ocrx_word' id='word_1_200' title='bbox 697 2352 809 2396; x_wconf 78' lang='lat' dir='ltr'>atque</span> <span class='ocrx_word' id='word_1_201' title='bbox 830 2341 978 2390; x_wconf 73' lang='grc' dir='ltr'><em>πάλλω,</em></span> <span class='ocrx_word' id='word_1_202' title='bbox 1003 2342 1043 2378; x_wconf 86' lang='lat' dir='ltr'><em>id</em></span> 
     </span>
     <span class='ocr_line' id='line_1_51' title="bbox 385 2398 1044 2449; baseline -0.005 -9"><span class='ocrx_word' id='word_1_203' title='bbox 385 2405 455 2440; x_wconf 81' lang='lat' dir='ltr'><em>sibi</em></span> <span class='ocrx_word' id='word_1_204' title='bbox 475 2403 595 2440; x_wconf 74' lang='lat' dir='ltr'>videri</span> <span class='ocrx_word' id='word_1_205' title='bbox 624 2403 695 2438; x_wconf 80' lang='lat' dir='ltr'>ait:</span> <span class='ocrx_word' id='word_1_206' title='bbox 728 2401 763 2440; x_wconf 87' lang='grc' dir='ltr'><em>εἰ</em></span> <span class='ocrx_word' id='word_1_207' title='bbox 783 2400 984 2449; x_wconf 78' lang='grc' dir='ltr'><em>κινηθείη,</em></span> <span class='ocrx_word' id='word_1_208' title='bbox 1008 2398 1044 2437; x_wconf 80' lang='grc' dir='ltr'><em>εἰ</em></span> 
     </span>
     <span class='ocr_line' id='line_1_52' title="bbox 383 2456 1041 2509; baseline -0.011 -11"><span class='ocrx_word' id='word_1_209' title='bbox 383 2460 625 2509; x_wconf 77' lang='grc' dir='ltr'><em>ταραχθείη,</em></span> <span class='ocrx_word' id='word_1_210' title='bbox 681 2457 717 2497; x_wconf 84' lang='grc' dir='ltr'><em>εἰ</em></span> <span class='ocrx_word' id='word_1_211' title='bbox 751 2456 929 2505; x_wconf 68' lang='grc' dir='ltr'><em>σεισθείη</em></span> <span class='ocrx_word' id='word_1_212' title='bbox 963 2457 1041 2492; x_wconf 84' lang='lat' dir='ltr'>sive</span> 
     </span>
     <span class='ocr_line' id='line_1_53' title="bbox 385 2512 1040 2567; baseline -0.005 -13"><span class='ocrx_word' id='word_1_213' title='bbox 385 2516 421 2554; x_wconf 81' lang='grc' dir='ltr'><em>εἰ</em></span> <span class='ocrx_word' id='word_1_214' title='bbox 450 2515 674 2567; x_wconf 72' lang='grc' dir='ltr'><em>βλαφθείη,</em></span> <span class='ocrx_word' id='word_1_215' title='bbox 719 2513 754 2553; x_wconf 83' lang='grc' dir='ltr'><em>εἰ</em></span> <span class='ocrx_word' id='word_1_216' title='bbox 783 2512 1040 2562; x_wconf 78' lang='grc' dir='ltr'><em>διαφθαρείη.</em></span> 
     </span>
     <span class='ocr_line' id='line_1_54' title="bbox 387 2568 1041 2610; baseline -0.009 -1"><span class='ocrx_word' id='word_1_217' title='bbox 387 2573 429 2610; x_wconf 84' lang='lat' dir='ltr'><em>Si</em></span> <span class='ocrx_word' id='word_1_218' title='bbox 472 2585 561 2608; x_wconf 70' lang='lat' dir='ltr'><em>voro</em></span> <span class='ocrx_word' id='word_1_219' title='bbox 610 2572 713 2606; x_wconf 79' lang='lat' dir='ltr'><strong>locus</strong></span> <span class='ocrx_word' id='word_1_220' title='bbox 775 2568 1041 2605; x_wconf 71' lang='lat' dir='ltr'>emendatione</span> 
     </span>
     <span class='ocr_line' id='line_1_55' title="bbox 386 2625 1042 2679; baseline -0.006 -14"><span class='ocrx_word' id='word_1_221' title='bbox 386 2636 507 2679; x_wconf 80' lang='lat' dir='ltr'>egeat,</span> <span class='ocrx_word' id='word_1_222' title='bbox 533 2628 686 2664; x_wconf 76' lang='lat' dir='ltr'>forsitan</span> <span class='ocrx_word' id='word_1_223' title='bbox 705 2625 947 2664; x_wconf 82' lang='lat' dir='ltr'>scribendum</span> <span class='ocrx_word' id='word_1_224' title='bbox 964 2637 1042 2662; x_wconf 81' lang='lat' dir='ltr'>esso</span> 
     </span>
     <span class='ocr_line' id='line_1_56' title="bbox 389 2680 677 2725; baseline -0.021 0"><span class='ocrx_word' id='word_1_225' title='bbox 389 2686 427 2725; x_wconf 81' lang='grc' dir='ltr'><em>εἴ</em></span> <span class='ocrx_word' id='word_1_226' title='bbox 442 2700 515 2724; x_wconf 80' lang='grc' dir='ltr'><em>κου</em></span> <span class='ocrx_word' id='word_1_227' title='bbox 534 2680 677 2723; x_wconf 80' lang='grc' dir='ltr'><em>λύσειε.</em></span> 
     </span>
    </p>
   </div>
   <div class='ocr_carea' id='block_1_19' title="bbox 389 2780 1044 2892">
    <p class='ocr_par' dir='ltr' id='par_1_20' title="bbox 389 2780 1044 2892">
     <span class='ocr_line' id='line_1_57' title="bbox 446 2780 1043 2832; baseline -0.008 -7"><span class='ocrx_word' id='word_1_228' title='bbox 446 2783 501 2832; x_wconf 69' lang='grc' dir='ltr'><em>ὥς</em></span> <span class='ocrx_word' id='word_1_229' title='bbox 531 2781 572 2824; x_wconf 79' lang='grc' dir='ltr'><em>δ’</em></span> <span class='ocrx_word' id='word_1_230' title='bbox 605 2780 760 2832; x_wconf 75' lang='grc' dir='ltr'><em>αὕτως]</em></span> <span class='ocrx_word' id='word_1_231' title='bbox 810 2783 834 2820; x_wconf 87' lang='grc' dir='ltr'><em>ἰ.</em></span> <span class='ocrx_word' id='word_1_232' title='bbox 864 2798 897 2821; x_wconf 84' lang='lat' dir='ltr'><em>e.</em></span> <span class='ocrx_word' id='word_1_233' title='bbox 929 2783 1043 2820; x_wconf 79' lang='lat' dir='ltr'>eodem</span> 
     </span>
     <span class='ocr_line' id='line_1_58' title="bbox 389 2841 1044 2892; baseline -0.008 -12"><span class='ocrx_word' id='word_1_234' title='bbox 389 2844 498 2892; x_wconf 81' lang='lat' dir='ltr'><em>modo,</em></span> <span class='ocrx_word' id='word_1_235' title='bbox 519 2849 559 2880; x_wconf 87' lang='lat' dir='ltr'><em>ut</em></span> <span class='ocrx_word' id='word_1_236' title='bbox 578 2843 608 2891; x_wconf 89' lang='lat'><em>1,</em></span> <span class='ocrx_word' id='word_1_237' title='bbox 627 2841 785 2889; x_wconf 82' lang='lat'>215.11,</span> <span class='ocrx_word' id='word_1_238' title='bbox 806 2843 872 2881; x_wconf 85' lang='lat'><em>67.</em></span> <span class='ocrx_word' id='word_1_239' title='bbox 892 2841 961 2889; x_wconf 83' lang='lat' dir='ltr'><em>IX,</em></span> <span class='ocrx_word' id='word_1_240' title='bbox 977 2843 1044 2881; x_wconf 89' lang='lat'><em>81.</em></span> 
     </span>
    </p>
   </div>
   <div class='ocr_carea' id='block_1_20' title="bbox 1088 1260 1747 1314">
    <p class='ocr_par' dir='ltr' id='par_1_21' title="bbox 1088 1260 1747 1314">
     <span class='ocr_line' id='line_1_59' title="bbox 1088 1260 1747 1314; baseline -0.003 -8"><span class='ocrx_word' id='word_1_241' title='bbox 1088 1266 1330 1306; x_wconf 80' lang='lat' dir='ltr'>Coniunctim</span> <span class='ocrx_word' id='word_1_242' title='bbox 1377 1267 1568 1305; x_wconf 78' lang='lat' dir='ltr'>invenitur</span> <span class='ocrx_word' id='word_1_243' title='bbox 1614 1260 1747 1314; x_wconf 76' lang='grc' dir='ltr'><em>ὥςαύ-</em></span> 
     </span>
    </p>
   </div>
   <div class='ocr_carea' id='block_1_21' title="bbox 1087 1325 1353 1373">
    <p class='ocr_par' dir='ltr' id='par_1_22' title="bbox 1087 1325 1353 1373">
     <span class='ocr_line' id='line_1_60' title="bbox 1087 1325 1353 1373; baseline -0.015 -9"><span class='ocrx_word' id='word_1_244' title='bbox 1087 1340 1164 1373; x_wconf 74' lang='grc' dir='ltr'><em>τως</em></span> <span class='ocrx_word' id='word_1_245' title='bbox 1184 1325 1263 1372; x_wconf 74' lang='lat' dir='ltr'><em>vn,</em></span> <span class='ocrx_word' id='word_1_246' title='bbox 1284 1326 1353 1365; x_wconf 83' lang='lat'><em>86.</em></span> 
     </span>
    </p>
   </div>
   <div class='ocr_carea' id='block_1_22' title="bbox 1092 1418 1757 2311">
    <p class='ocr_par' dir='ltr' id='par_1_23' title="bbox 1092 1418 1757 2311">
     <span class='ocr_line' id='line_1_61' title="bbox 1147 1418 1749 1478; baseline -0.007 -13"><span class='ocrx_word' id='word_1_247' title='bbox 1147 1423 1201 1476; x_wconf 77' lang='grc' dir='ltr'><em>ἥν</em></span> <span class='ocrx_word' id='word_1_248' title='bbox 1228 1440 1264 1464; x_wconf 86' lang='grc' dir='ltr'><em>τι</em></span> <span class='ocrx_word' id='word_1_249' title='bbox 1294 1420 1574 1478; x_wconf 74' lang='grc' dir='ltr'><em>καταλαμβάνῃ</em></span> <span class='ocrx_word' id='word_1_250' title='bbox 1610 1418 1749 1462; x_wconf 73' lang='grc' dir='ltr'><em>νεώτε-</em></span> 
     </span>
     <span class='ocr_line' id='line_1_62' title="bbox 1093 1477 1750 1533; baseline -0.012 -11"><span class='ocrx_word' id='word_1_251' title='bbox 1093 1497 1165 1533; x_wconf 86' lang='grc' dir='ltr'><em>ρον</em></span> <span class='ocrx_word' id='word_1_252' title='bbox 1185 1479 1256 1521; x_wconf 85' lang='grc' dir='ltr'><em>τὸν</em></span> <span class='ocrx_word' id='word_1_253' title='bbox 1278 1477 1416 1530; x_wconf 85' lang='grc' dir='ltr'><em>πεζόν]</em></span> <span class='ocrx_word' id='word_1_254' title='bbox 1447 1483 1552 1517; x_wconf 82' lang='lat' dir='ltr'><em>Haec</em></span> <span class='ocrx_word' id='word_1_255' title='bbox 1573 1480 1750 1527; x_wconf 80' lang='lat' dir='ltr'><em>formula,</em></span> 
     </span>
     <span class='ocr_line' id='line_1_63' title="bbox 1092 1539 1752 1588; baseline -0.005 -13"><span class='ocrx_word' id='word_1_256' title='bbox 1092 1541 1133 1576; x_wconf 87' lang='lat' dir='ltr'><em>iu</em></span> <span class='ocrx_word' id='word_1_257' title='bbox 1155 1539 1370 1575; x_wconf 80' lang='lat' dir='ltr'>utramlibet</span> <span class='ocrx_word' id='word_1_258' title='bbox 1400 1545 1547 1588; x_wconf 83' lang='lat' dir='ltr'>partem</span> <span class='ocrx_word' id='word_1_259' title='bbox 1567 1549 1665 1588; x_wconf 79' lang='lat' dir='ltr'>quae</span> <span class='ocrx_word' id='word_1_260' title='bbox 1687 1549 1752 1572; x_wconf 81' lang='lat' dir='ltr'><em>ac-</em></span> 
     </span>
     <span class='ocr_line' id='line_1_64' title="bbox 1094 1593 1752 1645; baseline -0.006 -14"><span class='ocrx_word' id='word_1_261' title='bbox 1094 1596 1168 1645; x_wconf 85' lang='lat' dir='ltr'>cipi</span> <span class='ocrx_word' id='word_1_262' title='bbox 1187 1601 1321 1645; x_wconf 82' lang='lat' dir='ltr'>potest,</span> <span class='ocrx_word' id='word_1_263' title='bbox 1363 1595 1590 1645; x_wconf 88' lang='lat' dir='ltr'>plerumque</span> <span class='ocrx_word' id='word_1_264' title='bbox 1610 1593 1752 1628; x_wconf 81' lang='lat' dir='ltr'>malam</span> 
     </span>
     <span class='ocr_line' id='line_1_65' title="bbox 1093 1647 1753 1702; baseline -0.006 -15"><span class='ocrx_word' id='word_1_265' title='bbox 1093 1652 1131 1688; x_wconf 88' lang='lat' dir='ltr'><em>in</em></span> <span class='ocrx_word' id='word_1_266' title='bbox 1154 1658 1299 1702; x_wconf 81' lang='lat' dir='ltr'>partem</span> <span class='ocrx_word' id='word_1_267' title='bbox 1319 1650 1531 1687; x_wconf 76' lang='lat' dir='ltr'>adhibetur.</span> <span class='ocrx_word' id='word_1_268' title='bbox 1589 1647 1674 1687; x_wconf 88' lang='lat' dir='ltr'>Vid.</span> <span class='ocrx_word' id='word_1_269' title='bbox 1697 1649 1753 1684; x_wconf 82' lang='lat' dir='ltr'><em>al-</em></span> 
     </span>
     <span class='ocr_line' id='line_1_66' title="bbox 1095 1706 1753 1755; baseline -0.006 -11"><span class='ocrx_word' id='word_1_270' title='bbox 1095 1709 1170 1745; x_wconf 80' lang='lat' dir='ltr'>lata</span> <span class='ocrx_word' id='word_1_271' title='bbox 1195 1707 1243 1744; x_wconf 81' lang='lat' dir='ltr'><em>ad</em></span> <span class='ocrx_word' id='word_1_272' title='bbox 1262 1708 1327 1755; x_wconf 89' lang='lat'>111,</span> <span class='ocrx_word' id='word_1_273' title='bbox 1349 1709 1400 1748; x_wconf 80' lang='grc'><em>33</em></span> <span class='ocrx_word' id='word_1_274' title='bbox 1425 1714 1461 1743; x_wconf 83' lang='lat' dir='ltr'><em>et</em></span> <span class='ocrx_word' id='word_1_275' title='bbox 1483 1706 1530 1743; x_wconf 88' lang='lat' dir='ltr'><em>de</em></span> <span class='ocrx_word' id='word_1_276' title='bbox 1552 1717 1753 1755; x_wconf 79' lang='lat' dir='ltr'>compara-</span> 
     </span>
     <span class='ocr_line' id='line_1_67' title="bbox 1095 1761 1752 1812; baseline -0.005 -11"><span class='ocrx_word' id='word_1_277' title='bbox 1095 1766 1172 1801; x_wconf 80' lang='lat' dir='ltr'>tivo</span> <span class='ocrx_word' id='word_1_278' title='bbox 1199 1761 1392 1812; x_wconf 79' lang='grc' dir='ltr'><em>νεώτερον</em></span> <span class='ocrx_word' id='word_1_279' title='bbox 1416 1770 1511 1801; x_wconf 85' lang='lat' dir='ltr'>nott.</span> <span class='ocrx_word' id='word_1_280' title='bbox 1535 1761 1583 1798; x_wconf 80' lang='lat' dir='ltr'><em>ad</em></span> <span class='ocrx_word' id='word_1_281' title='bbox 1598 1763 1661 1810; x_wconf 92' lang='lat' dir='ltr'>Ill,</span> <span class='ocrx_word' id='word_1_282' title='bbox 1685 1763 1752 1802; x_wconf 79' lang='lat'><em>62.</em></span> 
     </span>
     <span class='ocr_line' id='line_1_68' title="bbox 1095 1813 1754 1868; baseline -0.002 -10"><span class='ocrx_word' id='word_1_283' title='bbox 1095 1822 1143 1868; x_wconf 71' lang='grc' dir='ltr'><em>ν,</em></span> <span class='ocrx_word' id='word_1_284' title='bbox 1175 1823 1238 1861; x_wconf 81' lang='lat'><em>19.</em></span> <span class='ocrx_word' id='word_1_285' title='bbox 1296 1822 1392 1856; x_wconf 77' lang='lat' dir='ltr'><em>Mox</em></span> <span class='ocrx_word' id='word_1_286' title='bbox 1421 1819 1508 1856; x_wconf 74' lang='lat' dir='ltr'><em>dedi</em></span> <span class='ocrx_word' id='word_1_287' title='bbox 1549 1830 1621 1868; x_wconf 76' lang='grc' dir='ltr'><em>σφι</em></span> <span class='ocrx_word' id='word_1_288' title='bbox 1657 1813 1754 1868; x_wconf 74' lang='grc' dir='ltr'><em>ἐσή-</em></span> 
     </span>
     <span class='ocr_line' id='line_1_69' title="bbox 1098 1873 1753 1929; baseline -0.008 -14"><span class='ocrx_word' id='word_1_289' title='bbox 1098 1892 1225 1929; x_wconf 76' lang='grc' dir='ltr'><em>μαινε,</em></span> <span class='ocrx_word' id='word_1_290' title='bbox 1248 1884 1288 1913; x_wconf 88' lang='lat' dir='ltr'><em>ut</em></span> <span class='ocrx_word' id='word_1_291' title='bbox 1304 1878 1428 1927; x_wconf 79' lang='lat' dir='ltr'>plures</span> <span class='ocrx_word' id='word_1_292' title='bbox 1442 1876 1620 1912; x_wconf 84' lang='lat' dir='ltr'>iubebant</span> <span class='ocrx_word' id='word_1_293' title='bbox 1641 1873 1753 1911; x_wconf 83' lang='lat' dir='ltr'><strong>codd.</strong></span> 
     </span>
     <span class='ocr_line' id='line_1_70' title="bbox 1097 1930 1755 1984; baseline -0.009 -11"><span class='ocrx_word' id='word_1_294' title='bbox 1097 1947 1166 1984; x_wconf 82' lang='lat' dir='ltr'><em>pro</em></span> <span class='ocrx_word' id='word_1_295' title='bbox 1187 1930 1374 1983; x_wconf 79' lang='grc' dir='ltr'><em>ἐσήμαινέ</em></span> <span class='ocrx_word' id='word_1_296' title='bbox 1396 1946 1486 1982; x_wconf 82' lang='grc' dir='ltr'><em>σφι,</em></span> <span class='ocrx_word' id='word_1_297' title='bbox 1510 1930 1612 1984; x_wconf 86' lang='lat' dir='ltr'>quod</span> <span class='ocrx_word' id='word_1_298' title='bbox 1632 1931 1755 1967; x_wconf 60' lang='lat' dir='ltr'>tenuit</span> 
     </span>
     <span class='ocr_line' id='line_1_71' title="bbox 1098 1984 1754 2039; baseline -0.002 -12"><span class='ocrx_word' id='word_1_299' title='bbox 1098 1989 1293 2028; x_wconf 75' lang='lat' dir='ltr'>Schaeser.</span> <span class='ocrx_word' id='word_1_300' title='bbox 1326 2013 1375 2018; x_wconf 83' lang='lat'><em>—-</em></span> <span class='ocrx_word' id='word_1_301' title='bbox 1409 1989 1448 2036; x_wconf 80' lang='grc' dir='ltr'><em>ἐς</em></span> <span class='ocrx_word' id='word_1_302' title='bbox 1487 1984 1687 2039; x_wconf 68' lang='grc' dir='ltr'><em>εἷναβολᾶς</em></span> <span class='ocrx_word' id='word_1_303' title='bbox 1715 1985 1754 2025; x_wconf 77' lang='grc' dir='ltr'><em>ἕ-</em></span> 
     </span>
     <span class='ocr_line' id='line_1_72' title="bbox 1098 2041 1756 2096; baseline -0.011 -11"><span class='ocrx_word' id='word_1_304' title='bbox 1098 2049 1286 2086; x_wconf 81' lang='grc' dir='ltr'><em>ποιεῦντο</em></span> <span class='ocrx_word' id='word_1_305' title='bbox 1297 2041 1637 2096; x_wconf 73' lang='grc' dir='ltr'><em>τήνᾶποχώρησιν</em></span> <span class='ocrx_word' id='word_1_306' title='bbox 1652 2043 1756 2079; x_wconf 84' lang='lat' dir='ltr'><em>idem</em></span> 
     </span>
     <span class='ocr_line' id='line_1_73' title="bbox 1098 2095 1756 2154; baseline 0 -15"><span class='ocrx_word' id='word_1_307' title='bbox 1098 2105 1177 2140; x_wconf 79' lang='lat' dir='ltr'><em>sere</em></span> <span class='ocrx_word' id='word_1_308' title='bbox 1198 2102 1302 2154; x_wconf 83' lang='lat' dir='ltr'>quod</span> <span class='ocrx_word' id='word_1_309' title='bbox 1312 2098 1553 2153; x_wconf 76' lang='grc' dir='ltr'><em>α’νεβάλοντο</em></span> <span class='ocrx_word' id='word_1_310' title='bbox 1564 2097 1638 2150; x_wconf 71' lang='grc' dir='ltr'><em>τήν</em></span> <span class='ocrx_word' id='word_1_311' title='bbox 1652 2095 1756 2139; x_wconf 71' lang='grc' dir='ltr'><em>απο-</em></span> 
     </span>
     <span class='ocr_line' id='line_1_74' title="bbox 1099 2156 1757 2211; baseline -0.011 -13"><span class='ocrx_word' id='word_1_312' title='bbox 1099 2156 1296 2211; x_wconf 72' lang='grc' dir='ltr'><em>χώρησινε</em></span> <span class='ocrx_word' id='word_1_313' title='bbox 1343 2159 1440 2195; x_wconf 78' lang='lat' dir='ltr'><em>haud</em></span> <span class='ocrx_word' id='word_1_314' title='bbox 1480 2159 1549 2195; x_wconf 71' lang='lat' dir='ltr'><em>sibi</em></span> <span class='ocrx_word' id='word_1_315' title='bbox 1594 2156 1757 2205; x_wconf 71' lang='lat' dir='ltr'><em>‹lcfferen-</em></span> 
     </span>
     <span class='ocr_line' id='line_1_75' title="bbox 1101 2213 1755 2265; baseline -0.009 -11"><span class='ocrx_word' id='word_1_316' title='bbox 1101 2217 1184 2254; x_wconf 74' lang='lat' dir='ltr'><em>(lum</em></span> <span class='ocrx_word' id='word_1_317' title='bbox 1195 2243 1210 2261; x_wconf 85' lang='lat'>,</span> <span class='ocrx_word' id='word_1_318' title='bbox 1273 2214 1546 2265; x_wconf 80' lang='lat' dir='ltr'><em>protrahendum</em></span> <span class='ocrx_word' id='word_1_319' title='bbox 1577 2213 1755 2263; x_wconf 78' lang='lat' dir='ltr'><em>putabant</em></span> 
     </span>
     <span class='ocr_line' id='line_1_76' title="bbox 1101 2268 1332 2311; baseline -0.017 0"><span class='ocrx_word' id='word_1_320' title='bbox 1101 2273 1300 2311; x_wconf 81' lang='lat' dir='ltr'><em>discessum.</em></span> <span class='ocrx_word' id='word_1_321' title='bbox 1330 2268 1332 2270; x_wconf 68' lang='grc'><strong>’</strong></span> 
     </span>
    </p>
   </div>
   <div class='ocr_carea' id='block_1_23' title="bbox 1307 2360 1558 2411">
    <p class='ocr_par' dir='ltr' id='par_1_24' title="bbox 1307 2360 1558 2411">
     <span class='ocr_line' id='line_1_77' title="bbox 1307 2360 1558 2411; baseline -0.004 -14"><span class='ocrx_word' id='word_1_322' title='bbox 1307 2360 1399 2411; x_wconf 82' lang='lat' dir='ltr'>Cap.</span> <span class='ocrx_word' id='word_1_323' title='bbox 1430 2360 1558 2396; x_wconf 85' lang='lat' dir='ltr'>XXII.</span> 
     </span>
    </p>
   </div>
   <div class='ocr_carea' id='block_1_24' title="bbox 1097 2432 1764 2826">
    <p class='ocr_par' dir='ltr' id='par_1_25' title="bbox 1097 2432 1764 2826">
     <span class='ocr_line' id='line_1_78' title="bbox 1134 2432 1758 2491; baseline -0.008 -10"><span class='ocrx_word' id='word_1_324' title='bbox 1134 2438 1428 2491; x_wconf 75' lang='grc' dir='ltr'><em>ἐπιλεξάμενος]</em></span> <span class='ocrx_word' id='word_1_325' title='bbox 1443 2439 1645 2488; x_wconf 77' lang='lat' dir='ltr'>corrigunt</span> <span class='ocrx_word' id='word_1_326' title='bbox 1655 2432 1758 2476; x_wconf 78' lang='grc' dir='ltr'><em>α’πο-</em></span> 
     </span>
     <span class='ocr_line' id='line_1_79' title="bbox 1097 2493 1758 2548; baseline -0.012 -12"><span class='ocrx_word' id='word_1_327' title='bbox 1097 2494 1328 2548; x_wconf 72' lang='grc' dir='ltr'><em>λεξιίμενος,</em></span> <span class='ocrx_word' id='word_1_328' title='bbox 1369 2503 1411 2532; x_wconf 87' lang='lat' dir='ltr'><em>ut</em></span> <span class='ocrx_word' id='word_1_329' title='bbox 1439 2496 1538 2542; x_wconf 83' lang='lat' dir='ltr'>vul,</span> <span class='ocrx_word' id='word_1_330' title='bbox 1572 2497 1645 2533; x_wconf 87' lang='grc'><em>101</em></span> <span class='ocrx_word' id='word_1_331' title='bbox 1670 2493 1758 2530; x_wconf 86' lang='lat' dir='ltr'>coll.</span> 
     </span>
     <span class='ocr_line' id='line_1_80' title="bbox 1098 2548 1758 2603; baseline -0.015 -9"><span class='ocrx_word' id='word_1_332' title='bbox 1098 2556 1142 2601; x_wconf 75' lang='lat' dir='ltr'><em>V,</em></span> <span class='ocrx_word' id='word_1_333' title='bbox 1170 2556 1245 2593; x_wconf 80' lang='lat'><em>110</em></span> <span class='ocrx_word' id='word_1_334' title='bbox 1273 2553 1368 2603; x_wconf 88' lang='lat' dir='ltr'>(ubi</span> <span class='ocrx_word' id='word_1_335' title='bbox 1388 2551 1464 2589; x_wconf 81' lang='lat' dir='ltr'><em>vid.</em></span> <span class='ocrx_word' id='word_1_336' title='bbox 1484 2557 1579 2587; x_wconf 84' lang='lat' dir='ltr'>nott.</span> <span class='ocrx_word' id='word_1_337' title='bbox 1593 2548 1624 2599; x_wconf 90' lang='lat'><em>),</em></span> <span class='ocrx_word' id='word_1_338' title='bbox 1645 2562 1758 2600; x_wconf 83' lang='lat' dir='ltr'>prae-</span> 
     </span>
     <span class='ocr_line' id='line_1_81' title="bbox 1099 2605 1760 2660; baseline -0.011 -12"><span class='ocrx_word' id='word_1_339' title='bbox 1099 2612 1228 2648; x_wconf 75' lang='lat' dir='ltr'>sertim</span> <span class='ocrx_word' id='word_1_340' title='bbox 1263 2622 1351 2646; x_wconf 86' lang='lat' dir='ltr'><em>cum</em></span> <span class='ocrx_word' id='word_1_341' title='bbox 1386 2607 1490 2660; x_wconf 88' lang='lat' dir='ltr'>quod</span> <span class='ocrx_word' id='word_1_342' title='bbox 1518 2606 1579 2643; x_wconf 84' lang='lat' dir='ltr'><em>hic</em></span> <span class='ocrx_word' id='word_1_343' title='bbox 1600 2605 1760 2654; x_wconf 74' lang='lat' dir='ltr'><em>eligendi</em></span> 
     </span>
     <span class='ocr_line' id='line_1_82' title="bbox 1099 2661 1757 2708; baseline -0.009 -4"><span class='ocrx_word' id='word_1_344' title='bbox 1099 2669 1255 2704; x_wconf 70' lang='lat' dir='ltr'><em>notiont¹</em></span> <span class='ocrx_word' id='word_1_345' title='bbox 1278 2665 1476 2703; x_wconf 78' lang='lat' dir='ltr'>adhibetur</span> <span class='ocrx_word' id='word_1_346' title='bbox 1492 2664 1662 2708; x_wconf 80' lang='lat' dir='ltr'><em>verbum,</em></span> <span class='ocrx_word' id='word_1_347' title='bbox 1675 2661 1757 2701; x_wconf 78' lang='grc' dir='ltr'><em>ἔπι-</em></span> 
     </span>
     <span class='ocr_line' id='line_1_83' title="bbox 1099 2717 1764 2774; baseline -0.015 -11"><span class='ocrx_word' id='word_1_348' title='bbox 1099 2723 1311 2774; x_wconf 74' lang='grc' dir='ltr'><em>λὲγεσθαι,</em></span> <span class='ocrx_word' id='word_1_349' title='bbox 1351 2721 1453 2758; x_wconf 87' lang='lat' dir='ltr'>idem</span> <span class='ocrx_word' id='word_1_350' title='bbox 1490 2733 1584 2757; x_wconf 83' lang='lat' dir='ltr'><em>mox</em></span> <span class='ocrx_word' id='word_1_351' title='bbox 1621 2717 1764 2766; x_wconf 81' lang='lat' dir='ltr'><em>legendi</em></span> 
     </span>
     <span class='ocr_line' id='line_1_84' title="bbox 1100 2776 1760 2826; baseline -0.011 -9"><span class='ocrx_word' id='word_1_352' title='bbox 1100 2781 1254 2817; x_wconf 76' lang='lat' dir='ltr'><em>notione,</em></span> <span class='ocrx_word' id='word_1_353' title='bbox 1267 2780 1496 2816; x_wconf 74' lang='lat' dir='ltr'>inveniatur:</span> <span class='ocrx_word' id='word_1_354' title='bbox 1520 2776 1567 2813; x_wconf 82' lang='lat' dir='ltr'><em>de</em></span> <span class='ocrx_word' id='word_1_355' title='bbox 1584 2787 1658 2826; x_wconf 89' lang='lat' dir='ltr'><em>quo</em></span> <span class='ocrx_word' id='word_1_356' title='bbox 1674 2786 1760 2811; x_wconf 89' lang='lat' dir='ltr'><em>mo-</em></span> 
     </span>
    </p>
   </div>
   <div class='ocr_carea' id='block_1_25' title="bbox 1100 2831 1758 2886">
    <p class='ocr_par' dir='ltr' id='par_1_26' title="bbox 1100 2831 1758 2886">
     <span class='ocr_line' id='line_1_85' title="bbox 1100 2831 1758 2886; baseline -0.012 -12"><span class='ocrx_word' id='word_1_357' title='bbox 1100 2838 1170 2874; x_wconf 82' lang='lat' dir='ltr'><em>nui</em></span> <span class='ocrx_word' id='word_1_358' title='bbox 1190 2835 1237 2874; x_wconf 87' lang='lat' dir='ltr'><em>ad</em></span> <span class='ocrx_word' id='word_1_359' title='bbox 1258 2838 1322 2886; x_wconf 86' lang='lat' dir='ltr'><em>ul,</em></span> <span class='ocrx_word' id='word_1_360' title='bbox 1344 2835 1411 2878; x_wconf 85' lang='lat'><em>41.</em></span> <span class='ocrx_word' id='word_1_361' title='bbox 1463 2835 1516 2871; x_wconf 85' lang='lat' dir='ltr'><em>At</em></span> <span class='ocrx_word' id='word_1_362' title='bbox 1534 2831 1690 2881; x_wconf 77' lang='lat' dir='ltr'><em>eligendi</em></span> <span class='ocrx_word' id='word_1_363' title='bbox 1706 2831 1758 2867; x_wconf 86' lang='lat' dir='ltr'><em>si-</em></span> 
     </span>
    </p>
   </div>
  </div>
 </body>
</html>
