1996 3238
665 196 824 232 URA
854 197 1011 235 NIA.
1069 196 1198 234 V111.

1512 197 1567 236 43

306 324 428 364 μενοι
457 305 540 362 γὰρ
569 305 705 362 ταύτῃ
735 303 855 359 παρὰ
884 304 962 348 τόν
994 305 1225 360 Κηφισσὸν
1262 303 1483 359 ποταμὸν,
1522 303 1566 346 ἐ-

305 378 459 432 ὁηΐουυ
487 373 652 426 πάντα,
693 374 767 418 καὶ
795 372 902 417 κατὰ
933 373 1011 429 μὲν
1049 374 1241 417 ἔκαυσαν
1270 372 1455 429 Δρύμον
1485 370 1562 415 πό·
1578 377 1623 412 30

417 548 506 599 cap.
526 548 709 586 xxxm.

302 602 410 657 παροέ
439 603 508 644 τόν
541 601 756 653 Κηφισσόν
782 617 906 643 ποτα-

247 657 354 713 μόν]
400 662 584 712 Cephz'ssus
603 662 739 698 fluvius
762 663 906 711 prima-

246 720 322 755 rius
343 720 462 755 fertur
482 721 519 755 in
533 718 714 765 Phocide,
736 719 904 769 pluribus

245 783 479 812 memoratus
495 777 749 826 scriptoribus,
781 774 828 811 ad
844 788 906 811 se-

245 834 500 882 ptentrionale
540 834 714 869 Parnassi
739 833 835 868 latus
865 832 905 867 in

246 890 361 939 ipsius
382 888 560 926 Phocidis
583 903 624 926 ac
640 888 790 925 Doridis
811 901 906 925 con-

246 946 344 982 finiis
361 959 464 983 orsus
484 959 603 997 prope
612 947 784 982 Lilaeam
798 952 908 982 vete-

246 1015 339 1050 rem,
361 1016 439 1039 non
459 1003 574 1052 longe
604 1015 626 1039 a
650 1004 734 1040 vico
761 1002 906 1050 Snallo,

244 1066 288 1095 ut
316 1072 420 1096 nunc
454 1059 596 1098 dicunt.
674 1061 804 1110 Ipsum
832 1059 908 1095 fiu-

243 1116 348 1153 vium
370 1130 474 1153 nunc
497 1123 635 1153 vocant
667 1115 909 1165 Mauropota-

242 1185 309 1212 mo.
340 1173 397 1211 Cf.
409 1175 529 1210 Kruse
542 1172 817 1224 1.}.II‚2p.14.
841 1172 904 1213 15.

300 1229 397 1268 κατὰ
423 1228 495 1281 μὲν
513 1229 712 1279 ἔκαυσαν]
745 1230 906 1265 Tmesin

242 1285 305 1323 hic
338 1288 491 1323 obviam
522 1289 643 1337 attigit
673 1284 809 1324 Matth.
841 1286 906 1325 Gr.

243 1344 311 1380 Gr·
343 1345 381 1389 §-
409 1342 493 1385 594
523 1358 560 1394 p.
590 1346 708 1384 1190.
738 1341 827 1379 vid.
849 1349 907 1379 et-

241 1401 321 1436 iam
340 1400 483 1441 Herod,
505 1402 604 1447 VIII,
626 1402 693 1439 89.
750 1397 812 1435 Ad
845 1411 908 1434 ar-

243 1464 474 1507 gumentum
494 1458 570 1493 loci
590 1462 737 1507 praeter
752 1457 906 1492 Plutar-

244 1512 374 1561 chum,
398 1515 464 1565 qui
487 1515 524 1549 ΙΙ
544 1528 580 1564 p.
610 1514 690 1553 868
712 1513 755 1549 Β.
786 1512 906 1548 trede—

243 1572 311 1606 cim
341 1583 390 1606 ex
417 1569 613 1606 Herodoto
635 1569 762 1605 scribit
780 1565 906 1620 {urbes

242 1625 503 1663 Phocensium
535 1639 557 1662 a
584 1627 701 1662 Persa
733 1626 906 1662 incensas

244 1683 353 1732 (cum
373 1685 510 1721 rectius
541 1683 745 1732 scripsisset
768 1696 908 1721 πεντε-

243 1738 428 1786 καίδεκα,
456 1741 487 1777 si
516 1739 673 1790 quidem
703 1737 742 1775 h.
762 1739 789 1775 l.
819 1739 908 1775 cluo-

245 1797 353 1834 (lecz'm
376 1804 412 1833 et
432 1797 546 1847 paulo
564 1803 647 1846 post
667 1799 735 1832 tres
753 1808 907 1832 memo-

243 1861 377 1890 rantur
396 1855 506 1890 urbes
529 1853 681 1890 aPersis
697 1853 906 1902 incensae),

243 1917 486 1961 comparatur
511 1910 683 1961 inprimis
702 1910 908 1946 Pausanias

242 1967 294 2011 X,
316 1969 339 2006 3
360 1968 395 2012 ξ.
418 1970 444 2007 2
465 1967 550 2004 coll.
583 1969 633 2007 33
666 1967 700 2011 ξ.
725 1969 762 2006 6.
794 1964 847 2005 34
869 1967 907 2011 ξ.

248 2026 284 2070 1,
314 2023 382 2058 ubi
412 2022 459 2059 de
492 2022 671 2059 Phocidis
705 2021 852 2073 oppidis
886 2035 908 2058 a

244 2080 377 2115 Xerxe
399 2085 436 2115 et
455 2079 570 2128 longe
590 2085 675 2129 post
695 2091 716 2114 a
729 2078 907 2128 Philippo

245 2135 457 2172 Macedone
486 2149 554 2186 per
582 2136 728 2171 bellum
759 2147 911 2171 sacrum

246 2193 385 2229 eversis
400 2193 581 2243 loquitur.
641 2192 764 2236 Quam
785 2192 911 2227 Hero-

249 2247 360 2285 dotus
380 2255 492 2286 vocat
511 2243 700 2300 Λρύμον,
734 2260 819 2283 eam
841 2261 911 2298 ap-

246 2306 363 2356 pellat
383 2303 593 2357 Δρυμαίαν
616 2317 698 2354 cap.
721 2307 744 2344 3
768 2306 805 2350 ξ.
826 2307 852 2343 2
873 2311 911 2341 et

247 2364 301 2402 33
330 2363 364 2406 §.
387 2365 425 2409 6,
447 2362 512 2398 ubi
534 2361 692 2398 Siebelis
717 2373 804 2411 pag.
826 2362 908 2401 297

248 2419 373 2454 attulit
413 2417 601 2469 Stephani
637 2419 732 2468 Byz.
764 2418 906 2465 locum,

247 2475 313 2510 nbi
335 2473 507 2526 Δρυμία.
553 2473 631 2512 Sed
652 2476 772 2510 Kruse
790 2474 906 2522 (Hell.

246 2533 295 2578 II,
318 2534 344 2570 2
369 2545 408 2582 p.
441 2534 508 2572 87.
540 2532 611 2581 88)
642 2531 695 2566 ibi
722 2531 798 2580 legi
826 2531 908 2567 vult

255 2589 428 2637 Τριταία.
487 2589 581 2624 Utut
611 2594 688 2635 est,
729 2600 832 2623 nunc
855 2588 908 2623 ibi

247 2645 378 2682 vicum
419 2643 527 2681 Baba
558 2657 637 2681 esse
662 2650 770 2680 notat
797 2645 911 2680 Mau-

249 2707 333 2737 nert
353 2702 440 2737 VIII
466 2715 504 2751 p.
529 2703 598 2740 171
629 2713 709 2752 seq.
767 2701 910 2737 Gellius

249 2759 390 2801 ruinas,
415 2770 508 2810 quas
537 2758 636 2794 intra
667 2757 838 2793 Lilaeam
867 2770 910 2794 ac

248 2813 348 2851 Dadi
380 2812 547 2863 invenit,
588 2812 636 2851 ad
678 2815 911 2867 Drymaeam

962 547 1186 598 pertinuisse
1227 547 1441 583 arbitratur.
1510 544 1622 583 Conf.

963 605 1122 641 Siebelis
1155 602 1203 639 ad
1230 604 1393 641 Pausan.
1426 604 1449 641 l.
1481 602 1504 641 l.
1536 615 1623 652 pag.

964 663 1046 701 300
1069 668 1105 697 et
1125 662 1245 696 Kruse
1265 661 1289 697 l.
1311 660 1336 696 l.
1358 661 1414 695 De
1435 661 1507 696 situ
1530 659 1625 696 Cha-

962 717 1110 766 radrae,
1139 730 1254 769 quam
1284 723 1445 768 uterque
1465 717 1624 766 scriptor

961 776 1156 821 nominat,
1201 787 1279 810 non
1310 786 1459 823 prorsus
1491 774 1625 824 liquet.

963 831 1073 868 Conf.
1105 833 1225 867 Kruse
1256 831 1280 868 l.
1311 831 1337 866 l.
1364 843 1451 880 pag.
1474 830 1526 868 84
1546 843 1625 881 seq.

962 889 1041 924 Nec
1079 889 1201 938 magis
1232 888 1351 938 liquet
1393 886 1439 923 de
1473 885 1625 933 Eroclto,

963 958 1074 996 quae,
1106 946 1137 981 si
1166 951 1268 980 recte
1291 944 1421 980 statuit
1450 944 1570 978 Kruse
1599 943 1626 979 l.

963 1002 988 1038 l.
1010 1015 1045 1052 p.
1060 1004 1126 1049 69,
1151 1001 1396 1052 probabiliter
1409 998 1626 1052 quaerenda

964 1065 1019 1095 est
1038 1059 1137 1094 intra
1158 1057 1391 1094 Charadram
1411 1064 1446 1093 et
1457 1055 1628 1093 Tethro-

963 1116 1085 1159 nium,
1102 1115 1268 1152 ubisane
1280 1113 1408 1165 oppidi
1429 1112 1627 1150 cuiusdam

966 1173 1148 1223 reliquiae
1161 1179 1305 1209 exstare
1320 1171 1497 1207 dicuntur
1508 1183 1627 1220 prope

962 1230 1092 1266 vicum
1114 1230 1258 1266 Suallo.
1292 1228 1527 1274 Tethronium,
1549 1228 1627 1263 sive

968 1286 1215 1333 Titleronz‘um,
1246 1292 1289 1321 ut
1318 1285 1524 1321 Pausanias
1557 1297 1627 1334 ap-

963 1343 1079 1393 pellat
1099 1343 1123 1380 l.
1146 1344 1170 1379 l.
1193 1343 1279 1378 coll.
1309 1340 1497 1392 Stephan,
1528 1342 1626 1392 Byz.

962 1412 991 1436 S.
1023 1413 1073 1445 v.‚
1111 1398 1280 1436 Locridis
1312 1397 1496 1449 oppidum
1516 1398 1630 1434 fuisse

965 1454 1014 1492 ad
1045 1454 1400 1506 Thermopylarum
1434 1456 1627 1504 angustias

961 1513 1090 1558 situm,
1112 1525 1161 1548 ex
1189 1510 1368 1548 Aeschiu.
1392 1513 1450 1548 De
1469 1511 1549 1548 fals.
1570 1512 1630 1547 le-

962 1575 1041 1619 gat.
1073 1570 1107 1614 §.
1131 1571 1184 1608 37
1204 1575 1241 1605 et
1270 1567 1427 1605 Diodor.
1449 1569 1550 1615 XVI,
1574 1571 1627 1608 33

964 1626 1218 1675 cognoscitur.
1253 1627 1396 1662 Ruinas
1416 1625 1517 1660 urbis
1527 1631 1626 1672 sunt,

965 1683 1031 1734 qui
1057 1681 1105 1718 ad
1126 1683 1276 1718 laevam
1305 1681 1476 1733 Cephissi
1504 1682 1628 1732 ripam

963 1745 1122 1790 ponant,
1151 1740 1218 1775 ubi
1246 1752 1349 1775 nunc
1371 1737 1517 1786 IlIuIlcz',
1547 1751 1628 1774 non

963 1795 1075 1833 valde
1096 1802 1289 1832 remotum
1308 1809 1328 1832 a
1345 1795 1464 1843 Dadi3
1495 1796 1557 1831 alii
1579 1794 1627 1831 ad

965 1852 1140 1889 dextram
1153 1851 1322 1903 Cephissi
1334 1853 1520 1889 collocant
1532 1865 1541 1899 3
1556 1853 1628 1887 mi-

963 1923 1037 1946 nus
1057 1917 1171 1958 recte,
1194 1917 1236 1946 ut
1254 1909 1416 1946 videtur.
1460 1908 1517 1946 Cf.
1541 1909 1629 1946 Sie-

964 1967 1059 2003 belis
1079 1967 1103 2004 l.
1125 1967 1151 2003 l.
1171 1980 1211 2017 p„
1233 1968 1314 2006 297
1336 1973 1373 2003 et
1392 1967 1514 2002 Kruse
1537 1967 1583 2013 II,
1601 1968 1629 2006 2

963 2037 1002 2073 p.
1017 2025 1082 2063 86.
1113 2019 1361 2073 Ἀμφίκαιαν
1379 2024 1514 2059 urbem
1523 2024 1629 2058 Pau-

964 2080 1086 2116 sanias
1116 2081 1140 2116 l.
1162 2081 1187 2116 l.
1217 2087 1329 2116 vocat
1357 2075 1628 2129 Ἀμφίκλεανς

966 2148 1066 2186 quae
1080 2136 1151 2171 fnit
1171 2137 1359 2171 recentior
1370 2137 1471 2171 urbis
1493 2136 1627 2186 appel-

967 2192 1073 2235 latio,
1104 2192 1316 2228 Pausaniae
1352 2198 1525 2242 tempore
1562 2205 1627 2229 so-

966 2249 1104 2285 lemnis
1125 2278 1135 2297 ,
1185 2261 1274 2284 cum
1303 2249 1404 2298 prius
1455 2249 1626 2299 appella-

967 2311 1070 2341 retur
1115 2301 1342 2355 Ἀμφίκαια.
1414 2305 1498 2344 vid.
1539 2305 1627 2342 Sie-

965 2362 1058 2398 belis
1077 2362 1102 2398 l.
1123 2362 1148 2399 l.
1170 2375 1206 2412 p.
1229 2363 1324 2408 296,
1351 2361 1417 2397 ubi
1436 2364 1625 2399 recentio-

964 2431 1052 2454 rum
1067 2418 1395 2468 peregrinatorum
1412 2420 1629 2455 testimonia

966 2475 1101 2522 attulit,
1125 2475 1260 2526 quibus
1277 2473 1503 2524 Amphiclea
1519 2483 1626 2512 vetus

966 2545 1057 2568 cum
1078 2530 1217 2582 oppido
1229 2530 1330 2568 Dadi
1348 2533 1402 2567 sic
1422 2534 1509 2569 satis
1530 2546 1626 2569 con-

965 2590 1095 2625 venire
1116 2587 1276 2625 videtur.
1297 2589 1355 2625 Ac
1376 2601 1466 2624 sane
1487 2589 1625 2625 Clarke

967 2645 1146 2693 (Travels
1176 2645 1224 2691 11,
1255 2647 1278 2684 3
1311 2643 1418 2695 chap.
1442 2649 1466 2686 8
1488 2659 1525 2696 p.
1549 2646 1629 2686 225

966 2708 1003 2737 et
1015 2703 1114 2747 227)
1136 2699 1183 2737 ad
1198 2700 1475 2752 Amphicaeam
1495 2703 1626 2738 referri

966 2758 1252 2794 vultmoenium
1266 2758 1470 2808 grandium
1491 2772 1533 2794 ac
1544 2766 1625 2794 tur·

966 2815 1067 2852 rium
1105 2815 1281 2868 reliquias
1327 2828 1447 2867 prope
1498 2816 1626 2852 loctun
