1879 3222
229 198 313 241 432
771 194 1148 234 COMMENTATIO

233 309 335 351 1541
356 316 392 346 et
414 307 518 350 1557
538 308 602 347 sol.
617 307 657 346 in
677 308 827 346 officina
848 308 1084 359 Hervagiana
1103 322 1189 346 cum
1210 308 1337 348 Ioach.
1370 309 1573 347 camerarii
1592 323 1703 361 prae-

232 366 386 402 satlone.
444 365 586 411 „Cuius
607 365 696 413 dos,
717 367 767 402 ait
791 366 1084 416 Wesselingius,
1120 369 1320 417 praecipua
1348 374 1423 414 est,
1462 366 1564 418 quod
1584 368 1702 405 Ionici

231 423 413 459 sermonis
430 422 590 458 sormam
611 435 693 458 raro
710 422 915 471 neglexerit
938 429 1050 473 atque
1071 423 1345 471 elegantissime
1362 424 1629 473 compluscula,
1644 424 1704 459 iu·-

231 479 470 529 sequentium
490 479 700 515 temeritate
731 485 794 515 aut
813 485 955 515 mutata
985 484 1048 514 aut
1072 478 1260 515 socordius
1281 481 1477 530 praeterita
1498 477 1704 530 descripsess

230 536 319 571 rit.“
376 534 616 586 Quamquam
653 536 858 586 suspicatur
896 532 1294 584 Schweighaeuserus,
1327 549 1347 572 a
1377 538 1455 572 viro
1482 535 1616 585 docto,
1638 535 1704 588 qui

231 590 385 627 editioni
406 592 584 640 praefuit,
610 593 737 628 multis
753 593 842 628 locis
866 592 1030 627 invectas
1059 603 1137 626 esse
1154 592 1298 629 Ionicas
1318 593 1521 630 verborum
1550 593 1702 642 formas,

230 660 323 699 quas
344 647 467 684 nullus
487 648 580 684 liber
599 661 715 684 manu
734 650 890 698 scriptus
911 646 1098 682 exhibeat.

342 704 502 741 Secutus
534 711 587 741 est
610 704 788 742 Henricus
818 704 1039 753 Stephanus,
1082 702 1146 753 qui
1183 710 1384 755 postquam
1413 705 1579 755 primum
1602 704 1705 742 Lati-

231 772 323 796 nam
342 761 533 796 Laurentii
553 762 681 797 Vallae
700 760 1046 809 interpretationem
1069 761 1302 809 recognitam
1327 767 1438 811 atque
1465 760 1705 798 emendatam

231 815 358 852 addita
385 817 571 867 Apologia
591 829 658 867 pro
679 815 871 852 Herodoto
892 814 1009 851 edidit
1028 827 1128 851 auno
1161 816 1265 856 1566
1285 816 1350 854 fol.
1371 818 1487 867 (quae
1508 815 1621 854 editio
1634 830 1706 868 po-

229 879 308 910 stea
337 874 482 923 saepius
517 880 571 909 est
599 871 794 922 repetita),
825 878 907 907 tum
937 872 1080 908 Graece
1101 870 1272 908 exhibuit
1290 871 1527 908 Herodotum
1545 873 1651 912 1570
1669 879 1707 910 et

233 929 341 969 1592
361 929 424 966 sol.
450 929 618 976 Parisiis,
651 941 727 964 una
747 940 835 964 cum
855 928 982 964 Vallae
997 929 1167 965 versione
1189 928 1389 965 emendata
1405 927 1615 980 additisque
1635 941 1706 977 vaf

230 985 293 1021 riis
313 985 554 1032 lectionibus,
585 997 677 1036 quas
697 991 824 1021 tamen
843 996 974 1021 omnes
995 997 1014 1020 e
1034 985 1135 1021 libris
1153 986 1314 1036 antiquis
1334 998 1452 1021 manu
1470 985 1613 1035 scriptis
1633 984 1708 1021 flu·-

230 1041 329 1077 xisse
348 1041 429 1076 iure
452 1053 592 1091 negare
621 1039 769 1078 videtur
788 1039 1168 1090 Schweighaeuserus
1199 1041 1377 1090 (Praefat,
1396 1043 1425 1086 1,
1446 1044 1472 1081 2
1490 1055 1529 1091 p.
1550 1042 1595 1078 V.
1610 1041 1707 1091 Vh),

230 1097 293 1133 cui
311 1097 372 1133 vel
381 1098 618 1134 coniecturae
638 1098 708 1134 viri
729 1097 830 1134 docti
847 1110 924 1134 esse
944 1096 1130 1145 videntur,
1153 1099 1288 1150 quibus
1302 1099 1364 1134 ille
1384 1096 1708 1134 meudosumAldi

231 1154 425 1203 exemplar
445 1153 506 1190 hic
534 1154 609 1191 illic
634 1153 818 1204 refingere
845 1152 1052 1202 studuerit,
1090 1155 1150 1191 vel
1185 1155 1363 1192 lectiones
1385 1167 1433 1191 ex
1461 1153 1550 1190 Aldi
1578 1160 1707 1202 textu,

232 1210 312 1245 aliis
332 1211 555 1258 substitutis,
598 1211 737 1247 eiectae
760 1217 795 1247 et
815 1211 854 1246 in
874 1211 1044 1260 margine
1064 1210 1262 1248 adnotatae
1277 1239 1287 1258 ,
1321 1211 1382 1248 vel
1403 1210 1566 1262 denique
1596 1211 1710 1247 etiam

229 1265 408 1302 lectiones
433 1280 481 1303 ex
501 1279 578 1303 uno
603 1266 769 1319 quodam
798 1265 927 1303 codice
953 1267 1014 1303 vel
1035 1268 1149 1303 etiam
1171 1268 1351 1317 pluribus,
1383 1265 1557 1304 admixtis
1578 1267 1710 1304 conie-

230 1323 344 1359 cturis
358 1352 368 1371 ,
405 1330 578 1360 enotatae
609 1337 631 1360 a
651 1325 729 1361 viro
751 1322 862 1360 docto
883 1322 1050 1375 quodam
1077 1331 1114 1360 et
1134 1323 1181 1360 ad
1203 1323 1440 1374 Stephanum
1460 1324 1709 1370 transmissae,

230 1390 346 1429 quem
373 1379 499 1429 ipsum
532 1379 578 1417 de
608 1381 680 1417 illis
706 1379 811 1416 haud
833 1392 915 1416 raro
952 1380 1142 1416 incertum
1171 1380 1283 1417 fuisse
1305 1380 1561 1429 intelligimus.
1619 1380 1711 1416 Utut

230 1441 309 1482 est,
338 1436 445 1485 plura
474 1438 514 1473 in
543 1437 693 1474 Graecis
723 1449 844 1488 aeque
865 1449 908 1474 ac
927 1437 1069 1473 Latinis
1095 1437 1231 1474 melius
1253 1437 1298 1473 ab
1319 1438 1484 1473 Henrico
1514 1434 1711 1488 Stephano

228 1493 429 1529 constituta
449 1506 526 1530 esse
548 1494 679 1543 negari
698 1494 841 1545 nequit.

342 1548 527 1599 Stephani
542 1550 759 1586 Editionem
774 1548 934 1599 Gothofr.
947 1547 1191 1598 Iungermann.
1207 1547 1416 1586 iterandam
1428 1548 1572 1586 censuit
1591 1548 1712 1584 Fran-

231 1604 366 1641 cofurt.
399 1608 505 1645 1608
532 1605 598 1642 sol.
618 1613 725 1642 textu
745 1608 912 1656 primum
937 1619 1005 1656 per
1025 1607 1144 1656 capita
1167 1605 1285 1643 diviso
1306 1605 1510 1657 additoque
1529 1603 1654 1641 indice
1674 1609 1712 1640 et

230 1660 408 1709 glossario
438 1660 654 1698 Herodoteo
675 1658 715 1708 ᾗ)
747 1675 767 1697 e
795 1661 965 1697 Goldasti
992 1661 1152 1698 schedis.
1209 1663 1380 1711 Repetita
1410 1668 1463 1698 est
1484 1660 1577 1696 haec
1597 1659 1711 1696 editio

231 1717 410 1752 Genevae
440 1718 558 1764 1618,
590 1717 644 1764 (iu
665 1729 739 1767 qua
759 1716 862 1753 haud
882 1729 1024 1766 paucae
1055 1718 1208 1753 Aemilii
1235 1718 1339 1753 Porti
1367 1717 1595 1766 suspiciones
1624 1722 1712 1751 tex-

230 1773 286 1808 tui
320 1773 444 1808 illatae
467 1774 602 1822 sunt);
633 1774 847 1825 iterumque
880 1772 1047 1809 Londini
1078 1775 1183 1814 1679
1217 1773 1283 1810 fol.
1323 1775 1451 1823 paucis
1485 1770 1712 1825 quibusdam

231 1826 399 1864 adiectis.

345 1885 450 1929 Quae
469 1891 596 1921 secuta
617 1891 670 1920 est
690 1883 813 1922 Iacobi
831 1884 998 1921 Gronovz'i
1023 1883 1159 1932 editio,
1195 1883 1321 1933 Lugd.
1343 1885 1475 1921 Batav.
1509 1882 1614 1924 1715
1632 1882 1712 1930 fol„

231 1941 272 1977 in
292 1953 336 1976 ea
357 1953 428 1991 ope
449 1940 587 1977 codicis
606 1942 704 1977 illius
724 1939 907 1988 Medicei,
938 1940 987 1977 de
1012 1953 1087 1992 quo
1110 1942 1146 1985 ξ.
1172 1942 1220 1980 17
1243 1940 1426 1987 diximus,
1456 1938 1558 1976 haud
1574 1950 1715 1989 paucos

231 1996 415 2034 Herodoti
437 1997 538 2034 locos
566 1999 708 2047 optime
737 1997 924 2033 restitutos
954 2010 1032 2033 esse
1052 1996 1239 2034 videmus.
1295 1998 1352 2033 Ac
1378 1997 1451 2033 nisi
1477 1996 1715 2033 Gronovium

231 2055 350 2090 nimia
379 2055 450 2090 ista
493 2052 631 2090 codicis
661 2054 853 2090 veneratio
886 2054 938 2089 ita
961 2054 1202 2103 abripuisset,
1242 2060 1284 2090 ut
1303 2054 1366 2091 vel
1395 2052 1715 2089 manifestissimas

232 2109 543 2147 hallucinationes
567 2123 757 2147 erroresve
775 2110 917 2146 librarii
936 2110 974 2145 in
997 2116 1146 2146 textum
1166 2109 1282 2160 recipi
1300 2110 1424 2157 vellet,
1453 2110 1532 2159 ipse
1559 2108 1599 2144 in
1620 2108 1716 2144 alio-

233 2180 320 2203 rum
337 2167 522 2203 erroribus
542 2165 716 2203 notandis
726 2167 997 2213 acerbissimus,
1023 2167 1182 2203 minime
1201 2166 1240 2201 in
1255 2172 1311 2203 tot
1329 2167 1495 2202 virorum
1516 2163 1716 2201 doctorum

235 2221 544 2272 reprehensiones
560 2222 761 2261 incidisset.
820 2221 905 2260 vid.
936 2223 1083 2259 Fabric.
1113 2229 1148 2259 et
1169 2223 1313 2260 Harles.
1338 2224 1377 2258 in
1397 2222 1497 2259 Bibl.
1523 2222 1658 2261 Graec.
1679 2220 1716 2257 11

235 2293 274 2330 p.
296 2279 376 2320 342
395 2286 430 2315 et
448 2280 695 2329 Wesselingii
714 2278 897 2316 iudicium
916 2279 954 2314 in
976 2278 1139 2315 Praefat.
1161 2279 1198 2323 §.
1229 2281 1268 2319 3.

347 2334 563 2372 Dicendum
582 2336 660 2372 iam
683 2333 730 2372 de
752 2348 795 2372 ea
824 2335 1010 2384 editione,
1041 2347 1140 2386 quae
1162 2336 1362 2371 coniuncta
1390 2331 1653 2371 Valckenaerii
1678 2337 1716 2368 et

235 2392 478 2441 Wesselingii
498 2391 614 2442 opera
632 2391 770 2443 prodiit
790 2391 910 2428 forma
929 2391 1097 2427 maxiinsi
1115 2391 1390 2428 Amstelodami
1409 2403 1509 2427 anno
1526 2390 1629 2430 1763
1641 2386 1714 2424 hoc

238 2448 367 2484 titulo:
399 2444 636 2497 ‚,‘Hpodo'vov
669 2447 1011 2498 Ἀλικτιρυησσῆος
1043 2446 1247 2497 Ἱστοριῶν
1277 2444 1387 2499 λόγοι
1409 2442 1466 2485 θ’.
1521 2441 1715 2495 Ἐπιγρα-

237 2500 432 2552 ,,φόμενοι
455 2507 636 2544 Μοῦσαι.
692 2504 874 2541 Herodoti
895 2505 1166 2540 Halicarnassei
1191 2505 1439 2540 Historiarum
1458 2501 1543 2539 libri
1560 2500 1714 2537 lxma-

239 2571 393 2608 „sarum
408 2562 624 2598 nominibus
639 2562 826 2611 inscripti,
858 2562 1000 2597 Graece
1022 2567 1057 2597 et
1077 2562 1210 2597 Latine
1231 2574 1279 2597 ex
1299 2560 1490 2597 Laurentii
1512 2556 1634 2593 Vallae
1653 2555 1715 2590 in-

239 2618 530 2666 „terpretatIOne
561 2631 650 2655 cum
679 2617 996 2656 Adnotationibus
1027 2616 1061 2654 T
1060 2617 1178 2655 Ιιιιηιαε
1209 2617 1319 2655 Galei
1341 2623 1378 2653 et
1396 2614 1517 2653 Iacobi
1535 2611 1712 2649 Gronovii.

331 2791 362 2836 ·)
385 2790 460 2827 vid.
484 2802 587 2837 supra
609 2792 641 2833 §.
667 2793 720 2826 16.
