1996 3238
143 518 207 563 91

140 1003 206 1049 92

652 206 999 243 URANIA.
1058 205 1187 243 VIII.

1460 203 1545 243 125

280 320 407 376 φίλος
435 315 521 359 ἐών
547 297 850 370 Ἀριαράμνης,
882 311 992 369 ἀνὴρ
1023 313 1194 369 Πέρσης
1222 310 1419 368 παρεών,
1448 310 1601 355 τού-45

278 402 359 429 του
384 387 466 426 τοῦ
498 386 759 440 Φοινικηίου
788 381 979 432 πάθεος·
1035 384 1079 425 οἱ
1107 382 1187 437 μὲν
1216 380 1269 438 δὴ
1298 379 1411 437 πρὸς
1440 379 1542 432 τούς

285 453 492 502 Φοίνικας
521 449 776 504 ἐτράποντο.

392 523 492 562 Τῶν
523 519 568 562 δὲ
599 518 838 575 βαρβάρων
869 518 910 568 ἐς
941 514 1088 573 φυγὴν
1115 515 1426 572 τραπομένων,
1467 516 1539 560 καὶ
1596 527 1880 559 Persaevictil’haz

274 586 544 631 ἐκπλεόντων
573 587 685 641 πρὸς
714 587 762 632 τὸ
786 587 1012 642 Φάληρον,
1045 585 1296 639 Αἰγινῆται,
1326 583 1541 627 ὑποστάν-

245 662 336 706 Ξτες
365 656 411 699 ἐν
440 658 500 713 τῷ
532 659 736 712 πορθμῷ,
768 656 871 710 ἔργα
902 651 1162 705 ἀπεδέξαντο
1194 651 1330 706 λόγου
1361 651 1468 704 ἄξια.
1500 653 1545 695 οῖ

273 722 351 779 μὲν
380 721 463 778 γάρ
488 721 711 780 Ἀθηναῖοι
741 723 787 767 ἐν
816 726 877 779 τῷ
905 719 1090 777 θορύβῳ
1122 717 1346 774 έκεράϊζον
1386 719 1462 770 τάς
1498 727 1599 763 τε50

272 788 586 847 ἀντισταμένας
639 793 712 835 καὶ
741 792 819 842 τοὶς
858 787 1109 847 φευγούσας
1138 791 1228 831 τῶν
1256 791 1391 844 νηῶν,
1424 789 1468 831 οἱ
1497 788 1543 831 δὲ

273 860 591 914 Αἰγινῆταιτὰς
613 859 910 911 ἐκπλωούσας·
941 859 1054 908 ὅκως
1069 857 1114 900 δέ
1144 871 1259 907 τινες
1285 855 1390 907 τούς
1416 854 1543 911 Ἀθη-

273 929 427 978 ναίους
446 929 721 984 διαφύγοιεν,
753 928 988 984 φερόμενοι
1018 925 1249 970 ἐσέπιπτον
1271 923 1313 975 ές
1342 924 1446 975 τούς
1460 925 1542 966 Αἰ-

270 995 462 1052 γινήτας.
515 995 735 1041 Ἐνθαῦτα
765 995 1032 1051 συνεκύρεον
1068 998 1167 1050 νῆες
1203 992 1231 1050 ἥ
1257 1009 1302 1036 τε
1338 996 1542 1049 Θεμιστο-
1598 992 1852 1076 Αεὲῑηθῳθᾴρῃξ-

1511 1064 1529 1073 u
1599 1058 1662 1085 gau
1689 1056 1814 1076 crimme

269 1064 396 1116 κλέος
426 1062 648 1108 διώκουσα
677 1069 776 1120 νῆα,
804 1065 878 1108 καὶ
907 1062 933 1120 ἡ
967 1064 1246 1117 Πολυκρίτου
1271 1066 1352 1105 τοῦ
1383 1065 1543 1116 Κριου,
1599 1086 1844 1130 τοῦμηδισμοῦ,

272 1131 436 1188 ἀνδρός
486 1134 751 1190 Αἰγινήτεω,
790 1134 866 1189 νηῒ
903 1131 1153 1188 ἐμβαλοῦσα
1193 1132 1405 1188 Σιδωνίῃ,
1433 1129 1597 1186 ἥπερ55

271 1197 356 1244 εἷλε
385 1200 464 1257 τὴν
492 1202 898 1259 προφυλάσσουσαν
928 1201 995 1244 ἐπὶ
1026 1200 1211 1258 Σκιάθῳ
1240 1199 1321 1257 τὴν
1347 1199 1540 1256 Αἰγιναί-

213 1401 281 1426 vos
299 1385 444 1429 τούτου
464 1390 537 1428 τοῦ
551 1384 706 1436 πάθεος
715 1388 881 1440 suppleri

215 1444 357 1485 ἕνεκαε
402 1448 488 1496 quia
523 1447 662 1483 obnisus
690 1451 766 1483 emt
798 1447 879 1483 kuic

215 1502 431 1540 Phoenicum
452 1503 668 1540 calamitati.
703 1504 761 1540 Ac
776 1504 879 1540 Mat-

212 1557 315 1596 thiae
344 1572 512 1612 quoque,
553 1573 670 1611 quem
708 1562 879 1612 sequitur

212 1615 427 1664 Bekkerus,
461 1617 616 1653 retinuit
636 1613 877 1669 προσεβάλε-

211 1688 268 1720 το,
306 1672 410 1725 quod
440 1672 595 1710 defendi
621 1687 730 1724 posse
768 1681 876 1725 putat

210 1731 403 1768 locutione
436 1730 609 1781 Euripid.
643 1730 749 1768 Med.
792 1732 874 1772 238

211 1788 355 1838 Musgr.
386 1785 651 1839 ξυμβάλλεται
684 1786 726 1827 δὲ
747 1784 874 1827 πολλὰ

211 1845 330 1883 τοῦδε
367 1845 562 1896 δείματος.
618 1846 751 1896 Lange
786 1858 875 1882 ver—

212 1902 350 1938 nacule
361 1899 455 1938 haec
467 1903 519 1938 ita
530 1904 730 1952 expressit:
749 1903 874 1950 „Aus-

213 1958 345 1995 sentem
365 1959 447 1995 aber
463 1962 549 2007 trug
573 1959 664 1996 auch
689 1960 757 1997 viel
777 1959 872 1996 daza

214 2015 269 2051 bez·
279 2016 522 2062 Ariammms,
538 2018 591 2052 ein
605 2016 710 2053 Perse
721 2030 787 2053 von
800 2017 874 2053 Ge-

213 2071 294 2108 burt
322 2071 394 2107 und
412 2071 556 2108 Freund
578 2072 637 2109 cler
657 2072 780 2117 Iwzer,
812 2072 872 2108 der

212 2128 266 2164 bei
285 2128 410 2164 diesem
439 2128 607 2177 Unglic'ck
636 2129 698 2166 der
718 2128 871 2166 F61ziker

211 2197 373 2234 zugegen
390 2187 506 2222 war.“

431 2274 525 2326 Cap.
554 2276 654 2312 XCI.

267 2349 539 2402 ὑποστάντες]
582 2357 620 2391 ιή
652 2354 820 2392 subsidiis
842 2368 870 2394 s.

210 2410 353 2447 insidiis
373 2414 505 2448 stantes
530 2410 655 2448 reddit
670 2411 874 2462 Schweig-

209 2465 340 2503 haeus.
366 2480 590 2518 comparans
620 2467 787 2514 ’ὑπείσας
807 2471 871 2516 III,

214 2523 439 2572 126.V‚1OS
455 2524 508 2575 (in
516 2525 655 2562 insulas
666 2526 872 2574 collocans).

210 2580 373 2631 Propius
407 2579 483 2618 huc
503 2581 593 2618 facit
616 2581 660 2630 V,
690 2584 743 2622 92
774 2584 810 2628 ξ.
831 2586 871 2623 7.

209 2634 436 2688 ’ὑποστῆσαι
457 2640 495 2675 in
525 2638 666 2676 insidiis
688 2639 872 2676 collocare.

209 2693 268 2730 De
287 2694 446 2744 porthmo
461 2694 540 2731 dixi
568 2694 617 2732 ad
637 2696 736 2743 VIII,
760 2699 813 2736 76
836 2703 873 2732 et

211 2748 260 2786 de
279 2752 395 2801 verbo
417 2752 611 2803 κεραΐζειν
634 2753 674 2788 in
695 2759 791 2790 nott.
824 2752 873 2789 ad

210 2806 309 2856 VIII,
330 2810 407 2858 863
439 2808 488 2846 ad
509 2809 626 2847 verba
655 2805 874 2862 φερόμενοι

936 1384 1148 1427 ἐσέπιπτον
1168 1386 1271 1423 conf.
1302 1391 1398 1425 nott.
1428 1382 1476 1421 ad
1496 1384 1597 1432 VIII,

935 1446 1001 1484 87.
1062 1444 1201 1480 Statuit
1220 1450 1349 1480 autem
1370 1443 1412 1479 C.
1430 1442 1474 1479 Ο.
1494 1442 1600 1478 Mal-

934 1502 1002 1539 ler.
1035 1501 1228 1551 Aeginett.
1256 1513 1345 1551 pag.
1381 1498 1458 1539 124
1500 1497 1597 1535 haec

934 1558 1051 1595 verba
1072 1570 1150 1594 non
1172 1556 1220 1594 ad
1242 1558 1323 1594 ilias
1343 1557 1496 1607 triginta
1516 1557 1598 1592 Ae-

933 1616 1152 1665 ginetarum
1171 1627 1300 1661 naves,
1324 1626 1422 1665 quae
1442 1626 1597 1664 pugnae

934 1673 1113 1708 dicuntur
1149 1671 1362 1709 interfuisse
1398 1669 1498 1717 VIII,
1528 1668 1596 1711 45.

931 1728 998 1777 46,
1021 1742 1196 1781 quaeque
1217 1729 1317 1765 intra
1342 1728 1485 1764 fretum
1505 1740 1596 1763 cum

930 1786 1215 1836 Megarensibus
1257 1793 1294 1822 et
1332 1784 1598 1822 Lacedaemo-

931 1844 1002 1880 niis
1022 1850 1212 1891 steterant,
1235 1842 1366 1879 referri
1386 1855 1508 1893 posse,
1528 1840 1596 1878 sed

931 1899 978 1936 de
1007 1901 1167 1937 navibus
1189 1899 1237 1937 ad
1258 1901 1430 1950 Aeginae
1451 1899 1597 1950 praesi-

930 1957 1038 1994 dium
1058 1959 1208 2005 relictis,
1230 1970 1328 2009 quae
1342 1958 1448 2001 ,inter
1467 1958 1595 2007 ipsum

927 2015 1117 2064 proelium
1148 2015 1421 2065 praecluserint
1452 2013 1595 2050 fretum

928 2071 1202 2108 Salaminium:
1234 2072 1287 2107 ita
1307 2077 1350 2107 ut
1370 2071 1493 2107 omnis
1513 2071 1594 2106 Ae-

928 2128 1148 2177 ginetarum
1169 2128 1294 2164 classis
1315 2128 1461 2178 proelio
1476 2127 1595 2164 inter-

929 2185 1055 2222 fuerit.

1138 2274 1231 2325 Cap.
1257 2273 1378 2310 XCII.

985 2351 1062 2405 τήν
1089 2349 1457 2406 προφυλάσσουσαν
1488 2366 1526 2391 κ.
1556 2366 1591 2390 τ.

929 2413 984 2461 L]
1007 2410 1069 2448 Ad
1089 2410 1183 2448 haec
1205 2417 1242 2447 et
1259 2423 1366 2462 seqq.
1388 2409 1490 2446 conf.
1512 2410 1592 2457 V11·‚

932 2471 1008 2509 181
1034 2469 1165 2520 ibique
1185 2474 1281 2506 nott.
1343 2469 1474 2519 Κριοῦ
1493 2473 1595 2504 recte

928 2524 969 2562 h.
999 2525 1024 2561 l.
1045 2527 1228 2576 scriptum
1250 2537 1271 2560 a
1297 2536 1391 2560 voce
1415 2525 1452 2562 K
1466 2538 1513 2574 ρι
1527 2520 1593 2571 ὃς,

929 2583 1035 2619 cuius
1055 2583 1140 2619 loco
1163 2580 1267 2633 quod
1281 2593 1395 2632 supra
1415 2581 1488 2627 Vl,
1523 2581 1591 2623 50.

928 2641 981 2679 73
1004 2646 1124 2676 exstat
1149 2641 1273 2690 Κρῖος
1292 2637 1332 2674 id
1349 2639 1508 2675 omnino
1528 2651 1592 2674 re·-

927 2696 1137 2732 iiciendum
1169 2708 1248 2732 esse
1278 2701 1406 2732 censet
1445 2693 1590 2731 Lehrs:

928 2754 986 2788 De
1007 2751 1215 2789 Aristarchi
1235 2751 1365 2789 studiis
1384 2765 1472 2803 pag.
1498 2752 1593 2798 296,

929 2816 1012 2846 uun
1044 2809 1237 2858 codicum,
1266 2816 1350 2847 tum
1385 2806 1595 2846 Aristarchi

1596 565 1693 593 lerum
1724 565 1877 600 repetunt.
