<?xml version="1.0" encoding="UTF-8"?>
<!DOCTYPE html PUBLIC "-//W3C//DTD XHTML 1.0 Transitional//EN"
    "http://www.w3.org/TR/xhtml1/DTD/xhtml1-transitional.dtd">
<html xmlns="http://www.w3.org/1999/xhtml" xml:lang="en" lang="en">
 <head>
  <title>
</title>
<meta http-equiv="Content-Type" content="text/html;charset=utf-8" />
  <meta name='ocr-system' content='tesseract 3.04.00' />
  <meta name='ocr-capabilities' content='ocr_page ocr_carea ocr_par ocr_line ocrx_word'/>
</head>
<body>
  <div class='ocr_page' id='page_1' title='image "./musaeherodoto04hero/musaeherodoto04hero_0286.png"; bbox 0 0 1879 3222; ppageno 0'>
   <div class='ocr_carea' id='block_1_1' title="bbox 430 145 1289 190">
    <p class='ocr_par' dir='ltr' id='par_1_1' title="bbox 430 145 1289 190">
     <span class='ocr_line' id='line_1_1' title="bbox 430 145 1289 190; baseline -0.009 0"><span class='ocrx_word' id='word_1_1' title='bbox 430 150 514 190; x_wconf 69' lang='lat'>274</span> <span class='ocrx_word' id='word_1_2' title='bbox 835 145 1289 184; x_wconf 83' lang='lat' dir='ltr'>HERODOTI</span> 
     </span>
    </p>
   </div>
   <div class='ocr_carea' id='block_1_2' title="bbox 410 250 1748 773">
    <p class='ocr_par' dir='ltr' id='par_1_2' title="bbox 410 250 1748 773">
     <span class='ocr_line' id='line_1_2' title="bbox 510 250 1481 300; baseline -0.003 -11"><span class='ocrx_word' id='word_1_3' title='bbox 510 255 556 300; x_wconf 88' lang='grc' dir='ltr'><em>τῇ</em></span> <span class='ocrx_word' id='word_1_4' title='bbox 581 253 711 288; x_wconf 77' lang='grc' dir='ltr'><em>πολλοὶ</em></span> <span class='ocrx_word' id='word_1_5' title='bbox 735 252 929 288; x_wconf 66' lang='grc' dir='ltr'><em>πεσέονται</em></span> <span class='ocrx_word' id='word_1_6' title='bbox 945 250 1038 299; x_wconf 65' lang='grc' dir='ltr'><em>’ὑπὲρ</em></span> <span class='ocrx_word' id='word_1_7' title='bbox 1064 253 1220 298; x_wconf 77' lang='grc' dir='ltr'><em>Λάχεσίν</em></span> <span class='ocrx_word' id='word_1_8' title='bbox 1242 265 1281 287; x_wconf 82' lang='grc' dir='ltr'><em>τε</em></span> <span class='ocrx_word' id='word_1_9' title='bbox 1304 251 1421 297; x_wconf 86' lang='grc' dir='ltr'><em>μόρον</em></span> <span class='ocrx_word' id='word_1_10' title='bbox 1443 263 1481 286; x_wconf 85' lang='grc' dir='ltr'><em>τε</em></span> 
     </span>
     <span class='ocr_line' id='line_1_3' title="bbox 513 305 1508 355; baseline -0.003 -9"><span class='ocrx_word' id='word_1_11' title='bbox 513 307 732 355; x_wconf 76' lang='grc' dir='ltr'><em>τοξοφόρων</em></span> <span class='ocrx_word' id='word_1_12' title='bbox 749 309 918 355; x_wconf 78' lang='grc' dir='ltr'><em>Μήδων,</em></span> <span class='ocrx_word' id='word_1_13' title='bbox 943 308 1036 347; x_wconf 78' lang='grc' dir='ltr'><em>ὅταν</em></span> <span class='ocrx_word' id='word_1_14' title='bbox 1064 312 1210 355; x_wconf 82' lang='grc' dir='ltr'><em>αἴσιμον</em></span> <span class='ocrx_word' id='word_1_15' title='bbox 1234 305 1333 355; x_wconf 80' lang='grc' dir='ltr'><em>ἦμαρ</em></span> <span class='ocrx_word' id='word_1_16' title='bbox 1359 309 1508 354; x_wconf 76' lang='grc' dir='ltr'>ἐπέλθῃ.</span> 
     </span>
     <span class='ocr_line' id='line_1_4' title="bbox 410 377 1745 436; baseline -0.002 -16"><span class='ocrx_word' id='word_1_17' title='bbox 410 382 579 423; x_wconf 68' lang='lat' dir='ltr'>stafiva</span> <span class='ocrx_word' id='word_1_18' title='bbox 607 378 687 434; x_wconf 74' lang='grc' dir='ltr'><em>μὲν</em></span> <span class='ocrx_word' id='word_1_19' title='bbox 715 379 788 421; x_wconf 74' lang='grc' dir='ltr'>καὶ</span> <span class='ocrx_word' id='word_1_20' title='bbox 814 380 1097 436; x_wconf 80' lang='grc' dir='ltr'><em>παραπλήσια</em></span> <span class='ocrx_word' id='word_1_21' title='bbox 1126 378 1318 422; x_wconf 85' lang='grc' dir='ltr'><em>τούτοισι</em></span> <span class='ocrx_word' id='word_1_22' title='bbox 1348 378 1454 421; x_wconf 78' lang='grc' dir='ltr'><em>ἄλλα</em></span> <span class='ocrx_word' id='word_1_23' title='bbox 1472 377 1688 435; x_wconf 81' lang='grc' dir='ltr'><em>Μουσαίῳ</em></span> <span class='ocrx_word' id='word_1_24' title='bbox 1701 383 1745 417; x_wconf 88' lang='grc'>80</span> 
     </span>
     <span class='ocr_line' id='line_1_5' title="bbox 437 444 1679 503; baseline -0.002 -12"><span class='ocrx_word' id='word_1_25' title='bbox 437 448 589 503; x_wconf 70' lang='grc' dir='ltr'><em>ἔχοντα</em></span> <span class='ocrx_word' id='word_1_26' title='bbox 619 444 719 489; x_wconf 82' lang='grc' dir='ltr'><em>οἶδα</em></span> <span class='ocrx_word' id='word_1_27' title='bbox 748 446 791 498; x_wconf 76' lang='grc' dir='ltr'>ἐς</span> <span class='ocrx_word' id='word_1_28' title='bbox 823 447 1005 501; x_wconf 84' lang='grc' dir='ltr'><em>Πέρσας.</em></span> <span class='ocrx_word' id='word_1_29' title='bbox 1067 445 1090 489; x_wconf 86' lang='grc' dir='ltr'>ὁ</span> <span class='ocrx_word' id='word_1_30' title='bbox 1135 447 1179 489; x_wconf 80' lang='grc' dir='ltr'>δὲ</span> <span class='ocrx_word' id='word_1_31' title='bbox 1214 446 1458 501; x_wconf 76' lang='grc' dir='ltr'><em>Θερμώδων</em></span> <span class='ocrx_word' id='word_1_32' title='bbox 1486 444 1679 500; x_wconf 81' lang='grc' dir='ltr'><em>ποταμὸς</em></span> 
     </span>
     <span class='ocr_line' id='line_1_6' title="bbox 439 514 1427 570; baseline 0 -12"><span class='ocrx_word' id='word_1_33' title='bbox 439 515 527 569; x_wconf 78' lang='grc' dir='ltr'><em>ῥέει</em></span> <span class='ocrx_word' id='word_1_34' title='bbox 556 514 715 569; x_wconf 82' lang='grc' dir='ltr'><em>μεταξὺ</em></span> <span class='ocrx_word' id='word_1_35' title='bbox 749 514 975 570; x_wconf 73' lang='grc' dir='ltr'><em>Τανάγρης</em></span> <span class='ocrx_word' id='word_1_36' title='bbox 1003 529 1047 556; x_wconf 88' lang='grc' dir='ltr'><em>τε</em></span> <span class='ocrx_word' id='word_1_37' title='bbox 1077 514 1147 556; x_wconf 79' lang='grc' dir='ltr'><em>καὶ</em></span> <span class='ocrx_word' id='word_1_38' title='bbox 1180 516 1427 565; x_wconf 80' lang='grc' dir='ltr'><em>Γλίσαντος.</em></span> 
     </span>
     <span class='ocr_line' id='line_1_7' title="bbox 550 580 1689 638; baseline -0.002 -14"><span class='ocrx_word' id='word_1_39' title='bbox 550 580 673 624; x_wconf 70' lang='grc' dir='ltr'><em>Μετὰ</em></span> <span class='ocrx_word' id='word_1_40' title='bbox 707 582 751 625; x_wconf 76' lang='grc' dir='ltr'>δὲ</span> <span class='ocrx_word' id='word_1_41' title='bbox 781 583 859 638; x_wconf 74' lang='grc' dir='ltr'><em>τήν</em></span> <span class='ocrx_word' id='word_1_42' title='bbox 881 580 1158 635; x_wconf 75' lang='grc' dir='ltr'><em>ἐπειρώτησιν</em></span> <span class='ocrx_word' id='word_1_43' title='bbox 1182 585 1268 623; x_wconf 83' lang='grc' dir='ltr'>τῶν</span> <span class='ocrx_word' id='word_1_44' title='bbox 1290 584 1493 637; x_wconf 73' lang='grc' dir='ltr'><em>χρησμῶν</em></span> <span class='ocrx_word' id='word_1_45' title='bbox 1511 581 1582 624; x_wconf 78' lang='grc' dir='ltr'><em>καὶ</em></span> <span class='ocrx_word' id='word_1_46' title='bbox 1613 596 1689 623; x_wconf 88' lang='grc' dir='ltr'><em>πα-</em></span> 
     </span>
     <span class='ocr_line' id='line_1_8' title="bbox 444 647 1691 704; baseline -0.001 -12"><span class='ocrx_word' id='word_1_47' title='bbox 444 649 638 702; x_wconf 83' lang='grc' dir='ltr'><em>ραίνεσιν</em></span> <span class='ocrx_word' id='word_1_48' title='bbox 665 647 742 704; x_wconf 81' lang='grc' dir='ltr'>τὴν</span> <span class='ocrx_word' id='word_1_49' title='bbox 771 650 816 692; x_wconf 79' lang='grc' dir='ltr'>ἐκ</span> <span class='ocrx_word' id='word_1_50' title='bbox 849 650 1132 701; x_wconf 83' lang='grc' dir='ltr'><em>Μαρδονίου,</em></span> <span class='ocrx_word' id='word_1_51' title='bbox 1171 647 1250 699; x_wconf 82' lang='grc' dir='ltr'><em>νύξ</em></span> <span class='ocrx_word' id='word_1_52' title='bbox 1283 664 1326 691; x_wconf 85' lang='grc' dir='ltr'><em>τε</em></span> <span class='ocrx_word' id='word_1_53' title='bbox 1348 648 1521 703; x_wconf 73' lang='grc' dir='ltr'><em>ἐγίνετο,</em></span> <span class='ocrx_word' id='word_1_54' title='bbox 1547 649 1617 692; x_wconf 82' lang='grc' dir='ltr'><em>καὶ</em></span> <span class='ocrx_word' id='word_1_55' title='bbox 1650 648 1691 700; x_wconf 80' lang='grc' dir='ltr'>ἐς</span> 
     </span>
     <span class='ocr_line' id='line_1_9' title="bbox 417 714 1748 773; baseline -0.002 -15"><span class='ocrx_word' id='word_1_56' title='bbox 417 717 646 773; x_wconf 66' lang='grc' dir='ltr'><em>Ξφυλακάς</em></span> <span class='ocrx_word' id='word_1_57' title='bbox 661 716 904 761; x_wconf 72' lang='grc' dir='ltr'><em>ἐτάσσοντο.</em></span> <span class='ocrx_word' id='word_1_58' title='bbox 952 714 1026 767; x_wconf 76' lang='grc' dir='ltr'>Ὡς</span> <span class='ocrx_word' id='word_1_59' title='bbox 1047 716 1093 759; x_wconf 79' lang='grc' dir='ltr'>δὲ</span> <span class='ocrx_word' id='word_1_60' title='bbox 1111 715 1260 771; x_wconf 86' lang='grc' dir='ltr'><em>πρόσω</em></span> <span class='ocrx_word' id='word_1_61' title='bbox 1288 720 1363 772; x_wconf 84' lang='grc' dir='ltr'><em>τῆς</em></span> <span class='ocrx_word' id='word_1_62' title='bbox 1382 716 1540 769; x_wconf 81' lang='grc' dir='ltr'><em>νυκτός</em></span> <span class='ocrx_word' id='word_1_63' title='bbox 1565 732 1691 770; x_wconf 88' lang='grc' dir='ltr'><em>προε-</em></span> <span class='ocrx_word' id='word_1_64' title='bbox 1704 721 1748 756; x_wconf 88' lang='lat'>85</span> 
     </span>
    </p>
   </div>
   <div class='ocr_carea' id='block_1_3' title="bbox 310 581 377 627">
    <p class='ocr_par' dir='ltr' id='par_1_3' title="bbox 310 581 377 627">
     <span class='ocr_line' id='line_1_10' title="bbox 310 581 377 627; baseline 0.015 -1"><span class='ocrx_word' id='word_1_65' title='bbox 310 581 377 627; x_wconf 78' lang='lat'>44</span> 
     </span>
    </p>
   </div>
   <div class='ocr_carea' id='block_1_4' title="bbox 109 644 387 749">
    <p class='ocr_par' dir='ltr' id='par_1_4' title="bbox 109 644 384 749">
     <span class='ocr_line' id='line_1_11' title="bbox 109 644 384 705; baseline 0.015 -34"><span class='ocrx_word' id='word_1_66' title='bbox 109 644 226 705; x_wconf 43' lang='lat' dir='ltr'>monte·</span> <span class='ocrx_word' id='word_1_67' title='bbox 216 653 299 680; x_wconf 76' lang='lat' dir='ltr'>mseq</span> <span class='ocrx_word' id='word_1_68' title='bbox 305 654 360 674; x_wconf 86' lang='lat' dir='ltr'>uen</span> <span class='ocrx_word' id='word_1_69' title='bbox 363 649 384 676; x_wconf 77' lang='lat' dir='ltr'>ti</span> 
     </span>
     <span class='ocr_line' id='line_1_12' title="bbox 110 679 387 749; baseline 0.004 -10"><span class='ocrx_word' id='word_1_70' title='bbox 110 679 387 749; x_wconf 61' lang='lat' dir='ltr'>‹10⁸{3¹¹‘l{3¹}}³⁰²</span> 
     </span>
    </p>
   </div>
   <div class='ocr_carea' id='block_1_5' title="bbox 383 838 650 845">
    <p class='ocr_par' dir='ltr' id='par_1_5' title="bbox 383 838 650 845">
     <span class='ocr_line' id='line_1_13' title="bbox 383 838 650 845; baseline 0 2377"><span class='ocrx_word' id='word_1_71' title='bbox 383 838 650 845; x_wconf 95' lang='lat' dir='ltr'> </span> 
     </span>
    </p>
   </div>
   <div class='ocr_carea' id='block_1_6' title="bbox 383 903 1054 2765">
    <p class='ocr_par' dir='ltr' id='par_1_6' title="bbox 383 903 1050 2526">
     <span class='ocr_line' id='line_1_14' title="bbox 442 903 1041 974; baseline 0 -25"><span class='ocrx_word' id='word_1_72' title='bbox 442 911 516 952; x_wconf 60' lang='grc' dir='ltr'>’ὑπ</span> <span class='ocrx_word' id='word_1_73' title='bbox 503 909 543 962; x_wconf 79' lang='grc' dir='ltr'>ὲρ</span> <span class='ocrx_word' id='word_1_74' title='bbox 574 906 753 974; x_wconf 75' lang='grc' dir='ltr'><em>Λάχεσίν</em></span> <span class='ocrx_word' id='word_1_75' title='bbox 781 922 821 946; x_wconf 85' lang='grc' dir='ltr'><em>τε</em></span> <span class='ocrx_word' id='word_1_76' title='bbox 850 903 976 960; x_wconf 85' lang='grc' dir='ltr'><em>μόρον</em></span> <span class='ocrx_word' id='word_1_77' title='bbox 1001 923 1041 949; x_wconf 84' lang='grc' dir='ltr'><em>τε</em></span> 
     </span>
     <span class='ocr_line' id='line_1_15' title="bbox 384 961 1042 1031; baseline -0.011 -22"><span class='ocrx_word' id='word_1_78' title='bbox 384 965 619 1019; x_wconf 83' lang='grc' dir='ltr'><em>τοξοφόρων</em></span> <span class='ocrx_word' id='word_1_79' title='bbox 642 961 817 1031; x_wconf 70' lang='grc' dir='ltr'><em>Μήδων]</em></span> <span class='ocrx_word' id='word_1_80' title='bbox 840 967 922 1002; x_wconf 83' lang='lat' dir='ltr'>Hoc</span> <span class='ocrx_word' id='word_1_81' title='bbox 943 979 1042 1018; x_wconf 85' lang='lat' dir='ltr'>quo-</span> 
     </span>
     <span class='ocr_line' id='line_1_16' title="bbox 386 1024 1041 1077; baseline -0.003 -16"><span class='ocrx_word' id='word_1_82' title='bbox 386 1038 459 1077; x_wconf 90' lang='lat' dir='ltr'>que</span> <span class='ocrx_word' id='word_1_83' title='bbox 479 1025 519 1060; x_wconf 93' lang='lat' dir='ltr'>in</span> <span class='ocrx_word' id='word_1_84' title='bbox 534 1024 708 1060; x_wconf 88' lang='lat' dir='ltr'>memori</span> <span class='ocrx_word' id='word_1_85' title='bbox 701 1034 760 1057; x_wconf 81' lang='lat' dir='ltr'>nn</span> <span class='ocrx_word' id='word_1_86' title='bbox 773 1029 881 1059; x_wconf 84' lang='lat' dir='ltr'>vocat</span> <span class='ocrx_word' id='word_1_87' title='bbox 895 1024 1041 1059; x_wconf 89' lang='lat' dir='ltr'>Home-</span> 
     </span>
     <span class='ocr_line' id='line_1_17' title="bbox 385 1073 1042 1148; baseline -0.003 -30"><span class='ocrx_word' id='word_1_88' title='bbox 385 1083 486 1118; x_wconf 83' lang='lat' dir='ltr'>rica:</span> <span class='ocrx_word' id='word_1_89' title='bbox 526 1077 625 1148; x_wconf 64' lang='grc' dir='ltr'><em>’ὑπὲρ</em></span> <span class='ocrx_word' id='word_1_90' title='bbox 655 1073 781 1130; x_wconf 83' lang='grc' dir='ltr'><em>μόρον</em></span> <span class='ocrx_word' id='word_1_91' title='bbox 818 1078 940 1130; x_wconf 88' lang='lat' dir='ltr'>(quod</span> <span class='ocrx_word' id='word_1_92' title='bbox 972 1093 1042 1116; x_wconf 82' lang='lat' dir='ltr'>ex—</span> 
     </span>
     <span class='ocr_line' id='line_1_18' title="bbox 384 1133 1041 1189; baseline 0 -15"><span class='ocrx_word' id='word_1_93' title='bbox 384 1143 533 1189; x_wconf 88' lang='lat' dir='ltr'>ponunt</span> <span class='ocrx_word' id='word_1_94' title='bbox 544 1133 642 1187; x_wconf 76' lang='grc' dir='ltr'><em>υπὲρ</em></span> <span class='ocrx_word' id='word_1_95' title='bbox 654 1133 697 1175; x_wconf 68' lang='lat' dir='ltr'>vd</span> <span class='ocrx_word' id='word_1_96' title='bbox 711 1135 927 1186; x_wconf 81' lang='grc' dir='ltr'><em>προσῆκον,</em></span> <span class='ocrx_word' id='word_1_97' title='bbox 939 1133 1041 1187; x_wconf 68' lang='grc' dir='ltr'><em>’ὑπὲρ</em></span> 
     </span>
     <span class='ocr_line' id='line_1_19' title="bbox 384 1190 1041 1245; baseline -0.011 -12"><span class='ocrx_word' id='word_1_98' title='bbox 384 1191 428 1233; x_wconf 64' lang='lat' dir='ltr'>to*</span> <span class='ocrx_word' id='word_1_99' title='bbox 461 1192 711 1245; x_wconf 75' lang='grc' dir='ltr'><em>εἱμαρμένον)</em></span> <span class='ocrx_word' id='word_1_100' title='bbox 742 1190 943 1243; x_wconf 84' lang='lat' dir='ltr'>Odyss.1,</span> <span class='ocrx_word' id='word_1_101' title='bbox 975 1192 1041 1233; x_wconf 78' lang='lat'>34.</span> 
     </span>
     <span class='ocr_line' id='line_1_20' title="bbox 383 1244 1042 1299; baseline -0.002 -13"><span class='ocrx_word' id='word_1_102' title='bbox 383 1251 426 1287; x_wconf 90' lang='lat' dir='ltr'>ll.</span> <span class='ocrx_word' id='word_1_103' title='bbox 446 1250 546 1295; x_wconf 89' lang='lat' dir='ltr'>XX,</span> <span class='ocrx_word' id='word_1_104' title='bbox 578 1250 681 1295; x_wconf 80' lang='lat'>3363</span> <span class='ocrx_word' id='word_1_105' title='bbox 715 1244 815 1299; x_wconf 72' lang='grc' dir='ltr'><em>’ὑπὲρ</em></span> <span class='ocrx_word' id='word_1_106' title='bbox 853 1244 970 1287; x_wconf 79' lang='grc' dir='ltr'><em>αἶσαν</em></span> <span class='ocrx_word' id='word_1_107' title='bbox 996 1250 1042 1287; x_wconf 89' lang='grc' dir='ltr'>ΙΙ.</span> 
     </span>
     <span class='ocr_line' id='line_1_21' title="bbox 383 1302 1043 1353; baseline -0.002 -11"><span class='ocrx_word' id='word_1_108' title='bbox 383 1307 455 1353; x_wconf 92' lang='lat' dir='ltr'>VI,</span> <span class='ocrx_word' id='word_1_109' title='bbox 486 1304 580 1345; x_wconf 82' lang='lat'><strong>487.</strong></span> <span class='ocrx_word' id='word_1_110' title='bbox 604 1303 708 1341; x_wconf 85' lang='lat' dir='ltr'>Medi</span> <span class='ocrx_word' id='word_1_111' title='bbox 728 1302 906 1342; x_wconf 81' lang='lat' dir='ltr'>dicuntur</span> <span class='ocrx_word' id='word_1_112' title='bbox 925 1307 1043 1353; x_wconf 79' lang='lat' dir='ltr'>sagit-</span> 
     </span>
     <span class='ocr_line' id='line_1_22' title="bbox 384 1360 1044 1412; baseline -0.002 -13"><span class='ocrx_word' id='word_1_113' title='bbox 384 1361 505 1412; x_wconf 64' lang='lat' dir='ltr'>taeferi,</span> <span class='ocrx_word' id='word_1_114' title='bbox 526 1367 699 1398; x_wconf 87' lang='lat' dir='ltr'>nontam</span> <span class='ocrx_word' id='word_1_115' title='bbox 720 1360 768 1396; x_wconf 92' lang='lat' dir='ltr'>ob</span> <span class='ocrx_word' id='word_1_116' title='bbox 788 1360 827 1397; x_wconf 89' lang='lat' dir='ltr'>id</span> <span class='ocrx_word' id='word_1_117' title='bbox 848 1374 1044 1398; x_wconf 87' lang='lat' dir='ltr'>armorum</span> 
     </span>
     <span class='ocr_line' id='line_1_23' title="bbox 385 1416 1042 1470; baseline -0.002 -16"><span class='ocrx_word' id='word_1_118' title='bbox 385 1431 505 1468; x_wconf 86' lang='lat' dir='ltr'>genus</span> <span class='ocrx_word' id='word_1_119' title='bbox 521 1446 531 1465; x_wconf 90' lang='lat'>,</span> <span class='ocrx_word' id='word_1_120' title='bbox 553 1416 601 1454; x_wconf 88' lang='lat' dir='ltr'>de</span> <span class='ocrx_word' id='word_1_121' title='bbox 622 1430 697 1470; x_wconf 89' lang='lat' dir='ltr'>quo</span> <span class='ocrx_word' id='word_1_122' title='bbox 717 1418 852 1454; x_wconf 83' lang='lat' dir='ltr'>Noster</span> <span class='ocrx_word' id='word_1_123' title='bbox 871 1418 952 1466; x_wconf 78' lang='lat' dir='ltr'>vll,</span> <span class='ocrx_word' id='word_1_124' title='bbox 975 1421 1042 1466; x_wconf 88' lang='lat'>61,</span> 
     </span>
     <span class='ocr_line' id='line_1_24' title="bbox 385 1472 1043 1526; baseline 0 -16"><span class='ocrx_word' id='word_1_125' title='bbox 385 1477 439 1516; x_wconf 79' lang='lat'>62</span> <span class='ocrx_word' id='word_1_126' title='bbox 455 1502 465 1522; x_wconf 89' lang='lat'>,</span> <span class='ocrx_word' id='word_1_127' title='bbox 497 1487 612 1526; x_wconf 78' lang='lat' dir='ltr'>quam</span> <span class='ocrx_word' id='word_1_128' title='bbox 634 1472 737 1525; x_wconf 90' lang='lat' dir='ltr'>quod</span> <span class='ocrx_word' id='word_1_129' title='bbox 766 1475 803 1509; x_wconf 91' lang='lat' dir='ltr'>in</span> <span class='ocrx_word' id='word_1_130' title='bbox 824 1475 1043 1512; x_wconf 80' lang='lat' dir='ltr'>universum</span> 
     </span>
     <span class='ocr_line' id='line_1_25' title="bbox 384 1529 1047 1581; baseline 0.002 -14"><span class='ocrx_word' id='word_1_131' title='bbox 384 1529 488 1581; x_wconf 88' lang='lat' dir='ltr'>apud</span> <span class='ocrx_word' id='word_1_132' title='bbox 526 1537 657 1580; x_wconf 84' lang='lat' dir='ltr'>gentes</span> <span class='ocrx_word' id='word_1_133' title='bbox 696 1530 894 1568; x_wconf 80' lang='lat' dir='ltr'><strong>orientales</strong></span> <span class='ocrx_word' id='word_1_134' title='bbox 926 1531 1047 1580; x_wconf 78' lang='lat' dir='ltr'>viguit</span> 
     </span>
     <span class='ocr_line' id='line_1_26' title="bbox 386 1588 1047 1636; baseline 0.002 -14"><span class='ocrx_word' id='word_1_135' title='bbox 386 1599 544 1622; x_wconf 86' lang='lat' dir='ltr'>arcuum</span> <span class='ocrx_word' id='word_1_136' title='bbox 583 1599 641 1623; x_wconf 91' lang='lat' dir='ltr'>ars</span> <span class='ocrx_word' id='word_1_137' title='bbox 680 1593 793 1636; x_wconf 88' lang='lat' dir='ltr'>atque</span> <span class='ocrx_word' id='word_1_138' title='bbox 824 1600 912 1623; x_wconf 88' lang='lat' dir='ltr'>usus</span> <span class='ocrx_word' id='word_1_139' title='bbox 940 1588 1047 1623; x_wconf 87' lang='lat' dir='ltr'>aliter</span> 
     </span>
     <span class='ocr_line' id='line_1_27' title="bbox 387 1641 1047 1694; baseline -0.002 -15"><span class='ocrx_word' id='word_1_140' title='bbox 387 1649 501 1694; x_wconf 79' lang='lat' dir='ltr'>atque</span> <span class='ocrx_word' id='word_1_141' title='bbox 515 1641 617 1692; x_wconf 86' lang='lat' dir='ltr'>apud</span> <span class='ocrx_word' id='word_1_142' title='bbox 629 1643 813 1680; x_wconf 83' lang='lat' dir='ltr'>Graecos·</span> <span class='ocrx_word' id='word_1_143' title='bbox 841 1642 888 1678; x_wconf 88' lang='lat' dir='ltr'>de</span> <span class='ocrx_word' id='word_1_144' title='bbox 908 1656 983 1693; x_wconf 83' lang='lat' dir='ltr'>quo</span> <span class='ocrx_word' id='word_1_145' title='bbox 998 1643 1047 1679; x_wconf 88' lang='lat' dir='ltr'>cf.</span> 
     </span>
     <span class='ocr_line' id='line_1_28' title="bbox 385 1696 1046 1748; baseline 0 -14"><span class='ocrx_word' id='word_1_146' title='bbox 385 1698 444 1745; x_wconf 91' lang='lat' dir='ltr'>V,</span> <span class='ocrx_word' id='word_1_147' title='bbox 465 1696 533 1737; x_wconf 78' lang='lat'>49</span> <span class='ocrx_word' id='word_1_148' title='bbox 554 1718 610 1725; x_wconf 89' lang='lat'>·—</span> <span class='ocrx_word' id='word_1_149' title='bbox 635 1696 796 1747; x_wconf 85' lang='grc' dir='ltr'><em>αἰσιμον</em></span> <span class='ocrx_word' id='word_1_150' title='bbox 825 1713 932 1748; x_wconf 73' lang='grc' dir='ltr'><em>ημαρ</em></span> <span class='ocrx_word' id='word_1_151' title='bbox 962 1696 1046 1748; x_wconf 87' lang='lat' dir='ltr'>(fa-</span> 
     </span>
     <span class='ocr_line' id='line_1_29' title="bbox 388 1753 1047 1803; baseline -0.002 -13"><span class='ocrx_word' id='word_1_152' title='bbox 388 1753 475 1791; x_wconf 78' lang='lat' dir='ltr'>talis</span> <span class='ocrx_word' id='word_1_153' title='bbox 506 1753 580 1790; x_wconf 69' lang='lat' dir='ltr'>dees</span> <span class='ocrx_word' id='word_1_154' title='bbox 616 1766 646 1790; x_wconf 94' lang='grc'>3.</span> <span class='ocrx_word' id='word_1_155' title='bbox 685 1753 791 1803; x_wconf 84' lang='lat' dir='ltr'>mors)</span> <span class='ocrx_word' id='word_1_156' title='bbox 833 1756 1047 1790; x_wconf 80' lang='lat' dir='ltr'>Homerum</span> 
     </span>
     <span class='ocr_line' id='line_1_30' title="bbox 389 1807 1047 1861; baseline 0.002 -15"><span class='ocrx_word' id='word_1_157' title='bbox 389 1821 544 1861; x_wconf 87' lang='lat' dir='ltr'>quoque</span> <span class='ocrx_word' id='word_1_158' title='bbox 586 1807 750 1856; x_wconf 77' lang='lat' dir='ltr'>redolet,</span> <span class='ocrx_word' id='word_1_159' title='bbox 789 1822 906 1860; x_wconf 84' lang='lat' dir='ltr'>quem</span> <span class='ocrx_word' id='word_1_160' title='bbox 947 1810 1047 1848; x_wconf 86' lang='lat' dir='ltr'>conf.</span> 
     </span>
     <span class='ocr_line' id='line_1_31' title="bbox 389 1865 1048 1917; baseline 0.003 -15"><span class='ocrx_word' id='word_1_161' title='bbox 389 1867 434 1902; x_wconf 90' lang='lat' dir='ltr'>Il.</span> <span class='ocrx_word' id='word_1_162' title='bbox 457 1865 556 1912; x_wconf 87' lang='lat' dir='ltr'>VIII,</span> <span class='ocrx_word' id='word_1_163' title='bbox 578 1867 648 1906; x_wconf 82' lang='lat'>72.</span> <span class='ocrx_word' id='word_1_164' title='bbox 661 1866 893 1913; x_wconf 75' lang='lat' dir='ltr'>XX11,212.</span> <span class='ocrx_word' id='word_1_165' title='bbox 915 1865 1048 1917; x_wconf 77' lang='lat' dir='ltr'>Odyss-</span> 
     </span>
     <span class='ocr_line' id='line_1_32' title="bbox 389 1922 1049 1969; baseline 0 -10"><span class='ocrx_word' id='word_1_166' title='bbox 389 1922 500 1969; x_wconf 86' lang='lat' dir='ltr'>XVI,</span> <span class='ocrx_word' id='word_1_167' title='bbox 547 1923 643 1962; x_wconf 79' lang='lat'><strong>280.</strong></span> <span class='ocrx_word' id='word_1_168' title='bbox 713 1922 792 1959; x_wconf 85' lang='lat' dir='ltr'>Nec</span> <span class='ocrx_word' id='word_1_169' title='bbox 830 1922 903 1958; x_wconf 90' lang='lat' dir='ltr'>alio</span> <span class='ocrx_word' id='word_1_170' title='bbox 937 1936 1049 1959; x_wconf 88' lang='lat' dir='ltr'>sensu</span> 
     </span>
     <span class='ocr_line' id='line_1_33' title="bbox 390 1971 1049 2030; baseline -0.005 -13"><span class='ocrx_word' id='word_1_171' title='bbox 390 1974 586 2030; x_wconf 85' lang='grc' dir='ltr'><em>μόρσιμον</em></span> <span class='ocrx_word' id='word_1_172' title='bbox 598 1971 704 2029; x_wconf 75' lang='grc' dir='ltr'><em>ἦμαρ</em></span> <span class='ocrx_word' id='word_1_173' title='bbox 721 1979 759 2014; x_wconf 90' lang='lat' dir='ltr'>in</span> <span class='ocrx_word' id='word_1_174' title='bbox 775 1978 819 2015; x_wconf 90' lang='lat' dir='ltr'>Il.</span> <span class='ocrx_word' id='word_1_175' title='bbox 834 1979 942 2026; x_wconf 87' lang='lat' dir='ltr'>XXI,</span> <span class='ocrx_word' id='word_1_176' title='bbox 956 1982 1049 2019; x_wconf 87' lang='lat'>100.</span> 
     </span>
     <span class='ocr_line' id='line_1_34' title="bbox 391 2031 1049 2082; baseline -0.002 -10"><span class='ocrx_word' id='word_1_177' title='bbox 391 2035 543 2072; x_wconf 85' lang='lat' dir='ltr'>Excitat</span> <span class='ocrx_word' id='word_1_178' title='bbox 563 2031 600 2072; x_wconf 92' lang='lat' dir='ltr'>h.</span> <span class='ocrx_word' id='word_1_179' title='bbox 623 2034 650 2070; x_wconf 88' lang='lat' dir='ltr'>l.</span> <span class='ocrx_word' id='word_1_180' title='bbox 670 2034 721 2070; x_wconf 80' lang='lat' dir='ltr'>ita</span> <span class='ocrx_word' id='word_1_181' title='bbox 742 2033 959 2071; x_wconf 85' lang='lat' dir='ltr'>distinctum</span> <span class='ocrx_word' id='word_1_182' title='bbox 972 2064 981 2082; x_wconf 83' lang='lat'>‚</span> <span class='ocrx_word' id='word_1_183' title='bbox 1006 2042 1049 2072; x_wconf 90' lang='lat' dir='ltr'>ut</span> 
     </span>
     <span class='ocr_line' id='line_1_35' title="bbox 390 2088 1050 2139; baseline 0 -11"><span class='ocrx_word' id='word_1_184' title='bbox 390 2103 461 2128; x_wconf 90' lang='lat' dir='ltr'>nos</span> <span class='ocrx_word' id='word_1_185' title='bbox 489 2088 754 2139; x_wconf 82' lang='lat' dir='ltr'>exhibuimus,</span> <span class='ocrx_word' id='word_1_186' title='bbox 781 2089 977 2128; x_wconf 78' lang='lat' dir='ltr'>Schaefer.</span> <span class='ocrx_word' id='word_1_187' title='bbox 1002 2090 1050 2128; x_wconf 89' lang='lat' dir='ltr'>ad</span> 
     </span>
     <span class='ocr_line' id='line_1_36' title="bbox 391 2147 1050 2199; baseline 0 -14"><span class='ocrx_word' id='word_1_188' title='bbox 391 2147 550 2198; x_wconf 87' lang='lat' dir='ltr'>Dionys.</span> <span class='ocrx_word' id='word_1_189' title='bbox 601 2147 724 2184; x_wconf 86' lang='lat' dir='ltr'>Halic.</span> <span class='ocrx_word' id='word_1_190' title='bbox 775 2148 834 2185; x_wconf 90' lang='lat' dir='ltr'>De</span> <span class='ocrx_word' id='word_1_191' title='bbox 881 2161 1050 2199; x_wconf 87' lang='lat' dir='ltr'>compos.</span> 
     </span>
     <span class='ocr_line' id='line_1_37' title="bbox 392 2202 1049 2253; baseline 0 -11"><span class='ocrx_word' id='word_1_192' title='bbox 392 2203 524 2242; x_wconf 85' lang='lat' dir='ltr'>verbb.</span> <span class='ocrx_word' id='word_1_193' title='bbox 559 2215 645 2253; x_wconf 80' lang='lat' dir='ltr'>pag.</span> <span class='ocrx_word' id='word_1_194' title='bbox 675 2204 757 2243; x_wconf 80' lang='lat'>210</span> <span class='ocrx_word' id='word_1_195' title='bbox 788 2202 835 2240; x_wconf 90' lang='lat' dir='ltr'>de</span> <span class='ocrx_word' id='word_1_196' title='bbox 863 2205 1049 2242; x_wconf 75' lang='lat' dir='ltr'>vocabulo</span> 
     </span>
     <span class='ocr_line' id='line_1_38' title="bbox 392 2256 1050 2312; baseline 0 -14"><span class='ocrx_word' id='word_1_197' title='bbox 392 2256 514 2312; x_wconf 88' lang='grc' dir='ltr'><em>μόρος</em></span> <span class='ocrx_word' id='word_1_198' title='bbox 540 2256 693 2311; x_wconf 80' lang='lat' dir='ltr'>(fatum)</span> <span class='ocrx_word' id='word_1_199' title='bbox 728 2258 933 2311; x_wconf 80' lang='lat' dir='ltr'>disputans.</span> <span class='ocrx_word' id='word_1_200' title='bbox 965 2262 1050 2298; x_wconf 84' lang='lat' dir='ltr'>Mo-</span> 
     </span>
     <span class='ocr_line' id='line_1_39' title="bbox 392 2314 1048 2366; baseline 0.005 -14"><span class='ocrx_word' id='word_1_201' title='bbox 392 2317 476 2353; x_wconf 88' lang='lat' dir='ltr'>nuit</span> <span class='ocrx_word' id='word_1_202' title='bbox 506 2314 710 2354; x_wconf 75' lang='lat' dir='ltr'>Creuzems.</span> <span class='ocrx_word' id='word_1_203' title='bbox 748 2317 804 2354; x_wconf 87' lang='lat' dir='ltr'>Cf.</span> <span class='ocrx_word' id='word_1_204' title='bbox 836 2316 976 2354; x_wconf 83' lang='lat' dir='ltr'><strong>Herod.</strong></span> <span class='ocrx_word' id='word_1_205' title='bbox 1003 2318 1048 2366; x_wconf 90' lang='lat' dir='ltr'>V,</span> 
     </span>
     <span class='ocr_line' id='line_1_40' title="bbox 394 2369 1049 2424; baseline 0 -12"><span class='ocrx_word' id='word_1_206' title='bbox 394 2374 462 2412; x_wconf 86' lang='lat'>21.</span> <span class='ocrx_word' id='word_1_207' title='bbox 483 2391 539 2400; x_wconf 90' lang='lat'>-</span> <span class='ocrx_word' id='word_1_208' title='bbox 573 2370 635 2408; x_wconf 89' lang='lat' dir='ltr'>Ad</span> <span class='ocrx_word' id='word_1_209' title='bbox 655 2384 766 2410; x_wconf 85' lang='lat' dir='ltr'>voces</span> <span class='ocrx_word' id='word_1_210' title='bbox 793 2369 1049 2424; x_wconf 79' lang='grc' dir='ltr'><em>παραπλήσια</em></span> 
     </span>
     <span class='ocr_line' id='line_1_41' title="bbox 394 2426 1049 2468; baseline 0.002 -2"><span class='ocrx_word' id='word_1_211' title='bbox 394 2426 570 2467; x_wconf 83' lang='grc' dir='ltr'><em>τούτοισι</em></span> <span class='ocrx_word' id='word_1_212' title='bbox 582 2428 745 2465; x_wconf 85' lang='lat' dir='ltr'>conferri</span> <span class='ocrx_word' id='word_1_213' title='bbox 763 2430 897 2467; x_wconf 85' lang='lat' dir='ltr'>volunt</span> <span class='ocrx_word' id='word_1_214' title='bbox 918 2428 1049 2468; x_wconf 88' lang='lat' dir='ltr'>Schol.</span> 
     </span>
     <span class='ocr_line' id='line_1_42' title="bbox 396 2483 836 2526; baseline 0.009 -7"><span class='ocrx_word' id='word_1_215' title='bbox 396 2483 573 2523; x_wconf 88' lang='lat' dir='ltr'>Nicandr.</span> <span class='ocrx_word' id='word_1_216' title='bbox 595 2483 715 2522; x_wconf 86' lang='lat' dir='ltr'>Ther.</span> <span class='ocrx_word' id='word_1_217' title='bbox 739 2484 836 2526; x_wconf 83' lang='lat'>400.</span> 
     </span>
    </p>

    <p class='ocr_par' dir='ltr' id='par_1_7' title="bbox 398 2537 1054 2765">
     <span class='ocr_line' id='line_1_43' title="bbox 455 2537 1053 2593; baseline 0.005 -15"><span class='ocrx_word' id='word_1_218' title='bbox 455 2537 596 2589; x_wconf 77' lang='grc' dir='ltr'><em>μεταξῦ</em></span> <span class='ocrx_word' id='word_1_219' title='bbox 648 2537 854 2593; x_wconf 77' lang='grc' dir='ltr'><em>Τανάγρης</em></span> <span class='ocrx_word' id='word_1_220' title='bbox 897 2556 939 2581; x_wconf 88' lang='grc' dir='ltr'><em>τε</em></span> <span class='ocrx_word' id='word_1_221' title='bbox 984 2539 1053 2581; x_wconf 79' lang='grc' dir='ltr'><em>καὶ</em></span> 
     </span>
     <span class='ocr_line' id='line_1_44' title="bbox 398 2593 1054 2648; baseline 0.006 -16"><span class='ocrx_word' id='word_1_222' title='bbox 398 2593 628 2648; x_wconf 76' lang='grc' dir='ltr'><em>Γλίσαντος]</em></span> <span class='ocrx_word' id='word_1_223' title='bbox 659 2599 716 2634; x_wconf 87' lang='lat' dir='ltr'>De</span> <span class='ocrx_word' id='word_1_224' title='bbox 761 2596 936 2647; x_wconf 81' lang='lat' dir='ltr'><strong><em>Tanagra</em></strong></span> <span class='ocrx_word' id='word_1_225' title='bbox 975 2597 1054 2636; x_wconf 82' lang='lat' dir='ltr'>vid.</span> 
     </span>
     <span class='ocr_line' id='line_1_45' title="bbox 398 2650 1052 2704; baseline 0.002 -11"><span class='ocrx_word' id='word_1_226' title='bbox 398 2656 494 2688; x_wconf 81' lang='lat' dir='ltr'>nott.</span> <span class='ocrx_word' id='word_1_227' title='bbox 525 2650 573 2687; x_wconf 74' lang='lat' dir='ltr'>ad</span> <span class='ocrx_word' id='word_1_228' title='bbox 602 2653 678 2700; x_wconf 89' lang='lat' dir='ltr'>IX,</span> <span class='ocrx_word' id='word_1_229' title='bbox 720 2653 785 2695; x_wconf 88' lang='lat'>15.</span> <span class='ocrx_word' id='word_1_230' title='bbox 826 2655 1052 2704; x_wconf 78' lang='grc' dir='ltr'><em>Γλίσαντος,</em></span> 
     </span>
     <span class='ocr_line' id='line_1_46' title="bbox 403 2706 1052 2765; baseline 0.015 -24"><span class='ocrx_word' id='word_1_231' title='bbox 403 2706 509 2743; x_wconf 85' lang='lat' dir='ltr'>cuius</span> <span class='ocrx_word' id='word_1_232' title='bbox 521 2706 605 2744; x_wconf 93' lang='lat' dir='ltr'>loco</span> <span class='ocrx_word' id='word_1_233' title='bbox 617 2709 690 2758; x_wconf 81' lang='lat' dir='ltr'>alii,</span> <span class='ocrx_word' id='word_1_234' title='bbox 712 2717 753 2748; x_wconf 88' lang='lat' dir='ltr'>ut</span> <span class='ocrx_word' id='word_1_235' title='bbox 762 2709 946 2763; x_wconf 81' lang='lat' dir='ltr'>Stephan.</span> <span class='ocrx_word' id='word_1_236' title='bbox 957 2713 1052 2765; x_wconf 76' lang='lat' dir='ltr'>Byz-</span> 
     </span>
    </p>
   </div>
   <div class='ocr_carea' id='block_1_7' title="bbox 1095 909 1757 1862">
    <p class='ocr_par' dir='ltr' id='par_1_8' title="bbox 1095 909 1757 1862">
     <span class='ocr_line' id='line_1_47' title="bbox 1095 909 1747 960; baseline 0.003 -13"><span class='ocrx_word' id='word_1_237' title='bbox 1095 923 1125 949; x_wconf 87' lang='grc'>3.</span> <span class='ocrx_word' id='word_1_238' title='bbox 1154 923 1192 947; x_wconf 82' lang='lat' dir='ltr'>v.</span> <span class='ocrx_word' id='word_1_239' title='bbox 1243 922 1331 960; x_wconf 79' lang='lat' dir='ltr'>pag.</span> <span class='ocrx_word' id='word_1_240' title='bbox 1369 909 1468 957; x_wconf 79' lang='lat'>275,</span> <span class='ocrx_word' id='word_1_241' title='bbox 1501 909 1747 957; x_wconf 66' lang='grc' dir='ltr'><em>Γλίσσαντος,</em></span> 
     </span>
     <span class='ocr_line' id='line_1_48' title="bbox 1097 966 1750 1004; baseline -0.003 0"><span class='ocrx_word' id='word_1_242' title='bbox 1097 979 1229 1004; x_wconf 89' lang='lat' dir='ltr'>omnes</span> <span class='ocrx_word' id='word_1_243' title='bbox 1249 967 1332 1003; x_wconf 82' lang='lat' dir='ltr'>libri</span> <span class='ocrx_word' id='word_1_244' title='bbox 1350 966 1555 1003; x_wconf 88' lang='lat' dir='ltr'>Herodotei</span> <span class='ocrx_word' id='word_1_245' title='bbox 1569 966 1750 1004; x_wconf 83' lang='lat' dir='ltr'>exhibent</span> 
     </span>
     <span class='ocr_line' id='line_1_49' title="bbox 1097 1024 1749 1074; baseline -0.002 -14"><span class='ocrx_word' id='word_1_246' title='bbox 1097 1025 1264 1074; x_wconf 84' lang='lat' dir='ltr'>itemque</span> <span class='ocrx_word' id='word_1_247' title='bbox 1289 1024 1492 1060; x_wconf 73' lang='lat' dir='ltr'>Pausanias</span> <span class='ocrx_word' id='word_1_248' title='bbox 1512 1025 1587 1071; x_wconf 88' lang='lat' dir='ltr'>IX,</span> <span class='ocrx_word' id='word_1_249' title='bbox 1629 1026 1679 1064; x_wconf 82' lang='lat'>19</span> <span class='ocrx_word' id='word_1_250' title='bbox 1711 1024 1749 1068; x_wconf 83' lang='lat'>§.</span> 
     </span>
     <span class='ocr_line' id='line_1_50' title="bbox 1098 1081 1751 1131; baseline 0 -16"><span class='ocrx_word' id='word_1_251' title='bbox 1098 1083 1143 1127; x_wconf 82' lang='lat'>2,</span> <span class='ocrx_word' id='word_1_252' title='bbox 1164 1081 1229 1115; x_wconf 90' lang='lat' dir='ltr'>ubi</span> <span class='ocrx_word' id='word_1_253' title='bbox 1251 1081 1340 1116; x_wconf 80' lang='lat' dir='ltr'>alios</span> <span class='ocrx_word' id='word_1_254' title='bbox 1362 1092 1514 1131; x_wconf 84' lang='lat' dir='ltr'>quoque</span> <span class='ocrx_word' id='word_1_255' title='bbox 1535 1082 1673 1117; x_wconf 83' lang='lat' dir='ltr'>excitat</span> <span class='ocrx_word' id='word_1_256' title='bbox 1691 1086 1751 1115; x_wconf 85' lang='lat' dir='ltr'>te-</span> 
     </span>
     <span class='ocr_line' id='line_1_51' title="bbox 1097 1135 1751 1186; baseline -0.002 -13"><span class='ocrx_word' id='word_1_257' title='bbox 1097 1143 1170 1173; x_wconf 89' lang='lat' dir='ltr'>stes</span> <span class='ocrx_word' id='word_1_258' title='bbox 1191 1136 1349 1173; x_wconf 80' lang='lat' dir='ltr'>Siebelis</span> <span class='ocrx_word' id='word_1_259' title='bbox 1368 1135 1415 1172; x_wconf 89' lang='lat' dir='ltr'>ad</span> <span class='ocrx_word' id='word_1_260' title='bbox 1435 1138 1466 1186; x_wconf 79' lang='grc' dir='ltr'>Ι,</span> <span class='ocrx_word' id='word_1_261' title='bbox 1488 1135 1541 1176; x_wconf 84' lang='grc'>44</span> <span class='ocrx_word' id='word_1_262' title='bbox 1563 1138 1599 1182; x_wconf 80' lang='lat'>§.</span> <span class='ocrx_word' id='word_1_263' title='bbox 1618 1140 1642 1177; x_wconf 91' lang='lat'>7</span> <span class='ocrx_word' id='word_1_264' title='bbox 1663 1148 1751 1186; x_wconf 83' lang='lat' dir='ltr'>pag.</span> 
     </span>
     <span class='ocr_line' id='line_1_52' title="bbox 1099 1192 1752 1233; baseline 0 -4"><span class='ocrx_word' id='word_1_265' title='bbox 1099 1193 1178 1233; x_wconf 88' lang='lat'>155</span> <span class='ocrx_word' id='word_1_266' title='bbox 1201 1192 1249 1229; x_wconf 83' lang='lat' dir='ltr'>de</span> <span class='ocrx_word' id='word_1_267' title='bbox 1269 1192 1413 1230; x_wconf 78' lang='lat' dir='ltr'>diversa</span> <span class='ocrx_word' id='word_1_268' title='bbox 1439 1200 1615 1230; x_wconf 85' lang='lat' dir='ltr'>accentus</span> <span class='ocrx_word' id='word_1_269' title='bbox 1636 1194 1752 1229; x_wconf 85' lang='lat' dir='ltr'>ratio-</span> 
     </span>
     <span class='ocr_line' id='line_1_53' title="bbox 1097 1251 1752 1301; baseline 0 -16"><span class='ocrx_word' id='word_1_270' title='bbox 1097 1262 1147 1285; x_wconf 85' lang='lat' dir='ltr'>ne</span> <span class='ocrx_word' id='word_1_271' title='bbox 1168 1262 1320 1301; x_wconf 86' lang='lat' dir='ltr'>quoque</span> <span class='ocrx_word' id='word_1_272' title='bbox 1349 1262 1523 1286; x_wconf 87' lang='lat' dir='ltr'>monens.</span> <span class='ocrx_word' id='word_1_273' title='bbox 1579 1251 1678 1286; x_wconf 84' lang='lat' dir='ltr'>Nam</span> <span class='ocrx_word' id='word_1_274' title='bbox 1716 1255 1752 1285; x_wconf 90' lang='lat' dir='ltr'>et</span> 
     </span>
     <span class='ocr_line' id='line_1_54' title="bbox 1097 1303 1753 1357; baseline -0.003 -14"><span class='ocrx_word' id='word_1_275' title='bbox 1097 1306 1241 1352; x_wconf 69' lang='grc' dir='ltr'><em>Γλίσας</em></span> <span class='ocrx_word' id='word_1_276' title='bbox 1269 1313 1305 1342; x_wconf 87' lang='lat' dir='ltr'>et</span> <span class='ocrx_word' id='word_1_277' title='bbox 1326 1303 1470 1352; x_wconf 65' lang='grc' dir='ltr'><em>Γλισάς</em></span> <span class='ocrx_word' id='word_1_278' title='bbox 1488 1307 1670 1357; x_wconf 84' lang='lat' dir='ltr'>scriptum</span> <span class='ocrx_word' id='word_1_279' title='bbox 1691 1319 1753 1341; x_wconf 89' lang='lat' dir='ltr'>re-</span> 
     </span>
     <span class='ocr_line' id='line_1_55' title="bbox 1098 1363 1754 1413; baseline 0 -15"><span class='ocrx_word' id='word_1_280' title='bbox 1098 1363 1254 1412; x_wconf 82' lang='lat' dir='ltr'>peritur.</span> <span class='ocrx_word' id='word_1_281' title='bbox 1301 1364 1385 1412; x_wconf 89' lang='lat' dir='ltr'>Ipsa</span> <span class='ocrx_word' id='word_1_282' title='bbox 1406 1364 1492 1400; x_wconf 87' lang='lat' dir='ltr'>urbs</span> <span class='ocrx_word' id='word_1_283' title='bbox 1513 1371 1657 1413; x_wconf 82' lang='lat' dir='ltr'>septem</span> <span class='ocrx_word' id='word_1_284' title='bbox 1677 1369 1754 1399; x_wconf 86' lang='lat' dir='ltr'>sta-</span> 
     </span>
     <span class='ocr_line' id='line_1_56' title="bbox 1099 1417 1755 1470; baseline -0.002 -15"><span class='ocrx_word' id='word_1_285' title='bbox 1099 1417 1168 1455; x_wconf 82' lang='lat' dir='ltr'>diis</span> <span class='ocrx_word' id='word_1_286' title='bbox 1190 1432 1211 1455; x_wconf 88' lang='lat' dir='ltr'>a</span> <span class='ocrx_word' id='word_1_287' title='bbox 1225 1420 1436 1456; x_wconf 81' lang='lat' dir='ltr'>Teumesso</span> <span class='ocrx_word' id='word_1_288' title='bbox 1457 1426 1601 1456; x_wconf 80' lang='lat' dir='ltr'>remota</span> <span class='ocrx_word' id='word_1_289' title='bbox 1621 1426 1658 1456; x_wconf 87' lang='lat' dir='ltr'>et</span> <span class='ocrx_word' id='word_1_290' title='bbox 1671 1420 1755 1470; x_wconf 86' lang='lat' dir='ltr'>Hy-</span> 
     </span>
     <span class='ocr_line' id='line_1_57' title="bbox 1101 1477 1755 1525; baseline 0 -14"><span class='ocrx_word' id='word_1_291' title='bbox 1101 1482 1189 1525; x_wconf 87' lang='lat' dir='ltr'>pato</span> <span class='ocrx_word' id='word_1_292' title='bbox 1217 1477 1360 1523; x_wconf 79' lang='lat' dir='ltr'>monti,</span> <span class='ocrx_word' id='word_1_293' title='bbox 1395 1477 1456 1513; x_wconf 91' lang='lat' dir='ltr'>cui</span> <span class='ocrx_word' id='word_1_294' title='bbox 1490 1489 1593 1513; x_wconf 87' lang='lat' dir='ltr'>nunc</span> <span class='ocrx_word' id='word_1_295' title='bbox 1613 1488 1755 1513; x_wconf 83' lang='lat' dir='ltr'>nomen</span> 
     </span>
     <span class='ocr_line' id='line_1_58' title="bbox 1102 1530 1756 1582; baseline 0.002 -15"><span class='ocrx_word' id='word_1_296' title='bbox 1102 1533 1380 1582; x_wconf 84' lang='lat' dir='ltr'>Kleptitobuni‚</span> <span class='ocrx_word' id='word_1_297' title='bbox 1444 1531 1639 1582; x_wconf 84' lang='lat' dir='ltr'>adiacens,</span> <span class='ocrx_word' id='word_1_298' title='bbox 1707 1530 1756 1568; x_wconf 79' lang='lat' dir='ltr'>ad</span> 
     </span>
     <span class='ocr_line' id='line_1_59' title="bbox 1102 1587 1757 1639; baseline 0.002 -16"><span class='ocrx_word' id='word_1_299' title='bbox 1102 1587 1344 1625; x_wconf 78' lang='lat' dir='ltr'>Thebaidem</span> <span class='ocrx_word' id='word_1_300' title='bbox 1396 1590 1601 1639; x_wconf 77' lang='lat' dir='ltr'>pertinuit,</span> <span class='ocrx_word' id='word_1_301' title='bbox 1662 1594 1757 1625; x_wconf 81' lang='lat' dir='ltr'>teste</span> 
     </span>
     <span class='ocr_line' id='line_1_60' title="bbox 1101 1645 1757 1683; baseline 0.002 -4"><span class='ocrx_word' id='word_1_302' title='bbox 1101 1645 1289 1679; x_wconf 77' lang='lat' dir='ltr'>Pausania</span> <span class='ocrx_word' id='word_1_303' title='bbox 1319 1645 1346 1680; x_wconf 90' lang='lat' dir='ltr'>l.</span> <span class='ocrx_word' id='word_1_304' title='bbox 1371 1645 1395 1682; x_wconf 91' lang='lat' dir='ltr'>l.</span> <span class='ocrx_word' id='word_1_305' title='bbox 1428 1651 1464 1680; x_wconf 88' lang='lat' dir='ltr'>et</span> <span class='ocrx_word' id='word_1_306' title='bbox 1494 1646 1669 1683; x_wconf 78' lang='lat' dir='ltr'>strabon,</span> <span class='ocrx_word' id='word_1_307' title='bbox 1700 1645 1757 1680; x_wconf 88' lang='lat' dir='ltr'>lx</span> 
     </span>
     <span class='ocr_line' id='line_1_61' title="bbox 1100 1699 1754 1749; baseline 0.003 -13"><span class='ocrx_word' id='word_1_308' title='bbox 1100 1711 1188 1749; x_wconf 76' lang='lat' dir='ltr'>pag.</span> <span class='ocrx_word' id='word_1_309' title='bbox 1210 1699 1291 1739; x_wconf 68' lang='lat'>412</span> <span class='ocrx_word' id='word_1_310' title='bbox 1317 1712 1345 1736; x_wconf 88' lang='lat' dir='ltr'>s.</span> <span class='ocrx_word' id='word_1_311' title='bbox 1368 1701 1449 1740; x_wconf 79' lang='lat'>632</span> <span class='ocrx_word' id='word_1_312' title='bbox 1482 1702 1526 1737; x_wconf 87' lang='lat' dir='ltr'>A.</span> <span class='ocrx_word' id='word_1_313' title='bbox 1551 1702 1636 1738; x_wconf 80' lang='lat' dir='ltr'>coll.</span> <span class='ocrx_word' id='word_1_314' title='bbox 1659 1702 1754 1739; x_wconf 79' lang='lat' dir='ltr'>Stat.</span> 
     </span>
     <span class='ocr_line' id='line_1_62' title="bbox 1102 1755 1756 1803; baseline 0.005 -12"><span class='ocrx_word' id='word_1_315' title='bbox 1102 1755 1229 1793; x_wconf 86' lang='lat' dir='ltr'>Theb.</span> <span class='ocrx_word' id='word_1_316' title='bbox 1257 1756 1346 1803; x_wconf 82' lang='lat' dir='ltr'>Vll,</span> <span class='ocrx_word' id='word_1_317' title='bbox 1383 1759 1476 1796; x_wconf 78' lang='lat'>306.</span> <span class='ocrx_word' id='word_1_318' title='bbox 1517 1756 1600 1796; x_wconf 85' lang='lat' dir='ltr'>Vid.</span> <span class='ocrx_word' id='word_1_319' title='bbox 1636 1759 1756 1794; x_wconf 83' lang='lat' dir='ltr'>Kruse</span> 
     </span>
     <span class='ocr_line' id='line_1_63' title="bbox 1103 1812 1550 1862; baseline 0.004 -15"><span class='ocrx_word' id='word_1_320' title='bbox 1103 1812 1202 1848; x_wconf 84' lang='lat' dir='ltr'>Heli.</span> <span class='ocrx_word' id='word_1_321' title='bbox 1222 1813 1279 1861; x_wconf 82' lang='lat'>11,</span> <span class='ocrx_word' id='word_1_322' title='bbox 1304 1815 1322 1851; x_wconf 89' lang='lat'>1</span> <span class='ocrx_word' id='word_1_323' title='bbox 1346 1824 1433 1862; x_wconf 87' lang='lat' dir='ltr'>pag.</span> <span class='ocrx_word' id='word_1_324' title='bbox 1456 1813 1550 1854; x_wconf 83' lang='grc'><strong>568,</strong></span> 
     </span>
    </p>
   </div>
   <div class='ocr_carea' id='block_1_8' title="bbox 1300 1901 1556 1952">
    <p class='ocr_par' dir='ltr' id='par_1_9' title="bbox 1300 1901 1556 1952">
     <span class='ocr_line' id='line_1_64' title="bbox 1300 1901 1556 1952; baseline 0.02 -15"><span class='ocrx_word' id='word_1_325' title='bbox 1300 1901 1393 1952; x_wconf 86' lang='lat' dir='ltr'>Cap.</span> <span class='ocrx_word' id='word_1_326' title='bbox 1420 1902 1556 1942; x_wconf 80' lang='lat' dir='ltr'>XLIV.</span> 
     </span>
    </p>
   </div>
   <div class='ocr_carea' id='block_1_9' title="bbox 1104 1977 1760 2087">
    <p class='ocr_par' dir='ltr' id='par_1_10' title="bbox 1104 1977 1760 2078">
     <span class='ocr_line' id='line_1_65' title="bbox 1162 1977 1760 2035; baseline 0.003 -17"><span class='ocrx_word' id='word_1_327' title='bbox 1162 1978 1201 2027; x_wconf 76' lang='grc' dir='ltr'>ἐς</span> <span class='ocrx_word' id='word_1_328' title='bbox 1228 1977 1408 2029; x_wconf 75' lang='grc' dir='ltr'><em>φυλακοῖς</em></span> <span class='ocrx_word' id='word_1_329' title='bbox 1433 1977 1667 2035; x_wconf 77' lang='grc' dir='ltr'><em>ἐτάσσοντο]</em></span> <span class='ocrx_word' id='word_1_330' title='bbox 1697 1981 1760 2021; x_wconf 79' lang='lat' dir='ltr'>Ad</span> 
     </span>
     <span class='ocr_line' id='line_1_66' title="bbox 1104 2035 1758 2087; baseline 0.006 -15"><span class='ocrx_word' id='word_1_331' title='bbox 1104 2035 1337 2073; x_wconf 81' lang='lat' dir='ltr'>locutionem</span> <span class='ocrx_word' id='word_1_332' title='bbox 1361 2038 1462 2077; x_wconf 86' lang='lat' dir='ltr'>conf.</span> <span class='ocrx_word' id='word_1_333' title='bbox 1492 2046 1587 2078; x_wconf 78' lang='lat' dir='ltr'>nott.</span> <span class='ocrx_word' id='word_1_334' title='bbox 1608 2039 1656 2076; x_wconf 87' lang='lat' dir='ltr'>ad</span> <span class='ocrx_word' id='word_1_335' title='bbox 1676 2041 1758 2087; x_wconf 87' lang='lat' dir='ltr'>VII,</span> 
     </span>
    </p>
   </div>
   <div class='ocr_carea' id='block_1_10' title="bbox 1101 2093 1761 2768">
    <p class='ocr_par' dir='ltr' id='par_1_11' title="bbox 1101 2093 1761 2768">
     <span class='ocr_line' id='line_1_67' title="bbox 1106 2093 1760 2146; baseline 0.017 -20.034"><span class='ocrx_word' id='word_1_336' title='bbox 1106 2094 1174 2133; x_wconf 80' lang='lat'>21,</span> <span class='ocrx_word' id='word_1_337' title='bbox 1224 2093 1330 2138; x_wconf 80' lang='lat' dir='ltr'>Quae</span> <span class='ocrx_word' id='word_1_338' title='bbox 1358 2102 1590 2146; x_wconf 88' lang='lat' dir='ltr'>sequuntur:</span> <span class='ocrx_word' id='word_1_339' title='bbox 1630 2112 1684 2144; x_wconf 86' lang='grc' dir='ltr'>ως</span> <span class='ocrx_word' id='word_1_340' title='bbox 1717 2095 1760 2136; x_wconf 80' lang='grc' dir='ltr'>δὲ</span> 
     </span>
     <span class='ocr_line' id='line_1_68' title="bbox 1105 2145 1760 2220; baseline 0.011 -33"><span class='ocrx_word' id='word_1_341' title='bbox 1105 2145 1242 2200; x_wconf 89' lang='grc' dir='ltr'><em>πρόσω</em></span> <span class='ocrx_word' id='word_1_342' title='bbox 1265 2165 1334 2199; x_wconf 82' lang='grc' dir='ltr'><em>της</em></span> <span class='ocrx_word' id='word_1_343' title='bbox 1345 2165 1487 2197; x_wconf 84' lang='grc' dir='ltr'><em>νυκτος</em></span> <span class='ocrx_word' id='word_1_344' title='bbox 1504 2149 1760 2220; x_wconf 81' lang='grc' dir='ltr'><em>προελήλατο,</em></span> 
     </span>
     <span class='ocr_line' id='line_1_69' title="bbox 1105 2206 1760 2261; baseline 0.013 -21"><span class='ocrx_word' id='word_1_345' title='bbox 1105 2206 1282 2243; x_wconf 78' lang='lat' dir='ltr'>Pauwius</span> <span class='ocrx_word' id='word_1_346' title='bbox 1303 2207 1588 2258; x_wconf 79' lang='lat' dir='ltr'>inter·:p1etatur</span> <span class='ocrx_word' id='word_1_347' title='bbox 1619 2213 1659 2247; x_wconf 77' lang='lat' dir='ltr'>ut</span> <span class='ocrx_word' id='word_1_348' title='bbox 1678 2213 1760 2261; x_wconf 83' lang='lat' dir='ltr'>pri-</span> 
     </span>
     <span class='ocr_line' id='line_1_70' title="bbox 1104 2264 1761 2315; baseline 0.011 -18"><span class='ocrx_word' id='word_1_349' title='bbox 1104 2273 1159 2298; x_wconf 84' lang='lat' dir='ltr'>ma</span> <span class='ocrx_word' id='word_1_350' title='bbox 1177 2275 1263 2311; x_wconf 83' lang='lat' dir='ltr'>pars</span> <span class='ocrx_word' id='word_1_351' title='bbox 1285 2265 1397 2300; x_wconf 76' lang='lat' dir='ltr'>noctts</span> <span class='ocrx_word' id='word_1_352' title='bbox 1428 2264 1663 2315; x_wconf 83' lang='lat' dir='ltr'>adventarat,</span> <span class='ocrx_word' id='word_1_353' title='bbox 1697 2280 1761 2304; x_wconf 89' lang='lat' dir='ltr'>re-</span> 
     </span>
     <span class='ocr_line' id='line_1_71' title="bbox 1101 2317 1759 2374; baseline 0.014 -21"><span class='ocrx_word' id='word_1_354' title='bbox 1101 2317 1321 2368; x_wconf 87' lang='lat' dir='ltr'>cipiendum</span> <span class='ocrx_word' id='word_1_355' title='bbox 1358 2326 1480 2369; x_wconf 86' lang='lat' dir='ltr'>ratus,</span> <span class='ocrx_word' id='word_1_356' title='bbox 1520 2321 1622 2374; x_wconf 90' lang='lat' dir='ltr'>quod</span> <span class='ocrx_word' id='word_1_357' title='bbox 1661 2337 1759 2362; x_wconf 87' lang='lat' dir='ltr'>unus</span> 
     </span>
     <span class='ocr_line' id='line_1_72' title="bbox 1107 2374 1756 2417; baseline 0.01 -8"><span class='ocrx_word' id='word_1_358' title='bbox 1107 2374 1293 2412; x_wconf 83' lang='lat' dir='ltr'>obtulerat</span> <span class='ocrx_word' id='word_1_359' title='bbox 1359 2376 1481 2414; x_wconf 89' lang='lat' dir='ltr'>codex</span> <span class='ocrx_word' id='word_1_360' title='bbox 1545 2379 1756 2417; x_wconf 80' lang='lat' dir='ltr'>Sancrofti:</span> 
     </span>
     <span class='ocr_line' id='line_1_73' title="bbox 1107 2429 1758 2496; baseline 0.011 -28"><span class='ocrx_word' id='word_1_361' title='bbox 1107 2429 1387 2496; x_wconf 80' lang='grc' dir='ltr'><em>προσεληλατο.</em></span> <span class='ocrx_word' id='word_1_362' title='bbox 1435 2436 1486 2471; x_wconf 90' lang='lat' dir='ltr'>At</span> <span class='ocrx_word' id='word_1_363' title='bbox 1509 2430 1644 2487; x_wconf 86' lang='grc' dir='ltr'><em>πρόσω</em></span> <span class='ocrx_word' id='word_1_364' title='bbox 1663 2433 1758 2475; x_wconf 87' lang='grc' dir='ltr'>3.τό</span> 
     </span>
     <span class='ocr_line' id='line_1_74' title="bbox 1107 2483 1759 2542; baseline 0.005 -17"><span class='ocrx_word' id='word_1_365' title='bbox 1107 2483 1244 2536; x_wconf 85' lang='grc' dir='ltr'><em>πρόσω</em></span> <span class='ocrx_word' id='word_1_366' title='bbox 1283 2489 1386 2541; x_wconf 87' lang='lat' dir='ltr'>qnod</span> <span class='ocrx_word' id='word_1_367' title='bbox 1420 2493 1569 2540; x_wconf 78' lang='lat' dir='ltr'>primam</span> <span class='ocrx_word' id='word_1_368' title='bbox 1600 2492 1743 2542; x_wconf 79' lang='lat' dir='ltr'>intellig</span> <span class='ocrx_word' id='word_1_369' title='bbox 1723 2493 1759 2528; x_wconf 79' lang='grc' dir='ltr'>0·ἰ</span> 
     </span>
     <span class='ocr_line' id='line_1_75' title="bbox 1104 2544 1760 2596; baseline 0.008 -16"><span class='ocrx_word' id='word_1_370' title='bbox 1104 2544 1223 2581; x_wconf 83' lang='lat' dir='ltr'>voluit</span> <span class='ocrx_word' id='word_1_371' title='bbox 1237 2550 1394 2596; x_wconf 64' lang='lat' dir='ltr'>partem,</span> <span class='ocrx_word' id='word_1_372' title='bbox 1414 2547 1550 2584; x_wconf 88' lang='lat' dir='ltr'>falsum</span> <span class='ocrx_word' id='word_1_373' title='bbox 1569 2560 1647 2584; x_wconf 82' lang='lat' dir='ltr'>esse</span> <span class='ocrx_word' id='word_1_374' title='bbox 1666 2561 1760 2586; x_wconf 85' lang='lat' dir='ltr'>mox</span> 
     </span>
     <span class='ocr_line' id='line_1_76' title="bbox 1107 2602 1758 2654; baseline 0.011 -18"><span class='ocrx_word' id='word_1_375' title='bbox 1107 2602 1248 2650; x_wconf 86' lang='lat' dir='ltr'>patebit</span> <span class='ocrx_word' id='word_1_376' title='bbox 1297 2604 1528 2654; x_wconf 81' lang='lat' dir='ltr'>comparanti</span> <span class='ocrx_word' id='word_1_377' title='bbox 1574 2604 1758 2642; x_wconf 84' lang='lat' dir='ltr'>Herodoti</span> 
     </span>
     <span class='ocr_line' id='line_1_77' title="bbox 1105 2657 1758 2706; baseline 0.005 -13"><span class='ocrx_word' id='word_1_378' title='bbox 1105 2657 1208 2695; x_wconf 80' lang='lat' dir='ltr'>locos</span> <span class='ocrx_word' id='word_1_379' title='bbox 1238 2659 1292 2706; x_wconf 90' lang='lat'>11,</span> <span class='ocrx_word' id='word_1_380' title='bbox 1336 2661 1406 2699; x_wconf 78' lang='lat'>121</span> <span class='ocrx_word' id='word_1_381' title='bbox 1450 2660 1487 2704; x_wconf 68' lang='grc' dir='ltr'>ς.</span> <span class='ocrx_word' id='word_1_382' title='bbox 1520 2657 1559 2697; x_wconf 82' lang='lat'>4.</span> <span class='ocrx_word' id='word_1_383' title='bbox 1587 2661 1665 2705; x_wconf 91' lang='lat'>111,</span> <span class='ocrx_word' id='word_1_384' title='bbox 1705 2662 1758 2702; x_wconf 89' lang='lat'>56</span> 
     </span>
     <span class='ocr_line' id='line_1_78' title="bbox 1107 2713 1756 2768; baseline 0.009 -18"><span class='ocrx_word' id='word_1_385' title='bbox 1107 2720 1143 2751; x_wconf 81' lang='lat' dir='ltr'>et</span> <span class='ocrx_word' id='word_1_386' title='bbox 1157 2714 1353 2753; x_wconf 84' lang='lat' dir='ltr'>Heindorf.</span> <span class='ocrx_word' id='word_1_387' title='bbox 1372 2713 1420 2752; x_wconf 81' lang='lat' dir='ltr'>ad</span> <span class='ocrx_word' id='word_1_388' title='bbox 1436 2715 1584 2753; x_wconf 80' lang='lat' dir='ltr'>Platon.</span> <span class='ocrx_word' id='word_1_389' title='bbox 1603 2717 1756 2768; x_wconf 79' lang='lat' dir='ltr'>Protag.</span> 
     </span>
    </p>
   </div>
  </div>
 </body>
</html>
