1879 3222
608 212 635 248 1.
666 212 826 248 INDEX
855 212 1046 248 RERUM.

134 322 237 355 tonan
268 320 385 361 tradit,
414 318 462 358 Π,
495 317 572 352 156.
607 318 801 353 maximnm

134 368 208 400 eius
233 369 399 410 templum
426 365 460 397 in
485 367 571 397 urbe
600 365 728 405 Rasin-i,
755 365 800 405 ΙῘ,

132 412 188 446 50.
211 414 267 447 61.
294 413 326 446 ei
349 421 472 444 vam-ae
495 421 634 452 sacram
670 410 703 444 in
729 416 800 443 eius

132 460 298 495 honorem
332 457 460 490 ieiunia
484 463 648 499 aguntur,
684 457 729 497 ΙΙ,
753 456 803 489 40

132 510 201 538 not.
225 504 269 537 41
295 508 364 536 not.
387 503 469 534 item
500 502 590 543 apud
632 503 802 536 Nomades

134 551 271 594 Libyes,
304 549 357 587 IV,
385 548 463 581 186.
507 548 580 580 vius
617 549 739 582 foetum
766 549 800 582 in

131 596 290 630 Busiride
320 595 460 638 oppido,
498 594 546 636 ll,
568 594 623 628 (il.
667 596 745 628 coli.
770 607 800 628 c.

89 687 225 720 Ismaris
245 687 341 720 lacus
365 685 400 719 in
424 685 596 729 Thaida,
628 686 701 728 vn,
732 685 800 720 109

131 737 200 766 not.

86 778 221 811 Ismenia·
240 777 407 821 Apollinis
429 778 595 820 templum
614 777 799 820 Thebis,1‚

129 823 185 857 52.
209 823 255 856 92
279 828 349 857 not.
377 824 418 864 V,
445 823 501 857 59.
529 824 619 860 vm,
644 823 721 857 134.

83 869 253 903 Isonomia
264 869 461 913 (ἰσονομίη,
471 870 557 902 iuris
569 869 798 912 aequalitas),

128 916 283 948 omnium
308 916 551 958 pulcherrima,
580 916 625 947 ΙΙΙ
658 915 704 948 80
727 919 797 948 not.

85 961 253 995 Issedones
277 974 355 1004 pop.
380 962 440 1003 IV,
465 961 510 994 25
534 965 602 993 not.
631 962 671 1003 *)
705 966 798 994 trans

128 1009 263 1041 Araxen
289 1008 323 1039 ss.
348 1019 389 1040 ex
413 1008 557 1039 adverso
581 1007 796 1050 Massageta-

126 1065 205 1086 rum
230 1053 397 1094 habitant,
422 1054 446 1093 Ι,
470 1052 535 1085 201
565 1057 633 1085 not.
658 1052 798 1095 propin-

127 1111 276 1142 quorum
308 1099 476 1131 cadavera
509 1099 702 1141 epulantur,
739 1098 799 1139 IV,

127 1145 186 1179 26.
227 1156 345 1178 eorum
388 1144 526 1178 traditio
557 1145 600 1176 de
633 1143 797 1178 extremis

126 1195 241 1225 terrae
274 1191 405 1230 incolis,
430 1191 490 1232 IV,
516 1189 562 1223 13
585 1194 654 1224 not.
694 1190 738 1223 cf.
764 1201 795 1223 c.

128 1236 172 1269 15
191 1240 223 1270 et
245 1236 302 1270 27.

82 1283 178 1325 Ister,
210 1283 245 1315 ss.
270 1281 449 1326 Scythiae,
475 1281 533 1320 IV,
566 1279 612 1313 47
643 1284 716 1315 not.
751 1280 798 1315 48

125 1332 196 1363 not.
229 1339 271 1361 ex
303 1328 409 1361 Celtis
438 1331 471 1360 et
501 1328 637 1370 Pyrene
669 1327 797 1370 oppido

126 1374 264 1408 initium
288 1385 438 1414 sumenS,
462 1373 562 1414 11‚33
572 1377 723 1416 n‹›t.seq.
738 1374 797 1415 **)

125 1420 324 1453 universam
349 1421 522 1461 Europam
540 1418 690 1461 perfluit,
713 1419 798 1452 ibid.

126 1466 184 1507 lv,
207 1465 263 1499 49.
287 1477 366 1498 cum
386 1465 466 1498 Nilo
490 1468 725 1507 eomparatur,
748 1465 796 1508 11,

124 1510 250 1554 33seq.
274 1523 411 1555 semper
427 1510 494 1543 sibi
513 1511 679 1553 aequalia
704 1511 798 1543 mu}-

126 1561 179 1590 tos
220 1558 348 1601 excipit
381 1556 517 1598 fluvios,
549 1557 609 1596 lv,
647 1555 798 1590 48—50.

125 1602 207 1636 Istri
239 1615 358 1636 cursus
382 1608 415 1637 et
439 1603 561 1646 fontes,
588 1602 633 1642 ΙΙ,
657 1602 703 1636 33
726 1607 796 1636 not.

125 1648 183 1689 IV,
224 1648 270 1682 49
315 1653 385 1683 not.
425 1649 514 1682 ostia
552 1653 693 1687 septem,
734 1648 796 1688 IV,

124 1694 170 1727 47
193 1700 265 1728 not.
289 1695 365 1738 ***)
391 1695 536 1734 cossum,
568 1693 633 1735 IV,
657 1693 702 1726 89
726 1697 797 1727 not.

79 1740 225 1775 Isthmus
264 1740 418 1780 Cnidius,
458 1740 486 1782 I,
523 1739 603 1773 174.
646 1737 796 1773 isthmus

124 1786 329 1820 Chersonesi
380 1797 480 1819 muro
528 1790 727 1829 praeseptus
774 1796 797 1820 a

124 1833 296 1873 Miltiade,
321 1832 383 1872 VI,
405 1831 462 1864 36.
496 1831 649 1863 Isthmus
673 1830 797 1865 Corin·

126 1878 263 1912 thiacus
302 1888 324 1911 a
364 1877 648 1910 Lacedaemoniis
694 1888 797 1910 muro

125 1924 291 1965 munitus,
324 1923 386 1964 lx,
409 1921 465 1956 10.
489 1923 535 1956 cf.
561 1922 654 1964 VIII,
688 1921 736 1955 40
763 1926 798 1958 et

125 1969 191 2012 lx,
219 1969 255 2005 7.

82 2015 264 2056 Istiaeotis‚
287 2014 358 2048 vid.
382 2012 597 2047 Histiaeotis.

81 2062 199 2104 Istria,
217 2061 353 2096 colonia
369 2060 600 2100 Milesiorum,
617 2060 661 2094 ad
672 2059 798 2095 ostium

1490 211 1574 250 515

902 318 981 353 Isti-i
1015 319 1065 358 ss,
1096 319 1139 360 li,
1165 318 1209 352 33
1239 321 1308 353 not.
1348 318 1408 360 IV,
1430 317 1476 352 78
1498 325 1570 355 not.

904 384 943 389 ——
976 366 1126 399 Istriana
1157 363 1419 410 (Ἰστριηνὴ),
1460 371 1570 398 mater

902 409 1028 454 Scylao
1045 437 1056 455 ,
1091 414 1186 456 regis
1204 414 1423 456 Scytharum,
1446 412 1507 453 lv,
1522 412 1568 444 775

902 464 973 490 not.

858 502 965 535 Italia
988 506 1021 536 et
1045 502 1219 544 ltaliotae,
1242 503 1300 544 IV,
1326 503 1371 537 15
1395 507 1463 537 not.
1496 503 1568 536 Ita-

902 549 948 580 iia
979 560 1047 589 quo
1082 561 1179 581 seusu
1210 550 1299 591 apud
1341 551 1568 589 Herodotum.

901 594 928 636 I,
964 594 1030 627 1157
1056 599 1124 627 not.
1157 594 1218 635 111,
1246 594 1313 627 136
1337 601 1405 629 not.
1440 597 1498 637 IV,
1529 595 1568 629 15

901 644 970 672 not.
999 640 1035 680 V,
1059 639 1105 672 43
1129 645 1198 673 not.
1225 640 1281 679 w,
1307 641 1374 673 127
1397 647 1466 675 not.

856 686 987 726 Itanns,
1026 696 1103 729 opp.
1140 685 1203 719 ins.
1238 686 1373 728 Cretae,
1415 689 1474 728 IV,
1500 687 1566 721 151

901 737 971 764 not.

856 778 926 811 Iter
952 777 1111 810 diurnum
1130 775 1209 809 200.
1234 776 1426 810 stadiorum
1449 779 1569 812 statutt

899 824 1108 864 Herodotus,
1132 824 1188 865 lv,
1215 822 1280 855 101
1305 828 1374 856 not.
1407 824 1465 857 sed
1495 823 1569 859 150.

899 874 1090 909 enumerat,
1127 869 1167 909 V,
1201 867 1248 902 53
1270 873 1342 905 not.
1375 869 1444 903 Iter
1467 870 1567 902 diur—

899 927 982 949 num
1014 915 1157 960 navigio
1188 916 1396 957 confectum,
1432 916 1488 958 IV,
1523 916 1569 949 86

902 967 972 994 not.

853 1008 1063 1040 Illmmatres
1084 1007 1204 1048 Persa,
1231 1006 1304 1047 VII,
1328 1006 1374 1039 67
1397 1011 1465 1041 not.

852 1054 1051 1087 Itlzamitres
1075 1053 1176 1095 (olim
1210 1053 1279 1096 leg.
1303 1052 1470 1095 Amitres)
1501 1054 1569 1087 dux

899 1099 1015 1132 classis
1026 1110 1105 1131 cum
1115 1098 1195 1131 aliis
1211 1109 1231 1131 a
1257 1099 1366 1131 Xerxe
1382 1099 1415 1132 in
1429 1100 1570 1143 Europa

899 1145 1053 1184 relictus,
1079 1143 1170 1183 illl,
1204 1143 1272 1176 130
1300 1149 1368 1177 not.
1394 1149 1469 1187 post
1506 1157 1568 1188 pu-

899 1201 1006 1235 gnam
1036 1190 1079 1222 ad
1117 1190 1279 1232 Mycalen
1303 1190 1390 1234 fuga
1421 1191 1570 1225 salutem

899 1236 997 1279 petit,
1021 1236 1083 1272 lx,
1104 1235 1184 1268 102.

856 1284 984 1316 Ithome
1017 1281 1093 1324 (ubi
1116 1283 1201 1315 olim
1224 1281 1403 1325 Isthmus),
1436 1281 1500 1325 lx,
1523 1281 1570 1318 35

899 1329 960 1361 ubi
985 1327 1054 1360 vid.
1078 1332 1149 1361 not.

855 1375 988 1407 Iudices
1012 1373 1099 1417 regii
1125 1385 1183 1416 ap.
1203 1373 1339 1415 Persas,
1361 1373 1426 1414 III,
1444 1372 1500 1407 14.
1524 1373 1569 1406 31

900 1426 971 1454 not.
982 1422 1021 1462 †)
1040 1419 1142 1452 index
1170 1420 1299 1463 regius,
1322 1424 1503 1462 corruptus
1511 1430 1572 1464 pe-

900 1466 1003 1499 cunia
1040 1464 1247 1507 excoriatus,
1271 1465 1312 1505 V,
1345 1464 1391 1498 25
1415 1471 1485 1499 not.
1524 1466 1569 1499 ob

897 1512 1060 1545 iniustam
1102 1512 1211 1544 latam
1267 1511 1473 1545 sententiam
1510 1523 1571 1546 ca-

900 1558 969 1600 pite
994 1559 1190 1596 damnumst,
1216 1557 1293 1597 VII,
1318 1556 1386 1590 191
1409 1563 1481 1591 not,

852 1604 939 1637 Ιιιηο
971 1603 1128 1647 Argiva3
1170 1602 1245 1635 eius
1286 1603 1425 1643 festum,
1460 1603 1488 1643 I,
1524 1602 1569 1637 31

899 1652 971 1683 not.
1010 1649 1179 1691 templum
1201 1658 1310 1691 prope
1334 1649 1450 1681 lucum
1474 1649 1571 1693 Argo

897 1706 1046 1738 sacrum,
1080 1694 1138 1736 VI,
1172 1693 1218 1727 81
1242 1698 1314 1727 not.
1347 1693 1404 1727 82.
1446 1694 1571 1728 Iunoni

899 1741 1043 1775 Samiae
1076 1741 1162 1773 duas
1193 1739 1364 1784 imagines
1394 1751 1437 1773 ex
1472 1741 1571 1784 ligno

899 1788 1050 1830 sculptas
1079 1785 1216 1819 Amasis
1240 1786 1385 1824 dedicat,
1409 1786 1455 1827 II,
1489 1786 1569 1820 182.

898 1833 1038 1866 Iunonis
1056 1832 1246 1873 templum3
1269 1830 1312 1864 τὸ
1330 1827 1501 1874 ξΗρεκῖον,
1525 1833 1571 1865 ad

897 1880 1072 1918 Plataeae,
1097 1878 1160 1918 lx,
1182 1876 1240 1910 52.
1264 1876 1322 1910 61.
1346 1877 1419 1909 eius
1444 1886 1570 1910 nomen

897 1923 1079 1968 Aegyptiis
1100 1922 1329 1966 incognitum,
1344 1922 1389 1962 II,
1404 1922 1459 1955 50.
1484 1923 1571 1957 Iuno

899 1971 1113 2003 Graecorum
1132 1970 1223 2001 unde
1243 1969 1358 2010 dueta,
1383 1969 1429 2010 11,
1442 1969 1568 2003 5011012.

854 2015 985 2060 Iupiter
1001 2028 1011 2048 .·
1035 2016 1162 2048 Persae
1186 2014 1383 2047 universum
1408 2014 1498 2048 coeli
1513 2026 1570 2048 or-

901 2063 980 2095 bem
1010 2061 1130 2095 Iovem
1160 2061 1336 2104 appellant
1368 2059 1436 2104 ††)
1471 2063 1572 2105 eique

172 2304 200 2348 ‘)
226 2306 323 2339 conf.
353 2306 502 2351 Halling.
525 2308 659 2344 Annall.
677 2309 802 2344 Vienn.
813 2309 896 2343 LIX
919 2322 954 2355 p.
978 2310 1057 2352 257,
1078 2310 1192 2343 LXIII
1210 2321 1247 2355 p.
1268 2311 1331 2346 179
1348 2316 1383 2344 et
1400 2311 1572 2345 Deutsche

82 2350 284 2385 Geschicht.
303 2353 316 2384 1
336 2365 370 2397 p.
387 2354 442 2387 67.

172 2407 216 2452 ’”)
245 2409 326 2441 Cum
345 2410 412 2443 hoc
435 2411 607 2444 Herodoti
624 2411 702 2444 loco
726 2411 827 2444 valde
844 2412 1006 2444 convenit
1030 2412 1194 2456 Procopii
1217 2412 1312 2445 locus
1340 2413 1392 2445 De
1413 2414 1566 2448 aedifico.

82 2455 145 2494 IV,
164 2453 199 2495 5,
223 2455 272 2487 sic
301 2455 499 2489 scribemis:
545 2454 699 2490 Κάτεισι
729 2457 795 2500 μὲν
825 2454 862 2498 ἐξ
892 2455 1010 2500 ὀρέων
1052 2458 1127 2491 τῶν
1159 2455 1197 2492 ἐν
1217 2459 1370 2497 Κελτοῖς
1401 2457 1569 2502 ποταμὸς

75 2494 233 2544 Ἴστρος,
261 2497 297 2534 οἳ
309 2502 436 2535 τοίνυν
451 2498 589 2536 Γάλλοι
611 2500 882 2537 ἐπικαλοῦνται.
932 2505 973 2536 Et
991 2505 1080 2536 bene
1100 2505 1166 2536 hoc
1185 2504 1229 2536 de
1241 2504 1349 2537 Celtis
1367 2504 1436 2538 dici
1453 2517 1568 2550 posse,

84 2556 157 2578 cum
200 2547 379 2581 Germanis
416 2559 536 2581 recens
569 2560 693 2581 nomen
721 2550 862 2593 (Tacit.
891 2550 1010 2583 Germ.
1031 2550 1081 2593 2.)
1105 2550 1254 2583 nondum
1280 2548 1436 2584 additum
1463 2558 1568 2593 esset,

87 2590 248 2625 observat
269 2593 382 2625 Kruse
403 2594 454 2626 De
475 2593 556 2626 lstri
577 2595 683 2627 Ostiis
700 2606 734 2638 p.
755 2597 811 2630 20.

174 2648 237 2693 *‘*)
260 2650 349 2689 Add.
368 2649 480 2682 Kruse
500 2650 543 2683 de
563 2650 642 2683 [stri
658 2650 757 2683 ostiis
775 2663 811 2695 p·
833 2652 899 2685 100
920 2662 1016 2696 seqq.
1043 2651 1121 2685 coH.
1144 2664 1180 2696 p.
1197 2650 1253 2687 25.
1277 2651 1332 2687 28.

186 2706 226 2749 †)
250 2707 339 2741 Add.
361 2709 387 2742 1.
410 2708 454 2741 de
479 2707 650 2741 Hammer.
673 2708 808 2742 Annall.
830 2709 954 2743 Vienn.
979 2709 1016 2741 X
1038 2721 1074 2753 p.
1098 2706 1177 2744 241.

176 2761 241 2804 Η)
267 2765 342 2804 Quo
368 2764 446 2798 loco
467 2765 511 2798 ad
533 2766 698 2798 Graecum
714 2763 789 2798 Δία
807 2766 899 2800 Pott.
923 2765 1079 2809 Etymol.
1104 2766 1340 2813 Forschungg„
1358 2779 1393 2813 p.
1422 2768 1488 2802 100
1509 2766 1564 2800 af-

86 2807 153 2842 sert
170 2809 420 2844 San-scritanum
438 2810 508 2854 Dj0⁴
530 2811 554 2846 i.
578 2823 606 2846 e.
631 2812 777 2845 coelum.

1205 2857 1295 2901 33*
