1879 3222
236 176 320 218 424
776 170 1151 210 COMMENTATIO

240 300 326 325 rum
345 284 616 323 abundantiam
636 283 829 337 quandam
858 290 895 321 et
914 290 1058 334 gratam
1080 281 1271 335 quandam
1298 282 1569 333 negligentiam
1597 284 1705 334 parit,

240 344 284 381 iis
302 344 519 390 molestam,
549 342 615 393 qui
635 340 871 378 Herodoteae
890 341 1064 377 orationis
1076 347 1247 376 naturam
1268 346 1380 391 atque
1399 338 1568 376 indolem
1588 338 1708 378 haud-

240 411 433 451 quaquam
461 404 745 449 perspexerunt.
801 399 897 434 Nam
926 397 1090 432 multum
1109 397 1232 443 abest,
1262 402 1303 432 ut
1331 394 1418 433 hinc
1439 398 1602 434 remittat
1621 409 1708 433 ora-

240 456 292 493 tio
307 454 534 503 Herodotea,
555 452 634 503 sed,
660 461 703 491 ut
722 453 889 505 Dionysii
908 452 944 502 *)
975 459 1058 489 utar
1091 453 1233 500 verbis,
1276 448 1385 500 ὕψος
1421 451 1462 491 δὲ
1501 451 1568 491 καὶ
1612 447 1710 492 κᾶλ-

241 513 308 558 λος
327 510 394 550 καὶ
419 507 461 550 τὸ
477 508 688 562 λεγόμενον
707 509 814 556 ἰδίως
832 505 992 559 πλάσμα
1021 506 1217 557 ἱστορικόν
1245 505 1453 556 Ἡρόδοτος
1488 507 1574 558 ἔχει.
1630 510 1710 546 Nec

242 568 348 604 aliter
373 566 615 604 statuendum
647 566 694 604 de
715 566 944 604 orationibus
977 565 1181 600 narrationi
1199 562 1301 600 haud
1321 578 1404 602 raro
1425 566 1581 612 insertis,
1613 577 1710 616 quae

239 630 373 674 sponte
393 624 586 674 profluunt
605 636 653 660 ex
673 622 808 660 eodem
826 621 1012 671 scriptoris
1027 618 1163 667 studio,
1185 632 1260 670 quo
1281 622 1406 657 omnia
1426 623 1476 657 ita
1491 628 1652 668 enarrat,
1669 627 1712 658 ut

239 680 310 731 ipsi
330 678 456 716 adesse
475 693 595 732 eaque
608 686 822 731 praesentes
841 678 1031 728 percipere
1051 675 1158 712 nobis
1177 674 1383 714 videamur.
1411 679 1542 728 ltaque
1559 690 1578 713 a
1599 676 1712 714 Thu-

241 735 385 788 cydidis
405 737 632 774 orationibus
647 737 811 772 multum
832 735 978 778 absunt,
1009 739 1168 783 apteque
1190 739 1372 768 vocantur
1392 745 1413 769 a
1432 735 1648 770 Marcellino
1657 732 1711 783 **)

239 793 570 844 προσωποποιΐαι,
599 805 687 830 cum
715 788 989 841 Thucydideae
1008 788 1189 839 Dionysio
1209 788 1282 825 sint
1310 788 1556 839 δημηγορίαι,
1612 791 1715 827 Poe-

240 849 357 885 ticum
390 848 583 900 quendam
608 849 775 885 colorem
798 846 845 882 ab
873 843 1055 881 Herodoti
1090 856 1264 881 sermone
1283 845 1440 880 minime
1460 846 1608 893 abesse,
1653 845 1715 883 vel

239 905 398 941 Homeri
427 905 607 952 imitatio,
639 903 686 940 de
711 915 786 954 qua
811 914 923 952 supra
953 899 1139 948 diximus,
1169 901 1405 952 aliorumque
1433 908 1631 951 poetarum
1654 913 1716 937 ar-

241 961 343 1011 guitr,
372 962 412 996 in
440 961 574 1012 quibus
593 966 636 996 ut
668 957 901 1009 Sophoclem
917 957 991 1007 ***)
1020 958 1194 1005 mittam,
1224 956 1457 1008 Aeschylum
1486 964 1585 994 certe
1605 969 1718 1008 prae-

241 1017 351 1054 terire
371 1029 448 1053 non
470 1017 579 1064 licet,
609 1016 714 1053 cuius
733 1021 790 1052 tot
815 1014 1001 1051 formulae
1028 1026 1070 1050 ac
1099 1015 1308 1050 locutiones
1339 1026 1458 1065 aeque
1481 1014 1718 1064 reperiuntur

240 1072 280 1109 in
300 1071 483 1109 Herodoti
498 1072 622 1120 libris,
655 1079 698 1109 ut
718 1071 834 1108 animi
854 1069 1045 1123 quandam
1064 1069 1379 1107 necessitudinem
1398 1071 1495 1106 inter
1514 1077 1718 1122 utrumque

239 1128 487 1166 intercessisse
513 1127 664 1177 credas3
706 1140 940 1180 quamquam
972 1128 1133 1163 alterum
1158 1140 1206 1163 ex
1235 1127 1350 1163 altero
1381 1125 1545 1163 hausisse
1566 1139 1645 1163 non
1665 1131 1719 1162 est

241 1184 345 1236 quod
365 1194 530 1222 credam.
586 1186 690 1222 Inter
713 1183 918 1221 Herodotei
937 1185 1119 1220 sermonis
1146 1184 1348 1219 imitatores
1375 1184 1576 1234 Dionysius
1606 1182 1721 1220 refert

240 1239 513 1291 Xenophontem3
533 1240 580 1292 †)
611 1254 732 1293 eoque
749 1242 863 1278 etiam
882 1240 1087 1276 referamus
1114 1239 1372 1289 Theopompum,
1404 1241 1468 1291 qui
1489 1240 1619 1291 quanti
1640 1240 1718 1275 He-

241 1295 419 1334 rodotum
440 1298 589 1346 fecerit,
618 1299 679 1336 vel
700 1311 749 1334 ex
769 1310 834 1345 ea,
865 1309 980 1348 quam
1001 1296 1162 1332 confecit
1183 1295 1358 1332 historiae
1385 1296 1622 1332 Herodoteae
1638 1295 1721 1345 epi-

240 1359 343 1390 tome
363 1355 521 1404 intelligi
536 1360 683 1404 potest,
715 1366 906 1405 quemque
932 1354 1044 1389 etiam
1064 1354 1101 1388 in
1123 1353 1197 1389 suis
1212 1351 1372 1389 historiis
1398 1353 1542 1402 saepius
1573 1350 1621 1388 ad
1641 1353 1722 1387 He-

241 1408 365 1446 rodoti
393 1409 588 1447 historiam
613 1411 818 1461 respexisse
843 1416 989 1446 certum
1012 1415 1076 1446 est.
1105 1407 1182 1459 ††)
1240 1410 1342 1445 Inter
1357 1409 1572 1445 recentioris
1593 1408 1722 1444 aetatis

240 1467 435 1517 scriptores
456 1466 559 1503 haud
571 1467 647 1516 scio
668 1480 717 1503 an
737 1466 956 1514 Froissarto,
979 1466 1100 1512 Gallo,
1120 1477 1261 1514 magna
1282 1477 1371 1501 cum
1390 1463 1582 1501 Herodoto
1602 1465 1723 1501 inter-

243 1523 392 1560 cesserit
422 1522 650 1571 similitudo,
697 1523 976 1573 simplicitatem
1004 1523 1108 1558 illam
1136 1522 1304 1558 nativam
1345 1528 1382 1558 et
1418 1521 1723 1571 perspicuitatem

243 1590 438 1630 omneque
463 1579 614 1616 dicendi
635 1592 753 1629 genus
772 1580 802 1615 si
829 1579 1082 1628 respiciamus.
1140 1578 1226 1613 Alia
1246 1584 1287 1614 ut
1307 1590 1410 1614 nunc
1430 1578 1600 1624 mittam,
1620 1577 1723 1626 legas

241 1633 335 1671 mihi
353 1634 467 1672 modo
487 1637 738 1684 prooemium,
757 1633 813 1671 his
833 1635 954 1672 verbis
974 1640 1225 1683 conceptum:
1274 1633 1387 1680 „Afin
1405 1646 1478 1684 que
1498 1631 1723 1669 honorables

243 1692 422 1741 emprises
443 1697 479 1726 et
495 1691 627 1727 nobles
647 1697 844 1727 aventures
870 1697 906 1726 et
925 1690 1008 1725 faits
1029 1688 1201 1735 d’armes,
1232 1689 1427 1739 lesquelles
1453 1695 1539 1725 sont
1559 1701 1724 1726 avenues

242 1759 310 1797 par
338 1747 391 1783 les
419 1759 570 1796 guerres
592 1745 638 1783 de
665 1748 808 1782 France
837 1752 875 1782 et
900 1744 1162 1794 d’Angleterre
1191 1745 1312 1781 soient
1342 1744 1602 1781 notablement
1621 1745 1724 1794 regi-

242 1802 357 1839 stre'es
379 1809 413 1839 et
425 1803 534 1840 mises
546 1803 786 1839 enmemoire
806 1802 1048 1852 perpetuelle,
1069 1814 1138 1851 par
1158 1801 1246 1852 quoi
1258 1801 1310 1837 les
1331 1814 1453 1851 preux
1468 1801 1569 1836 aient
1588 1813 1725 1837 exem-

242 1859 305 1911 ple
334 1857 448 1895 d’eux
468 1871 700 1909 encourager
729 1872 778 1895 en
809 1858 897 1896 bien
915 1858 1070 1907 faisant,
1094 1857 1134 1907 je
1153 1869 1255 1896 veux
1271 1858 1398 1895 traiter
1419 1863 1455 1894 et
1469 1855 1644 1895 recsrder
1662 1854 1724 1894 hi·-

338 2080 375 2126 *)
398 2081 510 2127 Epist.
535 2081 578 2116 ad
602 2082 665 2116 Cn.
690 2080 838 2127 Pompei.
857 2080 900 2115 T.
926 2080 975 2114 VI
996 2092 1029 2126 p.
1043 2080 1110 2116 779
1132 2078 1186 2113 ed.
1209 2078 1329 2114 Reisk.

339 2151 385 2194 ”)
416 2151 483 2184 vit.
515 2149 705 2193 Thucydid.
733 2151 765 2191 §.
800 2150 863 2183 38:
912 2145 958 2182 δι’
991 2146 1120 2191 ὀλίγων
1144 2145 1213 2191 ’γὰρ
1245 2145 1393 2190 ἐποίησε
1418 2145 1491 2189 (sc.
1517 2144 1725 2190 Herodotus)

247 2193 364 2238 λόγων
381 2193 430 2234 ὥς
448 2194 748 2240 προσωποποιΐας
765 2195 902 2238 μᾶλλον
919 2190 1013 2238 ἥπερ
1034 2194 1266 2237 δημηγορίας.
1300 2192 1450 2236 Dionysii
1473 2192 1578 2225 locum
1603 2191 1666 2235 (VI
1690 2203 1728 2236 p.

247 2240 316 2319 {gg
337 2240 479 2330 &Tm
503 2251 607 2285 supra.
628 2242 694 2275 iam
717 2241 827 2274 attuli.
873 2240 926 2275 Dc
949 2245 1093 2286 utroque
1117 2240 1182 2273 vid.
1208 2240 1368 2273 Creuzer.
1393 2238 1521 2274 Histor.
1547 2237 1668 2270 Kunst.
1692 2248 1727 2282 p.

342 2352 402 2396 m)
426 2352 597 2398 Siquidem
614 2351 669 2386 hic
693 2356 794 2395 poeta
816 2363 857 2385 ex
882 2353 1054 2386 Herodoto
1079 2352 1190 2395 potius
1219 2350 1388 2396 'quaedam
1416 2349 1564 2384 hausisse
1583 2349 1727 2384 videtur.

251 2396 326 2431 vid.
354 2397 395 2432 C.
419 2398 598 2432 Hermann.
621 2398 654 2430 in
679 2398 823 2430 Excurs.
847 2399 891 2432 T.
917 2398 949 2431 11
974 2411 1003 2441 p.
1028 2399 1105 2431 658.
1129 2398 1194 2431 659
1211 2399 1263 2430 ed.
1289 2402 1393 2431 nostr.
1419 2402 1454 2429 et
1477 2407 1579 2441 supra
1602 2397 1633 2438 §.
1655 2395 1688 2428 5.

253 2510 284 2546 V
343 2466 385 2508 †)
400 2465 524 2545 ἔξω.
539 2465 584 2500 ad
608 2465 671 2499 Cn.
695 2464 842 2510 Pompei.
867 2464 910 2500 T.
937 2465 982 2498 VI
1005 2477 1039 2510 p.
1064 2466 1254 2501 777—77).
1272 2465 1364 2498 Vett.
1388 2464 1535 2509 Scriptt.
1557 2463 1655 2496 Gens.
1680 2462 1725 2496 T.

307 2522 383 2554 pag.
469 2536 477 2544 .

345 2579 412 2621 ††)
436 2580 510 2613 vid.
535 2579 714 2614 Frommel.
730 2579 765 2612 in
794 2579 915 2612 Creuz.
933 2579 1064 2612 Melett.
1090 2578 1139 2611 ΙΙΙ
1163 2590 1196 2623 p.
1223 2578 1286 2613 143
1302 2579 1376 2611 coll.
1403 2577 1529 2611 149.—
1551 2575 1727 2619 Ephorum

255 2623 343 2668 quod
367 2626 439 2656 olim
463 2627 658 2660 statuebant.
678 2625 791 2658 itidem
817 2625 974 2658 librorum
998 2625 1264 2657 Herodoteorum
1282 2622 1508 2667 compendium
1527 2622 1726 2661 exhibuisse,

256 2680 360 2713 prava
383 2670 470 2713 apud
492 2672 628 2705 Suidam
653 2672 696 2714 (s.
724 2682 755 2703 v.
783 2669 1020 2714 Θεόπομπος)
1047 2670 1311 2714 interpunctione
1335 2669 1366 2701 id
1398 2668 1586 2707 nitebatur,
1629 2678 1727 2711 quam

255 2716 654 2794 reetttnuncfflionmmit
668 2716 892 2751 Gaissordius.
939 2716 987 2750 Et
1009 2717 1097 2750 cons.
1121 2727 1255 2762 quoque
1279 2714 1388 2748 Marx.
1413 2711 1455 2747 ad
1482 2712 1612 2757 Ephori
1635 2715 1728 2757 frag-

256 2770 330 2794 men
364 2784 372 2792 .
397 2771 431 2804 p.
501 2784 508 2793 .

1867 1693 1879 1758 Ξῖ
