1879 3222
365 238 430 273 DE
459 234 582 272 VITA
612 234 685 270 ET
714 234 948 272 SCRIPTIS
978 234 1254 273 HERODOTI.
1473 241 1555 282 401

74 350 231 402 scriptos
265 350 384 387 fontes
414 357 802 397 agnoscerepossum
829 346 877 393 ΙΙ,
908 347 974 394 99,
1004 348 1069 384 ubi
1103 348 1150 385 cs.
1171 354 1267 388 nott.
1294 349 1378 387 Τ.Ῑ
1397 364 1435 401 p.
1457 353 1555 392 701.

73 407 224 445 Eodem
243 406 358 444 modo
374 417 449 456 quo
468 404 497 452 Ι,
519 405 552 450 1,
581 403 712 439 Persas
727 409 837 438 testes
857 402 946 438 citat
964 405 992 450 1,
1015 404 1088 451 953
1129 418 1200 442 nec
1229 412 1357 443 tamen
1385 407 1475 445 inde
1494 420 1558 444 se-

77 466 226 517 quitur,
261 463 392 512 scripta
413 462 614 496 Persarum
645 458 691 495 de
722 460 796 496 suis
819 459 928 495 rebus
949 460 1144 496 volumina
1167 463 1345 499 Nostrum
1367 464 1499 503 adiisse
1519 471 1558 502 et

76 522 314 571 excerpsisse.
371 516 448 553 Sed
478 529 576 568 quae
604 516 668 562 ΙΙΙ,
691 517 742 555 89
775 515 822 551 de
851 516 1111 566 Satrapiarum
1140 517 1389 569 descriptione
1420 529 1456 559 et
1476 523 1559 571 VH,

77 579 130 617 60
146 590 249 628 seqq.
270 574 317 611 de
336 574 472 610 Xerxis
494 573 660 609 exercitu
681 572 894 622 perscribit,
925 584 969 608 ea
989 573 1019 608 si
1039 586 1117 609 non
1140 575 1287 623 omnia,
1319 584 1356 613 at
1375 590 1560 628 magnam

77 640 178 670 certe
206 637 351 682 partem
386 644 406 666 e
428 631 538 680 regiis
559 631 761 666 Persarum
792 629 1007 675 annalibuS,
1047 628 1096 666 ad
1125 642 1218 680 quos
1238 632 1410 682 scriptori
1429 636 1561 672 Asiam

75 688 312 741 perlustranti
330 686 450 723 aditus
479 687 661 737 patuerit,
693 685 825 722 hausta
862 698 939 722 esse
964 684 1154 722 videntur.
1214 687 1311 732 Quin
1336 702 1356 724 e
1387 692 1562 741 sophista-

76 758 150 783 rum
168 742 302 781 scholis
325 742 512 795 quaedam
534 742 581 780 ad
602 741 784 779 Herodoti
802 743 915 779 libros
935 743 1120 779 transiisse
1140 745 1360 793 praesertim
1379 747 1418 782 in
1445 761 1562 799 quae-

73 802 254 839 stionibus
285 800 332 837 de
366 814 406 836 re
439 801 590 851 publica
619 798 900 846 constituenda,
928 800 992 836 illo
1012 806 1185 850 tempore
1206 802 1376 838 maxime
1401 805 1563 854 agitatis,

73 856 177 895 haud
198 870 294 894 vana
322 857 365 893 fit
383 858 566 908 suspicio3
596 856 672 893 vid.
691 856 789 903 VIII,
817 854 892 896 140
915 857 951 901 ξ.
978 858 997 895 1
1019 856 1110 908 ibiq.
1132 863 1227 894 nott·
1249 858 1299 894 T·
1327 859 1380 895 IV
1405 873 1444 910 p.
1470 862 1564 903 195.

71 915 142 962 IX,
173 912 240 954 48.
261 915 311 951 T.
335 914 387 950 IV
414 927 451 964 p.
473 915 568 953 280.
592 915 658 957 ΙΙΙ,
678 914 730 952 80
750 927 787 963 p.
812 911 891 952 142
933 913 983 949 Τ.
1010 913 1059 949 ΙΙ.
1115 914 1194 951 Nec
1214 913 1304 950 inde
1329 916 1565 963 mirabimur,

73 971 219 1017 Persis,
251 972 330 1006 aliis
353 971 531 1017 barbaris,
562 968 722 1006 subinde
743 982 787 1005 ea
806 969 930 1015 tribui,
962 982 1059 1020 quae
1077 969 1115 1005 in
1138 971 1329 1007 Graecum
1348 975 1471 1023 potius
1490 972 1566 1012 ho-

73 1029 232 1074 minem,
250 1025 502 1078 sophistarum
545 1033 580 1063 et
610 1025 806 1062 rhetorum
837 1026 876 1060 in
909 1024 1046 1062 scholis
1074 1028 1258 1063 nutritum
1297 1034 1334 1065 et
1360 1029 1566 1068 educatum

75 1085 318 1121 conveniant.
375 1082 459 1122 vid.
479 1084 546 1131 ΙΙΙ,
578 1085 644 1122 71.
667 1085 733 1122 72.
764 1083 828 1120 80.
850 1082 894 1129 V,
915 1080 954 1121 4.
976 1082 1045 1132 (Τ.
1061 1084 1113 1117 III
1140 1097 1177 1133 p.
1199 1084 1298 1133 811)
1321 1085 1364 1133 V,
1395 1087 1463 1127 24.
1483 1089 1565 1136 VII,

79 1143 130 1181 10
157 1141 193 1185 ξ.
210 1139 236 1179 4
253 1141 338 1178 coll.
360 1141 439 1187 Vll,
466 1142 558 1179 102,
580 1139 656 1179 152
679 1145 715 1174 et
731 1138 831 1174 conf.
852 1140 1137 1174 annotationem
1157 1138 1205 1176 ad
1222 1137 1291 1177 hos
1310 1141 1425 1180 locos.
1461 1143 1566 1183 Add.

76 1209 174 1249 quae
192 1197 221 1244 I,
239 1199 319 1236 207
340 1197 521 1233 Croesum
542 1194 731 1232 dicentem
750 1194 861 1242 facit,
897 1195 968 1230 alia
985 1194 1153 1232 eiusdem
1173 1198 1335 1246 generis.
1358 1195 1402 1249 ἢ)
1460 1201 1566 1238 Ana-

74 1266 231 1301 xagorae
258 1252 537 1303 philosophiam
565 1250 758 1288 Herodoto
779 1251 972 1301 cognitam
1001 1252 1114 1288 fuisse
1145 1266 1165 1288 e
1188 1254 1274 1290 loco
1304 1256 1371 1303 111,
1403 1258 1469 1302 80,
1499 1258 1567 1294 ubi

74 1311 301 1346 sententiam
335 1311 587 1359 Anaxagorae
620 1307 776 1345 decretis
797 1309 959 1344 similem
981 1310 1164 1358 enuntiat,
1185 1311 1268 1361 quis
1294 1313 1468 1362 colligat3
1490 1310 1566 1365 ἢ)

74 1367 295 1417 praesertim
314 1380 403 1403 cum
432 1367 504 1402 alio
525 1367 608 1402 loco
629 1366 675 1412 Il,
697 1367 751 1404 22
772 1363 855 1412 (ubi
871 1365 971 1401 conf.
993 1372 1088 1403 nott.
1110 1366 1161 1404 T.
1187 1368 1205 1401 I
1231 1380 1269 1417 p.
1292 1367 1402 1418 523)
1433 1377 1566 1408 contra

75 1423 326 1472 Anaxagorae
356 1424 582 1460 sententiam
613 1421 660 1458 de
697 1421 771 1457 Nili
792 1420 1011 1458 inundantis
1045 1422 1164 1459 causis
1188 1421 1366 1461 edisserat
1388 1424 1568 1464 historiae

75 1480 233 1529 scriptor
269 1486 306 1517 et
350 1481 429 1517 aliis
469 1492 622 1532 quoque
662 1478 702 1514 in
733 1478 844 1516 rebus
866 1478 912 1515 ab
957 1476 1031 1516 hoc
1067 1477 1294 1532 philosopho
1336 1481 1448 1521 valde
1486 1482 1568 1523 dis-

75 1536 226 1574 sentiat.

763 1681 799 1727 ἓ.
823 1682 888 1723 10.

188 1792 267 1832 Sed
285 1791 380 1831 haec
409 1792 546 1844 exigua
565 1791 682 1831 modo
702 1793 868 1832 fontium
885 1792 1025 1832 indicia
1044 1801 1153 1845 sunt,
1184 1810 1206 1833 e
1232 1797 1368 1850 quibus
1389 1798 1566 1837 Herodo-

77 1857 184 1889 teum
205 1865 297 1902 opus
317 1851 469 1888 fluxisse
484 1849 764 1888 existimemus!
823 1852 945 1888 Multo
961 1853 1068 1903 plura
1081 1883 1091 1902 ,
1112 1854 1232 1890 immo
1253 1856 1437 1904 plurima,
1468 1869 1568 1908 quae

80 1921 125 1944 eo
154 1909 418 1954 continentur,
447 1908 526 1957 ipse
552 1908 592 1943 in
620 1909 815 1945 itineribus
853 1911 1056 1959 comperit,
1097 1910 1176 1960 ipse
1195 1909 1309 1959 vidit3
1348 1924 1470 1963 eoque
1498 1927 1569 1964 po-

78 1965 266 2001 tissimum
287 1971 434 2014 praeter
453 1965 626 2000 locorum
648 1971 684 2000 et
703 1965 925 2014 regionum,
957 1978 1049 2016 quas
1070 1967 1149 2016 ipse
1170 1967 1273 2014 visit,
1299 1967 1567 2019 descripti0nes

79 2021 273 2057 retulerim
294 2033 390 2071 quae
407 2019 452 2056 de
477 2021 648 2070 templis,
678 2022 859 2071 portentis
872 2051 881 2068 ,
904 2023 1082 2069 oraculis,
1113 2021 1298 2071 donariis,
1336 2025 1415 2061 aliis
1436 2025 1475 2062 id
1494 2039 1567 2076 ge-

79 2090 173 2124 nus,
205 2084 270 2113 aut
291 2078 405 2113 etiam
425 2075 472 2112 de
486 2077 566 2127 ipsa
586 2089 714 2112 rerum
729 2076 881 2114 historia
901 2076 956 2114 his
976 2079 1063 2128 ipsis
1083 2079 1123 2114 in
1143 2080 1235 2116 locis
1264 2088 1457 2131 comperta
1476 2096 1566 2133 per-

79 2134 206 2171 scribit
235 2146 434 2184 nunquam
462 2145 540 2169 non
567 2132 733 2169 indicato
767 2134 872 2170 fonte
896 2135 957 2169 vel
977 2142 1143 2172 auctore.
1201 2136 1251 2173 Ut
1272 2138 1400 2187 paucis
1426 2137 1566 2189 dicam,

82 2189 186 2242 quod
215 2191 355 2237 sentio,
386 2190 447 2227 vel
475 2190 554 2240 ipse
574 2189 694 2234 vidit,
725 2203 822 2241 quae
849 2191 1015 2240 scripsit,
1047 2192 1107 2229 vel
1128 2204 1150 2228 a
1172 2192 1450 2242 sacerdotibus,
1472 2209 1567 2247 quos

80 2248 144 2283 illa
164 2253 284 2283 aetate
303 2260 372 2297 per
387 2247 572 2283 orientem
592 2247 763 2296 inprimis
784 2259 878 2283 unos
895 2246 1024 2284 doctos
1045 2262 1173 2284 rerum
1184 2257 1377 2299 gestarum
1391 2254 1568 2289 notitiam

81 2302 254 2340 habuisse
284 2310 453 2351 constat,
484 2304 629 2353 accepit
643 2303 864 2340 sciscitando
882 2304 941 2340 vel
962 2317 983 2340 a
1003 2307 1274 2343 mercatoribus
1289 2335 1299 2354 ‚
1330 2320 1422 2359 quos
1443 2308 1482 2344 in
1503 2310 1569 2346 iti-

82 2361 233 2398 neribus
253 2361 448 2409 convenit,
487 2361 543 2397 uti
561 2362 638 2397 iam
665 2371 778 2411 supra
806 2361 1039 2401 monuimus.
1096 2363 1341 2402 Praeiverant
1372 2363 1568 2404 Herodoto

174 2549 212 2593 *)
238 2548 338 2590 Quod
361 2560 442 2582 vero
467 2549 496 2590 I,
523 2549 599 2592 155,
623 2549 681 2583 ubi
706 2550 854 2584 Croesus
886 2549 979 2594 Cyro
1004 2550 1176 2584 consilium
1200 2550 1278 2594 dat,
1316 2551 1431 2596 Lydos
1454 2558 1492 2586 ut
1516 2553 1567 2587 ef-

91 2594 265 2629 feminatos
289 2595 420 2635 reddat,
447 2596 668 2628 Wachsmuth
701 2596 858 2638 (Hellen.
883 2597 1121 2630 Alterthuznsk.
1149 2598 1190 2638 11,
1213 2600 1235 2632 2
1269 2611 1300 2643 p.
1329 2601 1388 2641 17)
1421 2599 1568 2644 quaerit,

88 2639 150 2673 hoc
184 2641 302 2674 Croesi
330 2640 500 2674 consilium
535 2653 576 2674 ex
600 2641 662 2681 iis,
695 2653 782 2684 quae
807 2642 935 2675 Graeci
959 2644 1093 2684 tyranni
1118 2644 1181 2676 iam
1204 2650 1274 2677 tum
1299 2645 1464 2686 fecerint,
1489 2656 1568 2677 nuni

89 2686 272 2729 profectum
283 2687 337 2728 sit,
353 2698 392 2720 au
419 2698 459 2721 ex
484 2688 621 2720 Graeca
645 2687 774 2720 omuino
798 2687 935 2720 fluxerit
957 2688 1134 2726 sententia,
1149 2690 1275 2723 frustra
1297 2690 1377 2724 mihi
1401 2702 1568 2735 quaerere

88 2730 233 2765 videtur.
277 2732 400 2777 Neque
424 2732 511 2765 enini
533 2733 616 2766 talia
641 2733 762 2765 absunt
786 2744 806 2765 a
829 2744 946 2774 regum
969 2733 1178 2768 orientalium
1201 2747 1294 2770 more
1316 2741 1419 2781 atque
1440 2737 1567 2770 indole.

89 2776 147 2810 Tu
170 2777 257 2810 conf.
279 2778 374 2812 modo
402 2790 489 2824 quae
510 2779 546 2812 in
569 2783 655 2812 nott..
680 2790 714 2823 p.
740 2778 809 2812 354
831 2779 1012 2813 attulimus.

181 2843 241 2887 **)
266 2844 363 2878 Conf.
387 2846 486 2881 etiam
508 2846 539 2890 I,
564 2848 631 2883 103
655 2846 737 2893 ibiq.
765 2850 850 2880 nott.
867 2845 904 2880 in
926 2846 1013 2881 Add.
1038 2847 1082 2881 T.
1105 2847 1124 2882 I
1146 2859 1179 2894 p.
1202 2849 1281 2884 928.

145 2893 365 2931 HERODOT·
382 2895 448 2933 IV.
1238 2901 1294 2939 26
