1879 3222
225 191 310 233 398
772 186 1152 226 COMMENTATIO

906 356 945 402 §-
991 359 1032 398 8.

342 471 399 506 De
432 469 598 507 fontibus
635 467 811 506 historiae
837 466 1074 505 Herodoteae
1104 465 1238 504 dicturi
1274 467 1543 519 proficiscimur
1573 482 1594 505 e
1624 469 1709 506 loco

230 527 383 564 classico
404 528 451 574 11,
475 528 540 574 99,
565 524 667 562 unde
688 526 874 577 triplicem
896 526 973 561 sere
993 524 1214 560 narrationis
1242 525 1388 561 sontem
1409 526 1520 562 fnisse
1540 526 1710 576 scriptori

229 584 386 633 colligas
422 590 596 620 accurate
629 581 853 620 discernenti
883 583 981 618 inter
1011 593 1080 627 ea,
1126 593 1223 632 quae
1244 594 1265 616 a
1284 595 1323 617 se
1352 583 1431 631 ipso
1453 584 1528 618 visa
1552 590 1587 618 et
1616 594 1712 619 con-

229 647 357 690 specta
386 641 511 676 retulit
543 636 672 688 (ὄψις)
705 646 741 675 et
762 640 858 675 inter
879 651 945 684 ea,
976 649 1072 688 quae
1103 650 1151 672 ex
1181 637 1259 673 aliis
1282 638 1504 675 sciscitando
1534 639 1712 683 co¹novit

228 696 420 746 (ἷστοοίη)
453 702 490 733 et
510 694 674 748 denique
689 696 786 731 inter
806 707 861 741 ea,
892 707 988 745 quae
1009 706 1074 729 sua
1093 693 1206 759 ipsius
1226 694 1403 743 opinione
1423 694 1556 732 ductus
1585 696 1712 732 statuit

229 749 424 803 (γνώμη).
480 753 632 789 Verba
623 765 732 802 ipsa
722 751 901 787 afferam:
934 749 1041 799 μέχρι
1073 747 1143 798 μὲν
1172 745 1315 787 τούτου
1349 747 1444 817 όψξς
1471 765 1511 789 τε
1540 748 1613 802 ε’μή
1644 749 1712 790 καὶ

229 804 370 861 γνώμη
400 807 468 848 καὶ
503 808 654 859 ἱστορίη
685 809 807 845 ταῦτα
835 801 1001 856 λέγουσα
1034 804 1137 844 ἐστι·
1174 820 1224 873 το,
1264 803 1306 844 δὲ
1343 801 1423 845 nimi
1461 807 1599 854 τοῦδε,
1635 807 1714 846 Αἰ·-

230 866 424 930 γυπτιους
453 863 629 933 ἔρχομαι
640 860 783 915 λόγους
812 860 958 913 ἐρέων,
1007 858 1106 900 nami
1136 858 1183 900 τοὶ
1207 858 1381 911 ἤκουον·
1431 861 1643 912 προσέσται
1670 860 1714 902 δὲ

231 917 389 960 αὐτοῖσί
418 936 455 959 τι
484 922 552 959 καὶ
581 922 651 969 τῆς
680 919 776 969 ἐμης
804 916 935 967 όψιος.
992 917 1054 954 Ad
1089 931 1185 970 quae
1211 919 1313 955 conf.
1334 925 1428 958 nott.
1451 931 1538 969 pag.
1561 921 1639 960 701
1664 920 1714 956 T.

229 977 263 1015 I.
290 980 389 1014 Nam
408 978 625 1028 ubicunque
645 974 859 1012 Herodotus
879 988 956 1011 non
972 988 1146 1025 explesse
1166 973 1290 1022 addit,
1310 988 1349 1011 se
1369 975 1416 1011 ab
1438 976 1516 1012 aliis
1536 973 1716 1012 edoctum

228 1033 325 1072 haec
357 1046 553 1079 enarrare,
595 1034 674 1083 ipse
704 1031 798 1068 haec
827 1033 1032 1082 inspexisse
1051 1030 1217 1083 indeque
1248 1033 1416 1068 retulisse
1436 1031 1626 1082 putandus
1647 1038 1716 1072 est.

230 1091 490 1141 Quaecunque
511 1089 590 1125 aliis
607 1088 737 1126 debuit
752 1095 814 1125 aut
834 1087 986 1124 aliunde
1007 1095 1159 1139 accepta
1180 1089 1317 1136 retulit,
1348 1101 1391 1124 ea
1411 1101 1489 1125 non
1510 1088 1580 1125 nisi
1598 1088 1715 1136 fonte,

231 1160 281 1183 ex
297 1159 373 1198 qno
393 1153 617 1193 manarunt,
646 1145 811 1182 indicato
827 1146 921 1182 solet
941 1144 1086 1192 afferre,
1107 1143 1248 1181 addens
1269 1145 1430 1181 verbum
1451 1145 1550 1194 φασί
1569 1151 1634 1181 aut
1653 1143 1717 1183 λέ-

229 1215 346 1256 γουσι
366 1210 430 1239 aut
444 1203 565 1239 simile
586 1202 699 1254 quid:
729 1202 832 1238 unde
852 1202 913 1239 vel
932 1203 1111 1238 itinerum
1132 1202 1178 1238 ab
1192 1200 1385 1238 Herodoto
1404 1202 1592 1238 sactorum
1610 1201 1717 1238 testi-

229 1261 362 1297 monia
380 1258 485 1296 haud
507 1272 590 1295 raro
612 1259 732 1309 repeti
751 1272 858 1310 posse
877 1271 990 1309 supra
1001 1259 1035 1303 §.
1051 1261 1075 1299 7
1098 1256 1274 1295 vidimus.
1304 1259 1354 1294 Et
1381 1257 1476 1294 haec
1497 1265 1576 1295 tam
1588 1264 1718 1308 aperta

229 1317 348 1368 inque
377 1317 580 1366 conspicuo
601 1317 732 1366 posita,
762 1322 804 1352 ut
822 1328 937 1351 nemo
957 1316 1168 1366 quisquam,
1189 1316 1261 1351 nisi
1281 1322 1557 1368 praeoccupato
1576 1313 1717 1351 iudicio

229 1380 363 1423 captus
380 1402 390 1421 ‚
421 1373 632 1422 intelligere
652 1379 837 1424 nequeat:
869 1370 963 1407 illud
983 1383 1072 1408 vero
1099 1372 1249 1421 gravius
1281 1379 1394 1423 atque
1416 1370 1603 1408 difficilius
1623 1383 1718 1408 con-

230 1431 412 1477 stituere,
461 1430 492 1466 si
531 1442 626 1481 quos
651 1431 742 1466 alios
773 1435 966 1479 praeterea
994 1428 1116 1465 fontes
1146 1430 1280 1464 Noster
1307 1427 1459 1475 adierit,
1507 1428 1538 1464 si
1557 1428 1719 1464 aliorum

230 1487 369 1536 scripta
388 1487 619 1522 consuluerit
640 1493 676 1523 et
697 1499 745 1522 ex
758 1487 800 1522 iis
828 1483 932 1522 haud
952 1497 1073 1535 pauca
1101 1483 1162 1521 hic
1192 1485 1266 1520 illic
1286 1485 1325 1521 in
1345 1497 1432 1521 suos
1455 1484 1570 1521 libros
1594 1490 1720 1520 trans-

230 1544 378 1580 tulerit:
409 1544 630 1593 praesertim
650 1556 739 1579 cum
765 1549 852 1578 ante
872 1540 1111 1578 Herodotum
1141 1542 1265 1591 plures
1296 1548 1440 1578 constet
1467 1541 1581 1577 fuisse
1608 1541 1721 1590 logo-

231 1598 396 1650 graphos
416 1600 494 1635 sive
515 1612 643 1634 rerum
676 1600 873 1648 scriptores
890 1627 899 1645 ,
946 1599 1082 1649 quibus
1108 1599 1195 1648 ipsis
1223 1600 1404 1634 Nostrum
1433 1595 1719 1648 quodammodo

230 1667 430 1692 accensere
446 1656 568 1694 liceat.
625 1656 704 1690 Hos
723 1667 813 1690 vero
832 1655 863 1690 si
883 1653 1096 1689 Herodotus
1116 1655 1347 1690 consuluerit
1367 1655 1456 1690 etin
1476 1665 1588 1690 usum
1606 1665 1721 1689 suum

231 1710 465 1757 adhibuerit,
499 1709 657 1746 indicari
682 1711 813 1760 utique
851 1716 1150 1745 consentaneum
1180 1716 1233 1745 est
1265 1722 1284 1745 a
1310 1711 1490 1759 scriptore
1511 1709 1651 1760 alioqui
1678 1709 1720 1744 in

231 1768 368 1805 talibus
388 1774 469 1803 tam
488 1773 676 1803 accurato.
734 1769 785 1802 At
813 1766 878 1801 vix
898 1766 1019 1801 ullum
1040 1771 1187 1801 certum
1208 1764 1318 1802 buius
1342 1767 1397 1802 rei
1420 1766 1568 1815 uspiam
1599 1771 1720 1802 exstat

231 1824 454 1873 vestigium,
491 1824 562 1859 nisi
591 1822 767 1860 Hecataei
800 1820 960 1869 Milesii,
999 1821 1046 1858 de
1076 1835 1152 1872 quo
1187 1823 1368 1858 continno
1400 1834 1532 1858 sumus
1570 1819 1720 1869 dicturi,

231 1881 469 1917 mentionem
489 1877 565 1915 huc
585 1878 724 1915 referre
747 1878 875 1914 malis:
907 1891 997 1914 nam
1027 1877 1131 1930 quod
1153 1876 1201 1913 ad
1221 1876 1403 1914 Xanthum
1424 1877 1630 1928 resptxisse
1649 1890 1722 1915 vo-

231 1938 316 1974 lunt
337 1934 576 1972 Herodotum
596 1936 625 1982 1,
655 1937 720 1982 93,
753 1934 800 1971 de
820 1947 865 1970 eo
886 1947 989 1971 nunc
1009 1948 1088 1971 non
1110 1933 1258 1979 dicam,
1290 1934 1328 1971 id
1362 1947 1483 1970 unum
1505 1940 1607 1972 certo
1629 1934 1723 1986 poni

232 2006 341 2044 posse
361 1999 484 2040 ratus,
514 1990 754 2028 Herodotum
773 1993 811 2027 in
831 1990 1029 2042 Lydorum
1057 1992 1169 2027 rebus
1189 1990 1405 2028 enarrandis
1425 1989 1571 2028 Xanthi
1584 1992 1723 2042 scripta

232 2051 395 2086 minime
414 2049 648 2099 compilasse.
709 2048 764 2085 Cf.
785 2049 834 2086 T.
852 2050 868 2083 1
887 2062 924 2098 p.
943 2050 1037 2088 236.
1095 2050 1173 2084 Nec
1191 2048 1298 2084 aliter
1325 2048 1520 2084 statuerim
1547 2046 1594 2084 de
1627 2048 1723 2086 Cha-

232 2119 314 2143 rone
332 2105 584 2156 Lampsaceno,
605 2106 661 2142 uti
685 2105 763 2140 iam
791 2103 870 2140 dixi
890 2103 938 2140 ad
961 2105 990 2152 I,
1012 2107 1090 2144 160
1113 2105 1162 2141 Τ.
1184 2106 1200 2139 I
1220 2117 1256 2154 p.
1278 2104 1359 2146 358
1387 2105 1473 2141 coll.
1493 2104 1561 2149 Vl,
1583 2107 1650 2147 37.
1670 2104 1722 2142 T.

233 2164 288 2199 111
312 2175 399 2213 pag.
431 2165 512 2202 272
542 2169 654 2214 atque
693 2160 739 2198 de
760 2161 968 2203 Hellanico,
1002 2162 1107 2197 cuius
1138 2161 1252 2197 libros
1274 2168 1315 2197 ut
1336 2160 1529 2198 Herodoto
1550 2162 1723 2211 cognitos

234 2220 347 2256 fuisse
367 2225 553 2266 statuam,
594 2216 922 2270 quemadmodum
953 2216 1180 2269 quibusdam
1213 2217 1394 2266 placuisse
1419 2216 1544 2264 video,
1574 2218 1638 2255 abs
1658 2229 1723 2253 me

234 2276 437 2326 impetrare
476 2273 580 2311 haud
612 2287 765 2325 possum
782 2303 791 2320 ,
823 2287 911 2310 cum
943 2281 1043 2310 certa
1065 2273 1176 2310 liuius
1197 2275 1250 2309 rei
1270 2272 1407 2310 indicia
1429 2272 1551 2310 desint
1569 2275 1721 2311 omnia:

235 2333 356 2368 immo
386 2338 487 2368 recte
514 2330 610 2368 mihi
637 2338 799 2367 statuere
826 2330 974 2366 videtur
1002 2329 1233 2367 Dahlmann.
1264 2329 1330 2379 (in
1351 2329 1532 2368 Herodot.
1554 2344 1592 2381 p.
1615 2331 1721 2378 127),

237 2395 275 2424 et
298 2389 559 2436 Hellanicum,
601 2389 666 2440 qni
687 2386 878 2423 Herodoto
902 2388 972 2423 fuit
991 2400 1069 2423 non
1090 2388 1210 2422 multo
1231 2388 1376 2434 iunior,
1417 2393 1455 2424 et
1483 2386 1722 2424 Herodotum

237 2444 289 2480 ita
309 2446 517 2495 scripsisse,
545 2451 588 2481 ut
606 2451 741 2481 neuter
762 2444 912 2480 alterius
938 2446 1075 2493 scripta
1096 2445 1248 2492 cognita
1269 2443 1455 2481 habuerit.
1514 2443 1597 2488 Quo
1619 2448 1655 2478 et
1673 2441 1722 2477 il-

236 2500 305 2537 lud
325 2501 413 2537 facit
427 2531 436 2548 ‚
469 2500 572 2553 quod
590 2501 717 2538 SturZ.
737 2499 785 2537 ad
805 2500 990 2536 Hellanici
1010 2500 1187 2549 fragium.
1209 2514 1246 2550 p.
1271 2502 1332 2547 16,
1356 2501 1568 2537 observasse
1585 2496 1720 2536 video:

238 2556 474 2593 Herodotum
495 2559 661 2608 primum
680 2558 751 2595 sibi
771 2556 888 2594 videri
911 2569 1102 2606 exponere
1122 2555 1170 2592 de
1205 2558 1469 2593 constitutione
1494 2554 1722 2605 reipublicae

238 2613 449 2650 Laconicae
485 2615 548 2661 ΥΙ,
580 2614 646 2661 55,
677 2614 850 2666 quamvis
881 2613 1105 2649 eStrabone
1136 2620 1284 2663 pateat,
1321 2614 1398 2648 iam
1417 2612 1657 2648 Hellanicum
1677 2623 1722 2647 ea

242 2667 289 2705 de
310 2681 349 2704 re
365 2669 494 2718 egisse.
550 2671 676 2720 Atque
695 2670 797 2707 idem
819 2670 944 2707 Sturz.
966 2670 991 2706 l.
1012 2670 1038 2706 l.
1059 2683 1097 2719 p.
1122 2671 1282 2710 13—16
1303 2669 1390 2705 talia
1411 2667 1530 2715 affert,
1550 2681 1570 2703 e
1586 2668 1722 2719 quibus

242 2723 479 2761 Herodotum
512 2727 634 2774 potius
662 2727 708 2763 ab
740 2727 935 2763 Hellanico
967 2726 1214 2776 compilatum
1238 2724 1350 2761 fuisse
1378 2724 1565 2760 coniicias.
1622 2724 1722 2760 Hinc

242 2793 332 2821 vero
354 2779 592 2818 diiudicanda
613 2790 734 2833 eruut,
766 2795 863 2834 quae
882 2783 1083 2834 Dionysius
1103 2781 1436 2818 Halicarnassensis
1450 2778 1498 2817 ad
1518 2780 1723 2819 Cn.Pom-
