1996 3238
73 771 168 816 101

596 187 930 223 URANIA
989 187 1114 225 VIII.

1417 187 1498 228 139

236 297 338 351 ,,καὶ
366 293 622 352 Αἰγύπτιοι,
661 294 734 338 καὶ
763 294 957 348 Κύπριοί
985 312 1029 339 τε
1059 297 1132 340 καὶ
1162 297 1333 347 Κίλικες
1370 297 1499 340 κακοὶ

237 366 485 421 ,,έγε’νοντο,
533 362 664 406 οὐδὲν
707 362 817 417 πρὸς
846 363 1020 418 Πέρσας
1049 369 1180 408 τοῦτο
1211 363 1418 420 προσήκει
1448 381 1497 408 το

207 431 420 486 7,,πάθος.
441 430 551 487 ’Ήδη
583 425 657 484 ὧν,
689 430 835 487 ἐπειδή
860 429 914 474 ού
946 432 1112 487 Πέρσαι
1141 449 1210 476 τοι
1241 434 1373 476 αἴτιοί
1403 434 1498 485 εἶσι,

234 498 355 555 Ι»ἐμοὶ
393 501 559 543 πείθεο.

617 501 658 542 εἴ
693 515 762 542 τοι
801 499 1003 543 δέδοκται
1045 500 1102 556 μή
1133 500 1412 555 παραμένειν,
1445 499 1500 543 σύ

233 569 339 624 „niv
370 568 411 619 ές
441 567 550 623 ἤθεα
579 567 632 610 τοὶ
669 573 863 611 σεωυτοῦ
903 567 1136 621 ἀπέλαυνε,
1183 573 1258 624 τῆς
1297 572 1525 624 στρατιῆςῑ

233 634 441 690 ,,ἀπάγων
479 634 529 679 τό
569 635 758 680 πολλόν·
807 636 879 693 ἐμὲ
919 637 965 680 δέ
1005 647 1075 680 σοι
1104 636 1184 692 χρὴ
1212 636 1292 692 τὴν
1319 634 1503 679 Ἑλλάδα

233 708 497 759 ,,παρασχεῖν
529 706 871 761 δεδουλωμένην,
901 704 1136 761 τριήκοντα
1166 702 1385 760 μυριάδας
1423 707 1502 746 τοῦ

238 775 460 824 ,,στρατοῦ
491 771 856 829 ἀπολεξάμενον.“

930 777 1076 816 Ταῦῖα
1106 771 1300 823 ἀκούσας
1329 772 1502 827 Ξέρξης)
1561 792 1724 820 Artemisia
1742 799 1810 819 seu-

235 840 295 891 oe‘g
324 839 371 883 ἐκ
399 846 549 885 κακῶν
579 842 710 899 έχάρη
739 859 783 886 τε
812 842 887 886 καὶ
919 841 1059 898 ἥσθη·
1097 841 1207 896 πρός
1238 839 1501 894 Μαρδόνιόν

235 924 299 961 τε,
344 910 715 966 βουλευσάμενος,
757 911 860 967 ἔφη,
908 909 1257 963 ἀποκρινεῖσθαι,
1289 907 1532 962 ὁκότερον5

206 976 415 1032 Ξποιήσει
456 978 639 1021 τούτων.
697 979 755 1030 ὥς
793 979 840 1023 δὲ
879 977 1131 1035 ἐβουλεύετο
1170 976 1258 1032 ἅμα
1298 977 1505 1032 Περσέων

234 1049 349 1088 τοῖσι
379 1044 659 1102 ἐπικλήτοισι,
691 1047 808 1099 ἔδοξέ
848 1048 891 1090 οἱ
919 1047 993 1090 καὶ
1026 1044 1297 1102 Ἀρτεμισίην
1327 1047 1370 1098 ἐς
1400 1058 1506 1101 συμ-

236 1114 420 1169 βουλίην
430 1115 804 1169 μεταπέμψασθαι,
818 1115 885 1158 ὅτι
907 1114 1125 1169 πρότερον
1139 1114 1340 1169 ἐφαίνετο
1365 1115 1507 1170 μούνη

207 1180 429 1225 3νοέουσα
449 1182 502 1224 τὰ
532 1182 711 1239 ποιητέα
739 1178 808 1239 ἦν.
841 1181 899 1234 ὥς
929 1183 975 1227 δὲ
998 1183 1174 1226 ἀπίκετο
1198 1184 1224 1238 ἡ
1246 1182 1508 1239 Ἀρτεμισίη,
1523 1189 1565 1223 10

235 1250 609 1306 μεταστησάμενος
620 1253 723 1302 τούς
734 1252 892 1303 ἄλλους
903 1251 1006 1302 τούς
1026 1267 1071 1294 τε
1089 1250 1371 1306 συμβούλους
1391 1255 1506 1305 Περ-

237 1318 349 1362 σέων
377 1319 447 1362 uoci
478 1321 581 1370 τοὺς
604 1320 902 1375 δορυφόρους,
927 1319 1035 1371 ἔλεξε
1056 1318 1218 1375 Ξέρξης
1237 1319 1362 1363 τάδε·
1397 1321 1507 1371 „Ke-

236 1386 379 1440 ,,λευέι
406 1404 457 1443 με
471 1388 744 1442 Μαρδόνιος,
773 1389 962 1444 μένοντα
981 1385 1137 1440 αὐτοῦ,
1166 1393 1402 1444 πειρᾶσθαι
1431 1391 1508 1443 τῆς

237 1455 629 1512 ,,Πελοποννήσου·
666 1457 805 1513 λέγων
837 1455 897 1507 ὥς
925 1473 1002 1512 μοι
1031 1456 1199 1510 Πέρσαι
1226 1472 1270 1500 τε
1290 1454 1405 1501 καὶὸ
1439 1471 1510 1498 πε-

236 1523 338 1577 ,,ζο“ς
374 1524 555 1579 στρατὸς
599 1525 782 1577 οὐδενὸς
826 1527 1035 1581 μεταίτιοι
1068 1523 1236 1576 πάθεός
1266 1527 1367 1576 εἰσι,
1398 1522 1506 1566 ἀλλά
1522 1529 1565 1564 15

207 1592 584 1648 4,,βουλομένοισί
623 1605 704 1651 σφι
731 1593 889 1653 γένοιτ’
929 1593 986 1638 ἂν
1015 1592 1228 1647 ἀπόδεξις.
1285 1592 1360 1650 ἐμὲ
1391 1586 1452 1636 ὧν
1481 1591 1509 1648 ἢ

181 1765 230 1808 τά
257 1766 366 1820 ἤθεα
391 1767 578 1807 Herodoti
609 1781 658 1805 ex
686 1783 759 1807 usu
787 1767 848 1806 di-

183 1833 322 1863 cuutur
343 1827 542 1874 domicilia,
572 1826 689 1876 sedes,
721 1834 763 1864 ut
782 1828 847 1875 IV,

182 1885 251 1924 76.
267 1886 334 1924 80.
355 1884 407 1932 V,
431 1883 497 1924 14.
521 1883 571 1923 15
593 1890 664 1921 etc.
693 1883 757 1921 Ad
776 1898 849 1922 vo-

185 1952 248 1976 ces
287 1943 360 1988 τῆς
410 1939 595 1990 στρατιῆς
630 1937 675 1981 τὸ
699 1938 849 1981 πολλόν

186 1996 286 2034 conf,
306 1994 441 2034 Matth.
464 1998 531 2034 Gr.
552 1998 617 2034 Gr.
638 1999 676 2044 §.
697 1997 777 2039 442
790 2027 800 2047 ,
822 2001 848 2040 3

185 2065 275 2105 pag.
298 2055 392 2094 827.

428 2142 521 2193 cap.
543 2142 605 2180 CI.

245 2224 370 2262 ταῦτα
395 2217 590 2270 ἀκούσας]
630 2223 745 2270 „Non
780 2223 853 2259 ali-

188 2285 246 2317 ter
285 2280 332 2316 ab
367 2277 564 2316 Herodoto
607 2280 768 2330 scripta,
798 2280 851 2317 sic

188 2350 258 2374 suo
287 2337 360 2373 situ
386 2337 502 2374 verba
531 2349 684 2388 quoque
713 2343 853 2388 potue-

190 2401 277 2431 rant
299 2393 497 2430 collocari:
528 2390 640 2444 ἥσθη
666 2407 707 2432 τε
729 2396 853 2433 ταῦτα

193 2445 370 2495 ἀκούσας
384 2449 531 2503 Ξέρξης
546 2449 614 2488 καὶ
639 2447 693 2497 ὥς
716 2449 759 2490 ἐκ
779 2466 854 2491 κα·-

190 2509 278 2546 καῖν
304 2503 442 2558 ἐχάρητ
483 2513 527 2543 ut
556 2507 622 2544 lib.
654 2507 707 2543 III
727 2521 760 2545 c.
783 2507 850 2549 34.

188 2559 304 2614 ἥσθη
327 2578 368 2603 τε
389 2565 513 2602 ταῦτα
541 2559 716 2611 ἀκούσας
738 2567 854 2617 Καμ-

191 2618 320 2674 βύσης
329 2619 396 2661 καὶ
415 2627 499 2669 etc„
519 2622 586 2658 ubi
607 2623 771 2659 eiectum
792 2637 854 2661 re-

195 2677 264 2716 diit
284 2679 325 2715 in
351 2690 462 2715 suam
495 2677 626 2716 sedem
663 2675 854 2728 ἀκούσας.

194 2734 295 2773 Illud
315 2733 368 2783 ὥς
388 2735 431 2775 ἐκ
458 2738 595 2775 κακῶν
619 2732 738 2787 ἐχάρη
769 2742 855 2775 tan-

196 2804 301 2843 quam
320 2805 363 2831 ex
383 2791 487 2831 malis
507 2794 657 2843 gavisus
679 2796 743 2843 est,
772 2808 853 2833 non

903 1781 1046 1820 purum
1065 1767 1179 1804 fuisse
1200 1764 1386 1817 gaufflum
1413 1763 1570 1814 indicat,

904 1825 971 1863 sed
992 1825 1376 1878 quantulumcunque
1396 1830 1480 1874 post
1505 1823 1570 1859 in-

905 1884 1102 1934 opinatam
1129 1881 1225 1918 adeo
1256 1880 1405 1917 cladem
1436 1893 1457 1916 a
1477 1892 1570 1930 rege

904 1941 1069 1991 superbo
1090 1940 1220 1976 sentiri
1239 1938 1427 1989 poterat.“
1463 1936 1570 1974 Val-

905 2011 924 2035 ε
934 1997 955 2034 Ιι·
965 2011 981 2035 e
993 2011 1027 2034 n.
1060 1999 1118 2033 De
1129 1997 1333 2032 Persarum
1354 1995 1572 2046 principum

907 2055 1094 2091 concione
1109 2052 1212 2089 conf.
1232 2059 1328 2091 nott.
1351 2051 1399 2089 ad
1419 2052 1509 2098 VII,
1531 2053 1572 2092 8.

906 2111 1053 2147 Vocem
1067 2109 1326 2159 συμβουλίην,
1343 2121 1441 2160 quae
1456 2109 1572 2144 etiam

907 2167 1047 2217 legitur
1075 2167 1185 2214 VIII,
1231 2168 1331 2212 103,
1363 2165 1493 2202 notavi
1522 2163 1572 2201 ad

909 2225 975 2268 ΙΙΙ,
992 2226 1027 2263 1.
1039 2222 1101 2260 Ad
1113 2217 1457 2274 μεταστησάμενος
1468 2221 1572 2259 conf.

908 2282 1019 2328 VIII,
1041 2282 1108 2320 81.

967 2332 1066 2376 ἀλλά
1096 2332 1378 2388 βουλομένοισί
1407 2346 1479 2383 σφι
1509 2332 1573 2386 γέ-

908 2389 1012 2434 νοιτ’
1030 2389 1082 2433 ἂν
1111 2389 1313 2441 ἀπόδεξις]
1348 2393 1373 2432 i.
1396 2405 1428 2430 e.
1451 2391 1574 2427 luben-

909 2455 961 2489 ter
1000 2464 1036 2488 se
1072 2451 1112 2497 (i.
1146 2463 1179 2487 e.
1199 2448 1349 2499 Persas)
1390 2448 1493 2485 huius
1521 2448 1575 2485 ‘rei

909 2509 1149 2546 documentum
1169 2519 1238 2543 esse
1255 2505 1413 2553 daturos,
1441 2511 1482 2542 ut
1502 2518 1575 2541 ex-

909 2567 1025 2617 plicat
1072 2561 1305 2615 Stephanus.
1361 2563 1428 2600 Tu
1471 2561 1573 2600 conf.

909 2621 1047 2660 Matth.
1079 2622 1145 2658 Gr.
1175 2622 1239 2657 Gr.
1263 2621 1301 2666 §.
1337 2622 1442 2666 388,
1506 2618 1574 2670 qui

909 2679 1013 2717 idem
1036 2679 1073 2723 ξ.
1095 2680 1174 2718 626
1191 2691 1230 2728 p-
1247 2679 1354 2718 1276
1376 2677 1460 2714 coll.
1473 2678 1575 2712 Har-

910 2744 1019 2787 tung.
1032 2733 1158 2771 Lehre
1177 2748 1212 2772 v.
1235 2732 1274 2771 d.
1295 2734 1473 2771 Gr.Part.
1495 2734 1513 2769 I
1532 2746 1572 2783 p.

916 2796 990 2835 111
1017 2790 1066 2830 ad
1085 2792 1202 2831 verba
1220 2793 1300 2831 νῦν
1324 2805 1374 2831 τε
1394 2785 1573 2842 συμβού-

1558 827 1683 855 tentiam
1700 830 1819 866 togata,
