1879 3222
363 247 430 284 DE
460 244 583 283 VITA
611 244 684 280 ET
713 243 947 282 SCRIPTIS
977 244 1253 283 HERODOTI.
1474 243 1559 285 4⁰5

71 358 139 398 sed
166 359 363 412 perspicax
382 363 418 395 et
445 356 565 404 iniis,
595 368 694 408 quae
712 355 792 407 ipse
813 356 1036 405 observavit,
1058 358 1301 408 enarrandis,
1324 356 1558 395 accuratissi-

72 430 178 466 mus,
209 429 303 454 num
333 427 419 452 eum
447 426 535 450 vera
563 413 724 450 scribere
754 415 907 463 potuisse
930 414 1186 464 negabimus?
1242 417 1294 453 At
1323 415 1437 454 verba
1467 412 1557 451 dare

71 481 246 525 poterant
265 473 333 524 ipsi
343 483 435 522 quos
454 471 659 507 sciscitatus
681 476 735 506 est
759 472 837 508 sive
856 470 1066 507 sacerdotes
1085 473 1163 509 sive
1183 480 1412 510 mercatores
1433 484 1557 523 eoque

71 530 188 568 modo
208 531 330 581 ipsum
348 527 475 563 fallere
506 527 599 564 etin
628 540 770 564 errores
798 528 1006 578 implicare.
1063 529 1165 565 Num
1187 542 1300 576 vero,
1341 541 1492 581 quaeso,
1516 528 1556 564 in

70 594 151 624 toto
172 586 407 623 historiarum
428 596 542 634 opere
564 584 678 620 talem
698 597 738 620 se
756 584 910 633 praebet
930 582 1106 620 historiae
1126 593 1244 636 pater,
1266 586 1326 622 cui
1348 593 1425 622 tam
1446 585 1556 621 facile

70 639 271 694 imponas?
326 639 519 692 Equidem
550 638 624 677 hoc
658 641 722 677 vix
749 640 829 677 fieri
857 641 1021 691 potuisse
1041 648 1133 691 puto
1158 643 1198 678 in
1227 642 1306 678 viro
1338 648 1416 678 tam
1444 648 1556 678 cauto

70 706 224 752 tamque
251 698 391 735 sollerti
412 704 448 734 et
469 696 639 747 diligenti
659 710 785 733 rerum
801 698 1043 748 indagatore,
1072 699 1225 749 qualem
1246 700 1423 734 Nostrum
1443 697 1556 734 fuisse

68 756 153 793 libri
170 755 385 805 superstites
409 753 600 801 indicant,
634 755 674 790 in
696 755 831 806 quibus
851 756 917 792 vix
936 755 1034 791 ullus
1050 755 1235 805 reperitur
1268 755 1398 803 locus,
1434 767 1455 789 e
1478 767 1557 806 quo

67 812 181 848 Illum
216 811 387 848 consulto
415 811 454 847 in
486 823 629 848 errores
660 810 867 848 deductum
897 818 960 848 aut
985 824 1023 848 se
1051 810 1175 863 decipi
1201 824 1355 863 passum
1385 823 1476 858 esse,
1505 811 1555 846 li-

65 867 184 920 quido
205 875 503 905 commonstrare
523 868 652 919 possis.
696 870 793 904 Nam
816 867 918 920 quod
939 867 987 904 ad
1005 869 1212 919 Aegyptias
1236 881 1294 906 res
1315 868 1555 919 poti5simum

65 925 313 975 confugiunt,
342 938 363 961 a
392 924 647 962 sacerdotibus
676 925 873 976 Aegyptiis
903 925 1018 963 verba
1040 924 1235 962 Herodoto
1258 924 1345 962 data
1367 937 1446 961 esse
1473 924 1554 961 cla-

64 982 261 1030 mitantes,
291 980 330 1018 id
352 994 467 1033 quam
486 981 682 1018 infirmum
702 982 770 1030 sit,
805 983 962 1032 singulis
986 983 1078 1019 locis
1097 981 1137 1018 in
1158 982 1404 1019 annotatione
1425 987 1554 1018 osten-

65 1036 212 1087 dimus3
249 1039 321 1075 alia
345 1037 443 1075 hanc
462 1038 501 1074 in
522 1051 604 1075 rem
626 1037 813 1089 disputavi
831 1039 871 1075 in
891 1037 1013 1074 Iahnii
1035 1045 1071 1076 et
1102 1040 1240 1076 Klotzii
1265 1040 1363 1076 Nov.
1397 1038 1554 1075 Annall.

63 1093 210 1146 philon.
241 1102 277 1132 et
305 1093 491 1146 paedagg.
513 1095 565 1132 VI
579 1109 616 1146 p.
637 1097 718 1135 209
734 1108 826 1147 seq.,
850 1108 946 1147 quae
967 1093 1030 1132 hic
1058 1102 1229 1146 repetere
1257 1108 1337 1132 non
1366 1101 1476 1132 vacat
1494 1090 1554 1146 ἢ).

63 1153 197 1204 Itaque
225 1151 485 1200 Herodotum,
530 1164 646 1203 quem
679 1164 815 1188 verum
847 1152 997 1189 voluisse
1028 1151 1176 1189 tradere
1207 1151 1462 1199 ostendimus,
1485 1163 1552 1201 po-

64 1210 172 1246 tuisse
199 1221 352 1261 quoque
373 1207 467 1245 illud
496 1207 645 1245 tradere
666 1207 894 1245 crediderim
924 1221 995 1245 nec
1018 1208 1228 1261 quidquam
1249 1209 1295 1246 ab
1317 1221 1362 1246 eo
1382 1213 1555 1259 praeter-

62 1266 241 1313 missum,
273 1278 348 1317 quo
365 1263 452 1302 huic
477 1265 603 1303 officio
634 1266 875 1303 satisfaceret.
953 1266 1184 1303 satisfecisse
1219 1272 1349 1302 autem
1379 1262 1554 1302 Herodo-

61 1327 145 1358 tum
165 1329 248 1359 tum
270 1335 335 1369 ea,
366 1335 464 1374 quae
484 1322 699 1369 attulimus,
722 1329 1046 1370 commonstrant,
1079 1329 1165 1359 tum
1180 1323 1303 1359 omnis
1332 1322 1454 1373 operis
1490 1321 1554 1356 in-

62 1377 168 1415 doles
185 1408 194 1426 ,
226 1378 374 1416 vividus
403 1380 466 1415 ille
496 1392 540 1416 ac
575 1379 724 1416 nativus
753 1379 883 1428 color,
917 1380 983 1431 qui
1002 1379 1056 1415 nil
1083 1377 1200 1416 habet
1219 1379 1457 1432 quaesitum,
1497 1377 1554 1414 nil

61 1434 256 1483 fictitium,
288 1436 429 1487 quique
450 1436 496 1472 ab
520 1435 626 1472 omni
644 1435 733 1473 fuco
754 1436 859 1472 inani
878 1449 1028 1486 prorsus
1049 1443 1103 1473 est
1122 1437 1279 1473 alienus.
1301 1432 1372 1482 iffi)
1401 1436 1451 1471 Et
1479 1447 1554 1471 no-

61 1498 136 1529 stra
165 1498 307 1540 aetate,
339 1492 415 1544 quii
443 1499 498 1529 tot
525 1493 824 1543 peregrinatores
858 1493 1124 1530 remotissimas
1162 1505 1333 1545 quasque
1367 1492 1481 1529 Asiae
1516 1497 1554 1528 et

61 1549 214 1585 Africae
241 1549 370 1599 plagas
402 1550 624 1600 perscrutati
659 1556 764 1596 sunt,
794 1550 975 1601 pleraque
1004 1550 1083 1586 fere
1110 1563 1265 1598 eorum,
1296 1561 1395 1600 quae
1424 1547 1471 1585 de
1494 1545 1553 1584 his

61 1605 148 1655 ipsis
178 1606 395 1655 regionibus
425 1604 550 1642 adhuc
588 1607 791 1655 incognitis
818 1605 920 1657 apud
953 1605 1193 1642 Herodotum
1223 1604 1359 1642 tradita
1390 1610 1552 1652 exstant,

62 1674 226 1713 quorum
251 1660 355 1698 haud
374 1675 495 1712 pauca
511 1662 612 1712 prius
631 1663 698 1698 vix
717 1663 835 1699 ullam
858 1661 975 1699 fidem
994 1675 1140 1699 merere
1161 1660 1407 1709 videbantur,
1448 1673 1553 1697 nunc

62 1719 113 1755 ita
142 1725 274 1755 exacte
301 1725 338 1755 et
367 1725 540 1756 accurate
561 1719 692 1770 reique
717 1726 798 1755 tam
819 1719 1092 1756 convenienter
1119 1718 1257 1756 tradita
1275 1719 1432 1755 inventa
1451 1723 1552 1764 sunt,

60 1782 104 1812 ut
132 1775 213 1811 iure
237 1775 403 1823 mireris,
443 1774 520 1827 quai
544 1774 738 1825 diligentia
769 1774 985 1812 Herodotus
1011 1776 1161 1826 singula
1196 1775 1478 1825 perlustraverit
1516 1779 1553 1810 et

62 1833 333 1868 examinaverit
352 1845 423 1868 nec
445 1845 618 1883 unquam
638 1832 716 1868 fere
737 1833 860 1883 lapsus
880 1833 1043 1869 falsusve
1057 1834 1116 1870 sit.
1145 1828 1244 1881 mm)
1286 1832 1360 1877 Qui
1378 1832 1492 1881 igitur
1511 1830 1552 1865 in

61 1889 106 1924 iis
120 1917 129 1935 ‚
170 1901 268 1940 quae
282 1889 361 1938 ipse
382 1887 476 1925 vidit
499 1890 779 1940 comperitque,
824 1902 903 1925 non
923 1889 1036 1926 falsus
1058 1896 1131 1936 est,
1161 1901 1257 1925 num
1278 1901 1368 1924 eum
1393 1894 1472 1924 tam
1492 1886 1552 1923 fa-

62 1945 134 1981 cile
164 1945 210 1980 ab
233 1945 312 1981 aliis
331 1944 411 1980 falli
439 1946 602 1995 potuisse
635 1945 813 1981 credibile
836 1952 913 1993 est,
941 1946 1162 1996 praesertim
1197 1958 1287 1981 cum
1320 1950 1424 1980 tanta
1455 1942 1552 1990 crisi,

63 2013 162 2052 quae
185 2013 235 2036 ne
255 2007 405 2038 nostrae
425 2000 582 2052 quidem
612 2003 740 2038 aetatis
762 2003 887 2038 virum
902 2000 1095 2047 dedeceat,
1121 2000 1262 2037 iudicio
1285 2007 1363 2037 tam
1383 2000 1551 2047 subacto,

63 2070 317 2109 quaecunque
338 2058 495 2108 accepit,
516 2056 697 2108 disquirat
716 2071 787 2095 nec
808 2059 885 2094 ulla
905 2071 945 2093 re
966 2071 1005 2094 se
1026 2057 1205 2094 deterreri
1225 2058 1343 2105 sinat,
1374 2069 1451 2108 quo
1475 2057 1552 2092 mi-

61 2127 135 2150 nus
159 2127 293 2151 verum
316 2114 498 2152 inveniat.
551 2115 617 2150 Est
646 2113 802 2165 quidem
831 2116 965 2151 Noster
985 2109 1257 2166 λογογράφος,
1279 2120 1465 2165 quatenus
1483 2125 1553 2149 ve-

62 2177 187 2208 terum
202 2165 346 2223 λόγους
366 2177 542 2208 accurate
562 2177 599 2207 et
624 2171 796 2221 religiose
817 2171 964 2221 retulit3
997 2170 1064 2208 sed
1094 2170 1198 2209 idem
1219 2183 1374 2224 quoque
1395 2168 1552 2207 histori-

154 2351 183 2389 ’δ
218 2351 271 2385 De
294 2352 448 2395 Aegypto
472 2362 559 2396 quae
583 2349 672 2395 apud
696 2349 906 2384 Herodotum
928 2349 1106 2383 memoriae
1118 2349 1252 2395 prodita
1275 2349 1421 2389 exstant,
1446 2348 1555 2381 eaaut

63 2397 136 2442 ipse
171 2398 255 2431 vidit
287 2398 480 2431 Herodotus
510 2396 740 2441 comperitque
774 2397 838 2439 (Il,
862 2397 923 2437 99)
949 2400 1008 2429 aut
1032 2408 1052 2428 a
1076 2396 1309 2429 sacerdotibus
1334 2393 1466 2437 accepit
1482 2397 1554 2427 tra-

64 2444 134 2477 ‹h'ta
165 2443 429 2488 Hieropolitanis
455 2446 489 2475 et
511 2443 709 2486 praesertim
734 2441 962 2486 Memphiticis
987 2442 1053 2485 (ΙΙ,
1078 2442 1110 2475 3.
1125 2443 1205 2485 99);
1231 2441 1318 2475 unde
1340 2439 1441 2473 etiam
1455 2450 1553 2482 prae-

66 2489 194 2533 cipuam
229 2488 432 2523 narrationis
473 2494 605 2532 partem
637 2500 692 2522 res
715 2489 958 2532 Memphiticae
993 2488 1211 2521 constituunt.
1260 2487 1316 2519 Cf.
1350 2486 1394 2526 ΙΙ,
1421 2484 1473 2519 15.
1497 2485 1554 2520 99.

67 2537 144 2570 100.
191 2536 289 2576 Quae
322 2535 365 2568 ad
404 2545 529 2567 arcana
549 2545 647 2567 sacra
675 2538 710 2568 et.
731 2535 925 2567 interiorem
951 2534 1119 2577 religionis
1142 2533 1329 2566 doctrinam
1368 2530 1554 2575 pertinent,

67 2583 216 2615 consulto
242 2580 482 2626 praetermissa
504 2591 578 2613 esse
609 2580 682 2625 ipse
706 2580 868 2615 declarat.
916 2580 991 2614 Vid.
1016 2580 1107 2612 locos
1145 2589 1250 2624 supra
1271 2577 1440 2612 laudatos.

157 2648 204 2693 ”)
228 2649 308 2683 Vid.
331 2649 529 2684 Dahlmann.
555 2647 720 2682 Herodot.
743 2659 822 2693 pag.
848 2646 914 2682 184
937 2658 1010 2691 seq.

158 2715 233 2760 ***)
258 2717 346 2752 ΝοΙο
369 2718 434 2751 hac
456 2717 489 2751 in
513 2728 552 2751 re
574 2715 765 2750 testimonia
792 2726 988 2759 congerere,
1010 2724 1098 2759 quae
1126 2711 1449 2748 affatimHerodotei
1478 2711 1554 2745 libri

68 2761 190 2806 quavis
215 2763 288 2797 fere
314 2764 438 2807 pagina
471 2763 642 2797 exhibent.
699 2763 812 2806 Atque
836 2765 889 2793 vel
914 2760 972 2795 ubi
996 2765 1113 2802 errat,
1143 2759 1243 2795 facile
1267 2759 1390 2794 erroris
1418 2768 1553 2792 causam

68 2807 248 2851 intelligas.
295 2810 371 2842 Uno
402 2810 569 2854 defungar
605 2807 756 2853 exemplo
789 2807 836 2849 11,
866 2807 933 2849 343
982 2805 1026 2841 de
1059 2818 1126 2852 quo
1159 2805 1227 2841 vid.
1261 2805 1376 2840 Kruse
1398 2804 1451 2839 De
1473 2801 1553 2836 Istri

69 2853 179 2887 Ostiis
201 2865 234 2898 p.
259 2853 304 2888 32
324 2866 395 2901 seq.
420 2854 476 2890 34.
