1879 3222
443 215 907 254 CALLIOPE.

966 216 983 251 1
992 215 1044 252 X.
1288 216 1370 255 289

116 346 222 386 χου,
251 327 380 380 ,,ου’κ,
410 324 516 380 ἔφη,
547 323 649 373 τούς
667 323 834 374 ξδίνθυς
853 323 1104 378 φεύξεσθαι,
1137 324 1239 369 οὐδὲ
1261 325 1373 368 ἑκών

118 395 256 448 „sivan
285 393 522 450 αἰσχυνέειν
538 391 618 448 τήν
639 389 896 446 Σπάρτην.“
924 392 1145 448 ἐθωύμαζέ
1170 409 1212 436 τε
1237 392 1376 447 ὁρέων

116 465 164 510 τὸ
195 463 474 518 ποιεύμενον,
511 459 582 502 ἅτε
614 457 666 502 οὐ
696 458 1050 514 παραγενόμενος
1089 464 1149 516 τῷ
1178 461 1430 517 προτέρῳ45

87 531 242 590 3λόγῳ.
300 528 322 573 ὁ
356 529 400 573 δὲ
432 529 686 583 Παυσανίης
721 542 765 570 τε
802 527 875 569 καὶ
912 524 935 570 ὁ
966 525 1201 580 Εὐρυάναξ
1231 529 1377 573 δεινὸν

115 598 194 655 μὲν
220 597 445 641 ἐποιεῦντο
475 597 524 640 τό
564 596 621 652 μή
657 596 888 638 πείθεσθαι
917 593 1082 637 ἐκεῖνον
1113 597 1257 650 σφίσι,
1296 599 1376 640 δει-

115 664 295 721 νότερον
325 666 371 710 δὲ
401 665 480 718 ἔτι,
511 667 659 710 κείνου
678 665 813 706 ταῦτα
842 663 1115 718 νενωμένου,
1148 662 1374 707 ἀπολιπεῖν

58 823 146 861 hors
183 837 281 861 num
314 824 461 862 dicatur
490 822 510 864 ὁ
536 829 714 875 Πιτανη-

57 880 157 921 τέων
182 878 298 932 λόχος
331 895 379 918 an
429 879 451 921 ὁ
481 879 714 933 Πιτανήτεω

57 935 200 988 λόχοςΡ
250 937 328 975 Sed
349 939 499 989 gravius
518 937 591 975 hoc
608 969 617 987 ,
655 951 716 974 ar-r-

59 1001 289 1044 gumentum
318 997 392 1032 loci
425 996 455 1032 si
489 1002 715 1046 spectemus,

59 1050 164 1102 quod
199 1050 446 1103 Thucydides
467 1052 502 1098 I,
533 1054 608 1099 20,
639 1064 714 1103 quo

59 1108 144 1144 loco
165 1121 255 1144 sane
288 1108 525 1145 memorabili
544 1108 716 1145 Herodo-

60 1171 142 1201 tum
162 1166 265 1215 tangi
287 1167 508 1216 opinantur,
543 1163 612 1204 τόν
638 1167 718 1203 Πι-

59 1217 234 1272 τανοίτην
260 1218 376 1274 λόχον
400 1234 570 1272 unquam
600 1222 718 1258 exsti-

58 1278 144 1314 tisse
159 1285 287 1328 negat.
349 1277 566 1330 Equidem,
606 1280 719 1315 missa

58 1334 122 1370 illa
157 1333 447 1385 disceptatione,
484 1333 559 1386 quai
594 1338 719 1371 Hero-

60 1389 169 1427 dotus
210 1404 258 1427 an
295 1390 544 1442 Thucydides
594 1404 719 1428 errore

59 1447 172 1483 suerit
203 1448 328 1498 lapsus
359 1448 571 1499 disquirunt
599 1450 717 1500 inque

60 1502 224 1541 diversas
264 1505 403 1542 abeunt
429 1512 573 1555 partes,
613 1503 718 1541 haud

59 1573 149 1597 sane
183 1562 381 1611 intelligo,
421 1575 488 1598 cur
521 1561 717 1598 Herodoto

61 1630 146 1653 eam
167 1615 364 1654 cohortem
382 1647 392 1666 ,
423 1630 538 1669 quam
559 1620 717 1655 Pitanae

58 1674 164 1710 vicus
195 1672 243 1709 ad
265 1675 542 1724 Spartanorum
570 1675 719 1711 exerci-

59 1737 143 1766 tum
163 1731 285 1779 misit,
319 1730 442 1767 dicere
461 1743 540 1768 non
570 1731 719 1768 licuerit

62 1786 318 1824 Pitanatarum
373 1786 571 1824 cohortem?
631 1788 720 1824 Fuit

62 1844 166 1879 enim
187 1843 324 1880 Pitana
346 1857 445 1881 unus
467 1857 515 1880 ex
537 1845 722 1896 antiquis-

61 1901 164 1936 simis
186 1900 344 1950 Spartae
372 1902 486 1947 vicis,
525 1908 568 1937 ut
605 1914 722 1937 mon-

62 1956 176 1992 stravi
197 1956 244 1992 ad
264 1958 329 2003 111,
354 1956 427 2003 55,
450 1955 536 1993 add.
560 1958 723 1994 Korti'un

62 2013 101 2048 in
120 2010 327 2049 Schlosser.
350 2019 385 2048 et
397 2011 547 2049 Bercht.
564 2013 720 2050 Archiv.

63 2069 114 2105 IV
135 2081 222 2118 pag.
247 2069 336 2109 142.
361 2069 452 2115 152,
480 2069 546 2104 ubi
565 2071 722 2106 Pitanae

62 2138 207 2161 nomen
235 2137 313 2160 non
345 2123 485 2161 ordinis
512 2125 723 2174 cuiusdam,

63 2180 130 2219 sed
169 2181 243 2218 loci
288 2181 604 2230 significationem
646 2196 724 2219 esse

64 2244 165 2275 recte
187 2237 395 2275 contendit.
443 2239 635 2275 Locorum
657 2252 725 2275 au-

63 2302 144 2332 tem
165 2308 207 2332 ac
222 2295 393 2331 vicorum
411 2296 588 2347 autiquae
605 2296 724 2345 Spar-

65 2358 125 2388 tae
160 2351 464 2388 distributionem
493 2352 541 2388 ad
576 2353 724 2388 exerci-

65 2415 149 2445 tum
171 2421 324 2459 quoque
343 2410 583 2459 pertinuisse,
617 2411 723 2446 cuius

66 2466 145 2503 scil.
166 2465 337 2514 singulae
364 2472 487 2515 partes
517 2467 594 2502 sive
624 2466 723 2503 ordi-

67 2534 133 2558 nes
172 2522 340 2571 singulos
388 2522 571 2558 referrent
607 2524 724 2570 vicos,

69 2579 153 2614 satis
175 2577 358 2614 habemus
380 2579 589 2627 cognitum.
638 2578 724 2616 vid.

71 2633 112 2670 C.
132 2635 176 2671 F.
195 2636 403 2672 Hermann.
419 2635 568 2671 Hellen.
582 2635 728 2672 Staats-

72 2689 218 2728 alterth.
240 2692 277 2737 ξ.
300 2694 367 2732 29.
397 2692 567 2742 inprimis
586 2699 665 2729 not.
687 2693 727 2731 9.

74 2745 196 2792 Quam
235 2748 351 2797 igitur
385 2749 542 2784 Pitanae
579 2749 727 2785 incolae

74 2803 305 2852 praebebant
332 2803 528 2842 cohortem
547 2806 626 2844 sive
647 2817 727 2842 ma-

132 2860 351 2897 Hnnonor.
380 2862 445 2898 IV.

770 825 969 876 nipulum,
1002 836 1090 860 eum
1110 822 1174 861 hic
1200 824 1328 861 vocari
1349 825 1432 860 exi-

771 883 897 929 stimo,
917 882 1101 932 probante
1123 894 1276 933 quoque
1286 883 1432 932 Negris‚

770 935 841 978 τὸν
869 936 1123 988 Πιτανητέων
1145 935 1288 988 λόχον,
1318 952 1432 989 prae-

771 996 900 1032 sertim
922 1008 1011 1032 cum
1031 996 1156 1045 ipsum
1178 996 1287 1031 illum
1303 997 1432 1032 vicum

771 1054 906 1088 Noster
917 1051 1049 1088 adierit
1064 1052 1193 1103 ibique
1205 1053 1321 1088 etiam
1332 1059 1433 1089 certe

773 1108 1007 1159 aliquamdiu
1060 1116 1315 1145 commoratus
1373 1110 1433 1146 sit.

773 1165 857 1201 vid.
878 1167 941 1211 ΙΙΙ,
959 1165 1011 1206 55
1032 1165 1160 1216 ibique
1180 1172 1275 1202 nott.
1308 1166 1434 1211 Quare

772 1221 1010 1258 Herodotum
1040 1235 1165 1259 errore
1194 1221 1256 1259 hic
1285 1223 1434 1273 lapsum

773 1292 852 1316 esse
872 1278 974 1315 haud
1004 1277 1097 1314 mihi
1126 1278 1344 1329 persuaderi
1364 1292 1434 1329 pa-

773 1337 857 1372 tiar.
917 1336 1026 1371 Couf.
1049 1337 1163 1371 etiam
1200 1336 1242 1372 C.
1265 1337 1307 1371 Ο.
1332 1336 1435 1371 Mal-

774 1393 838 1428 ler.
860 1393 947 1428 Dor.
970 1393 1003 1427 II
1033 1404 1119 1442 pag.
1144 1392 1220 1439 50,
1255 1393 1321 1428 ubi
1349 1399 1436 1442 apte

773 1449 1006 1485 Caracallam
1044 1450 1314 1498 imperatorem
1346 1462 1436 1499 pro-

771 1506 866 1551 fert,
893 1506 957 1557 qui
979 1506 1135 1556 antiqua
1156 1506 1324 1542 instituta
1345 1507 1435 1541 imi-

773 1570 878 1609 tans,
910 1575 930 1598 e
952 1561 1146 1612 Spartanis
1168 1562 1349 1599 formasse
1376 1561 1436 1598 di-

774 1621 871 1656 citur
908 1614 1024 1668 λόχον
1070 1614 1322 1668 Πιτανάτην,
1353 1620 1436 1654 He-

774 1674 921 1712 rodian.
969 1675 1042 1721 IV,
1082 1676 1120 1714 8.
1170 1675 1256 1710 Alia
1290 1674 1436 1711 dabunt

775 1733 916 1772 Meurs,
950 1732 1072 1766 Lectt.
1103 1731 1182 1767 Att.
1212 1733 1252 1777 Ι,
1289 1731 1354 1772 15.
1384 1733 1436 1772 16

777 1789 862 1825 coll.
920 1788 1078 1825 Miscell.
1126 1789 1295 1825 Laconn.
1348 1800 1437 1839 pag.

780 1847 873 1885 100.

836 1954 929 2003 τους
956 1956 1138 2005 ξείνους]
1192 1955 1287 1993 Vide
1325 1969 1439 2007 supra

777 2015 854 2061 IX,
901 2016 965 2054 11.
997 2013 1049 2053 55
1079 2020 1116 2049 et
1146 2011 1194 2049 ad
1234 2013 1439 2049 formulam

780 2067 882 2109 ἑκών
913 2066 1015 2107 εἶναι
1036 2070 1076 2104 in
1097 2070 1307 2120 seqq.VII,
1345 2069 1439 2110 174.

778 2128 836 2163 De
857 2126 973 2162 verbo
996 2122 1197 2174 αἰσχύνειν
1218 2125 1319 2161 conf,
1342 2132 1438 2163 nott.

781 2182 828 2219 ad
845 2183 932 2229 VII,
955 2181 1006 2221 55
1030 2188 1066 2218 et
1087 2181 1134 2217 de
1154 2182 1346 2218 locutione
1363 2182 1439 2220 δει-

780 2237 849 2279 νὸν
875 2241 1080 2278 ποιεῖσθαι
1097 2245 1194 2276 nott.
1215 2237 1262 2275 ad
1283 2240 1349 2283 ΠΙ,
1372 2237 1437 2279 14.

837 2349 969 2392 κείνου
989 2352 1113 2389 ταῦτα
1138 2349 1382 2402 νενωμένου]
1412 2351 1438 2388 i.

779 2422 811 2448 e.
835 2422 911 2446 cum
930 2407 990 2445 ille
1003 2406 1341 2459 (Amompharetus
1362 2407 1442 2445 dux

780 2467 879 2515 scil.)
921 2468 975 2503 ita
1009 2477 1122 2502 secum
1159 2466 1369 2508 statuisset,
1410 2477 1441 2501 s.

781 2523 842 2560 Ιιοε
871 2525 957 2559 esset
989 2524 1117 2560 am‘mo.
1174 2519 1386 2573 Hesychius
1405 2521 1442 2556 11

780 2592 869 2630 pag.
892 2580 972 2618 667
992 2576 1179 2616 νένωται’
1210 2577 1251 2617 ἐν
1276 2579 1332 2631 νῷ
1353 2576 1439 2627 ἔχει.

781 2635 883 2672 Add.
904 2635 1072 2684 Etymol.
1093 2646 1223 2684 magn.
1249 2646 1336 2684 pag.
1357 2636 1434 2674 601

783 2699 820 2728 et
836 2690 1015 2731 Herodot.
1029 2692 1058 2739 Ι,
1081 2693 1146 2732 68.
1165 2691 1320 2742 77ibiq,
1342 2697 1438 2727 nott.

782 2750 880 2785 Hinc
900 2747 1000 2783 male
1021 2746 1132 2786 codd.
1146 2747 1303 2801 quidam
1323 2741 1440 2786 ἄναι-

785 2802 969 2856 νομένου.

1125 2862 1176 2899 19
