1996 3238
650 195 966 232 URANIA
1027 196 1156 233 vill.

1437 195 1519 235 109

384 302 508 340 δεινὸν
533 301 769 347 μαιμώοντα,
787 303 951 338 δοκεῦντ’
974 301 1046 339 civo?
1063 303 1188 339 πάντα
1211 303 1399 338 τίθεσθαι.

223 366 246 400 3
382 359 526 400 Χαλκὸς
549 359 619 407 γὰρ
643 362 761 407 χαλκῷ
787 361 1010 405 συμμίξεται,
1036 362 1163 405 αἳματι
1187 358 1227 396 δ’
1244 358 1360 407 ”Αρης
1535 361 1578 396 55

379 418 522 454 πόντον
547 418 716 462 φοινίξει.
757 415 834 453 τότ’
860 416 1057 462 ἐλεύθερον
1079 416 1252 459 Ἑλλάδος
1274 412 1374 464 ἦμαρ

378 474 546 521 εὐρύοπα
568 476 753 521 Κρονίδης
768 473 907 520 ἐπάγει,
929 474 991 509 καὶ
1013 473 1149 509 πότνια
1166 476 1276 521 Νίκη.

226 568 322 620 4Ἐς
350 571 532 612 τοιαῦτα
561 568 660 623 μὲν,
691 567 765 611 καὶ
795 566 911 610 οὕτω
942 565 1154 622 ἐναργέως
1184 566 1352 622 λέγοντι
1383 570 1510 613 Βάκι-
1523 577 1568 610 60

254 639 314 690 δι,
347 635 592 693 ἀντιλογίης
619 638 824 692 χρησμῶν
855 635 955 690 πέρι
986 633 1088 679 οὕτε
1108 633 1238 687 αὐτὸς
1256 634 1393 692 λέγειν
1411 641 1512 682 τολ-

246 706 365 762 μέω,
397 704 496 749 οὔτε
529 704 627 761 παρ’
659 704 802 748 ἄλλων
830 703 1071 760 ἐνδέκομαι.

235 922 481 978 μαιμώοντα]
502 927 670 964 Verbum
684 921 855 978 μαιμόω,

196 996 272 1035 quo
305 997 492 1034 magnum
529 984 648 1020 animi
686 982 854 1020 studium

193 1041 478 1093 concitatusque
508 1042 736 1092 exprimitur
770 1042 854 1076 ani-

192 1110 279 1135 mus
327 1097 448 1147 (valde
479 1098 601 1148 cupio)
637 1098 854 1149 frequentat

190 1156 347 1192 Homer.
372 1156 418 1192 Il.
437 1156 482 1202 V,
513 1157 607 1195 661.
631 1157 725 1195 670.
745 1156 850 1204 XIII,

191 1213 258 1252 78.
278 1212 370 1258 XV,
403 1210 498 1252 542.
519 1210 614 1251 742.

189 1304 191 1306 .
249 1263 433 1308 δοκεῦντ’
469 1264 547 1306 civo}
576 1263 707 1308 πάντα
737 1268 851 1307 τίθε-

187 1326 308 1373 σθαι]
340 1327 396 1362 Ita
417 1339 437 1363 e
458 1326 677 1362 Florentino
703 1332 740 1362 et
758 1338 851 1376 pro-

190 1381 365 1420 habiliter
412 1383 527 1418 etiam
571 1395 619 1419 ex
659 1382 852 1419 Sancrofti

189 1439 286 1475 libro
326 1440 477 1489 reposui
524 1451 614 1476 cum
654 1439 770 1476 Gaisf.
816 1445 853 1475 et

191 1494 436 1546 Schweigh„
467 1497 532 1547 qui
554 1494 628 1532 hoc
651 1494 725 1532 dici
744 1502 852 1546 putat

189 1565 258 1602 pro
282 1548 552 1592 α’νατίθεσθαι
569 1549 852 1600 πάντα,355ειι-

188 1609 306 1645 flente
326 1610 459 1660 Negris
479 1610 520 1646 iu
541 1608 602 1646 ed.
623 1608 712 1646 sust:
735 1611 852 1646 onmia

187 1670 325 1707 mutare
342 1679 372 1703 s.
393 1670 564 1714 evertere,
596 1679 723 1716 susque
744 1667 852 1716 deque

188 1722 336 1770 Imbere;
366 1723 469 1775 quod
494 1736 608 1774 supra
637 1724 713 1771 ΙΙΙ,
748 1726 773 1763 3
797 1729 851 1760 est

188 1776 274 1818 ἅνω
306 1776 413 1818 κάτω
441 1780 656 1828 τίθεσθαι,·
695 1779 743 1817 de
775 1779 850 1832 quai

188 1837 298 1873 tmesi
328 1838 429 1875 conf.
460 1838 507 1874 E.
534 1838 731 1875 Wentzel.
790 1839 848 1874 De

187 1895 403 1943 praepositt.
432 1895 545 1931 tmesi
582 1894 685 1945 apud
723 1895 850 1931 Hero-

184 1948 325 1986 dotum
359 1951 568 1996 (Vratislav.
603 1951 729 2001 1829)
759 1964 849 2002 pag.

186 2004 258 2045 15.
314 2008 413 2043 Nam
434 2007 526 2058 quid
549 2008 704 2057 vulgata
723 2007 851 2047 πυθέ-

190 2065 291 2101 σθαι
310 2063 382 2099 sibi
412 2064 523 2111 velit,
553 2065 766 2114 intelligere
786 2078 851 2101 me

186 2131 298 2168 posse
328 2132 452 2170 negot,
490 2133 628 2172 quam,
663 2122 850 2171 probante

186 2174 399 2224 Larchero,
439 2178 491 2214 sio
516 2178 652 2214 Latine
685 2177 852 2216 reddidit

187 2232 490 2283 Wesseliiigius:
535 2236 729 2284 opinantem
767 2237 851 2274 ubi-

189 2301 253 2339 que
285 2303 321 2327 se
354 2290 517 2328 auditum
543 2293 602 2331 iri.
662 2292 742 2328 Nec
761 2306 850 2330 ma-

185 2346 243 2395 gis
270 2347 395 2397 placet
422 2347 643 2397 πιθέσθαι,
684 2348 789 2401 quod
828 2363 850 2387 a

185 2402 322 2440 Matth.
362 2410 400 2441 et
431 2403 611 2442 Bekkero
652 2413 849 2457 receptum

186 2472 267 2496 esse
287 2458 412 2498 video.
443 2461 624 2512 Stegerus
646 2461 694 2499 de
713 2464 849 2501 lectio-

188 2528 238 2552 ne
262 2529 284 2553 a
314 2516 536 2568 Schweigh.
560 2525 711 2569 recepta
738 2519 847 2557 dubi-

188 2578 285 2621 tans,
298 2572 345 2611 de
356 2587 432 2626 qua
445 2574 581 2612 eadem
597 2575 744 2613 dubitat
755 2591 850 2615 cen-

186 2641 250 2666 sor
278 2631 481 2682 Lipsiensis
514 2635 620 2673 1833
659 2645 748 2684 pag·
781 2633 849 2683 45,

185 2689 365 2738 proponit
403 2687 587 2738 (Ephem.
621 2691 704 2726 len.
742 2693 849 2733 1828

188 2754 248 2781 nr.
273 2746 352 2785 186
383 2759 420 2797 p.
443 2744 538 2795 46):
578 2742 764 2786 δοκεῦντ’
797 2744 849 2787 ἂν

189 2793 347 2841 ἅπαντα
365 2797 533 2843 ’πίθεσθ’
553 2801 601 2844 εὖ
611 2815 622 2841 :
647 2806 848 2856 opinantem

912 930 1038 964 cuncta
1070 927 1140 963 sibi
1169 938 1239 963 esse
1281 924 1570 975 obtemperatura,

912 983 1016 1036 quod
1077 984 1213 1020 merito
1255 981 1383 1019 durius
1429 980 1571 1017 iudicat

907 1041 1012 1078 idem
1033 1045 1166 1078 oensor
1184 1040 1400 1090 Lipsiensis.
1428 1059 1476 1065 —
1509 1036 1572 1074 Ad

908 1112 1045 1135 vocem
1085 1093 1264 1150 εὐρύοπα
1293 1095 1371 1135 vid.
1401 1101 1499 1135 nott.
1521 1093 1570 1131 ad

905 1157 997 1202 Vll,
1030 1156 1124 1195 141.

962 1207 1026 1258 Ἐς
1038 1213 1204 1251 τοιαῦτα
1228 1206 1300 1262 μὲν
1320 1207 1390 1249 καὶ
1410 1204 1514 1248 οὕτω
1535 1206 1571 1248 ἒ-

907 1267 1083 1320 ναργέως
1105 1267 1257 1320 λέγοντι
1283 1262 1431 1305 Βάκιδι
1458 1261 1571 1304 oiva-

907 1326 1045 1377 λογίης
1079 1326 1267 1376 χρησμῶν
1295 1322 1385 1375 πέρι
1404 1338 1441 1361 κ.
1461 1337 1495 1361 τ.
1514 1321 1569 1370 λ.]

908 1381 1274 1433 Schweighaeusero
1302 1381 1343 1416 iu
1371 1381 1468 1416 Lex.
1487 1381 1571 1414 He-

909 1438 992 1476 rod.
1028 1445 1228 1488 corruptus
1260 1436 1410 1474 videtur
1448 1437 1569 1485 locus,

907 1497 947 1535 in
988 1508 1065 1547 quo
1105 1502 1170 1531 aut
1202 1490 1426 1546 ἀντιλογίας
1454 1506 1572 1543 repo-

909 1552 1095 1599 nendum,
1117 1559 1194 1599 ant,
1218 1550 1322 1603 quod
1339 1550 1435 1588 adeo
1456 1564 1570 1602 prae-

908 1617 1007 1646 stare
1038 1608 1210 1655 videtur,
1244 1603 1301 1647 δι’
1324 1603 1487 1659 ἀλογίης
1508 1606 1570 1647 ἔλ-

907 1669 1013 1714 θεῖν,
1045 1667 1171 1717 prouti
1190 1666 1253 1713 VI,
1276 1667 1323 1705 9:
1356 1661 1422 1704 διοέ
1442 1660 1571 1715 μάχης

906 1718 1148 1762 ἐλεύσονται.
1195 1723 1252 1759 Ac
1284 1721 1432 1759 dudum
1453 1723 1567 1759 Wes-

906 1781 1085 1830 selingius
1115 1779 1302 1816 maluerat
1328 1780 1404 1829 legi
1431 1773 1480 1818 δι’
1501 1773 1569 1818 οἷν·

904 1838 1079 1889 τιλογί-ης
1112 1835 1238 1888 λέγειν
1272 1836 1571 1885 (contradicendo

907 1894 1078 1944 obloqui),
1110 1893 1269 1930 laudans
1297 1892 1497 1930 Abreschii
1525 1907 1570 1930 e-

905 1951 1196 1988 mendationem
1213 1962 1224 1987 τ
1255 1947 1348 1990 οὔτε
1368 1946 1571 1997 aziz-6952.-

906 2012 939 2048 θ
951 2023 966 2048 ε
977 2011 1024 2048 ῖν
1037 2006 1199 2058 τολμέω.
1217 2008 1366 2058 Steger.
1383 2005 1568 2058 (Ephem,

906 2066 988 2101 Ien.
1013 2067 1119 2106 1828
1140 2078 1197 2101 nr.
1222 2065 1301 2105 186
1321 2078 1359 2115 p.
1380 2063 1455 2113 46)
1476 2077 1569 2114 pro-

906 2122 1015 2171 ponit
1034 2116 1275 2173 οἷντιλογίην,
1298 2133 1389 2157 cum
1410 2116 1568 2160 ἀντιλο-

907 2177 999 2230 γίην
1024 2176 1148 2229 λέγειν
1183 2176 1288 2214 idem
1308 2178 1433 2215 valeat
1453 2184 1568 2230 atque

908 2230 1123 2286 α’ντιλέγειν
1152 2234 1302 2284 obloqui.
1368 2235 1474 2281 Quae
1506 2242 1568 2272 ta-

906 2304 995 2327 men
1016 2292 1085 2342 ipsi
1105 2290 1303 2342 probanda
1316 2304 1407 2341 esse,
1428 2293 1566 2330 merito

904 2361 1063 2384 monere
1102 2347 1253 2385 videtur
1290 2346 1395 2385 idem
1434 2362 1569 2387 censor

905 2406 1108 2456 Lipsiensis
1130 2407 1236 2446 1833
1258 2417 1346 2455 pag.
1367 2404 1431 2446 47.
1461 2407 1567 2443 Libri

903 2463 1031 2512 scripti
1051 2460 1154 2499 haud
1170 2460 1382 2514 quidquam
1403 2461 1568 2501 afferunt

907 2520 1051 2556 auxilii.
1109 2520 1243 2570 Itaque
1281 2519 1478 2569 vulgatam
1506 2521 1566 2557 le-

906 2578 1074 2614 ctionem
1093 2576 1253 2623 retinui,
1286 2589 1404 2628 quam
1432 2579 1485 2615 sic
1505 2579 1567 2614 in-

905 2633 1104 2685 terpretari
1124 2633 1258 2669 liceat:
1287 2633 1480 2685 Equidem
1493 2648 1566 2672 nec

904 2691 984 2741 ipse
1006 2688 1098 2741 quid
1119 2690 1316 2726 enuntiare
1336 2689 1460 2728 audeo
1494 2705 1566 2728 ne-

907 2761 982 2800 que
1012 2747 1058 2782 ab
1095 2747 1176 2784 aliis
1205 2746 1298 2799 quid
1336 2749 1482 2800 accipio
1516 2747 1564 2785 de

906 2802 1205 2843 contradictione
1220 2805 1468 2856 *oraculorum
1485 2806 1566 2844 Ba-
