1879 3222
208 173 292 213 664
776 175 1126 213 ADDENDA

208 290 287 326 pag.
308 279 373 316 705
399 281 468 313 not.
518 278 570 338 D}
593 280 676 314 urbe
700 280 815 326 Hyria
837 283 926 318 conf.
949 283 1051 318 etiam
1075 282 1194 318 Micali
1217 283 1335 320 Storia
1357 284 1392 320 d.
1417 286 1493 321 Ital.
1519 286 1546 329 l,
1569 299 1602 333 p.
1622 289 1689 323 334

208 382 286 417 pag.
311 371 376 405 705
401 336 521 404 :iiiiii
536 326 625 405 4³5agli
648 371 707 405 inf.
733 372 799 406 Pro
822 374 1008 409 Iloeckt‘us
1031 374 1132 409 scrib.
1158 375 1368 409 Hocckium.

208 428 286 462 pag.
312 417 379 451 732
401 416 456 450 lin.
484 417 517 452 7.
562 417 628 451 Pro
655 415 730 450 ἔστι
751 418 825 451 τῶν
847 419 899 453 vir
922 420 1040 454 doctus
1056 421 1088 453 in
1113 420 1221 456 Class.
1243 422 1355 455 lourn.
1377 421 1444 465 legi
1469 422 1540 457 vult
1563 419 1690 458 ἑστεώ-

426 473 511 502 των,
534 462 623 506 quod
645 462 733 496 idem
754 463 869 498 valeat
891 472 992 510 atque
1017 463 1154 500 ἐόντων
1182 467 1249 510 (nr.
1273 467 1315 501 58
1340 478 1373 510 p.
1395 468 1494 512 392.)

208 518 287 552 pag.
311 508 376 542 733
400 507 434 541 b.
457 508 514 541 lin.
542 508 582 542 15
609 509 651 542 ab
674 509 733 542 inf.
785 511 849 544 Pro
878 511 974 551 Vll,
1002 514 1063 545 101
1088 511 1189 546 scrib.
1219 512 1292 554 Vr,
1318 514 1393 548 101.

207 563 286 597 pag.
309 554 377 588 742
399 554 431 587 b.
456 553 511 586 lin.
531 554 562 587 6.
588 565 646 598 pro
671 555 712 593 V,
736 554 789 588 35
814 556 913 590 scrib.
940 557 981 598 V,
1010 557 1070 590 25.

207 609 286 643 pag.
311 599 378 633 753
402 611 433 632 a.
458 599 513 632 lin.
537 599 597 632 ult.
620 610 680 645 pro
705 600 809 635 licet
835 601 935 635 scrib.
959 603 1113 635 liceat.

207 654 286 689 pag.
311 644 378 679 774
401 645 456 678 lin.
481 645 514 678 8.
561 645 610 678 De
631 645 772 680 elisione
794 647 827 680 in
852 643 943 680 ἄστυ
975 645 1135 690 ἐρικυδὲς
1159 646 1275 690 (quod
1310 646 1417 692 ipsum
1442 649 1572 682 restitui
1596 649 1691 684 iubet

424 690 551 724 Moser.
575 691 608 724 in
624 692 755 728 Annall.
773 693 950 726 Heidelbb.
970 693 1055 727 1835
1082 705 1115 739 p.
1140 692 1238 736 165.)
1264 693 1351 727 conf.
1368 693 1519 728 Kuhner.
1536 696 1687 730 Gramm.

424 737 550 772 Graec.
575 737 590 769 Ι
639 762 647 770 .
673 738 728 771 38.

206 790 285 825 pag.
309 780 376 815 776
399 792 432 815 a.
455 781 510 815 lin.
536 782 566 816 3.
582 749 867 815 4.pscribendum:
893 780 994 824 ‚,ov’n
1015 780 1182 827 ἀπέλιπε]
1216 783 1272 816 Ita
1288 794 1351 827 pro
1373 779 1584 826 ἀπελίπετο,
1601 786 1691 830 quod

423 827 523 860 habet
542 829 852 872 Schweighaeuser.
875 833 908 861 et
936 829 1119 872 Gaisford,
1145 829 1282 862 exhibui
1297 829 1464 873 probante
1486 831 1688 876 lVesseliug.

205 882 285 915 pag.
309 872 376 906 779
400 883 432 905 a.
459 872 516 905 lin.
540 874 561 906 9
586 875 627 906 ab
654 873 713 906 inf.
761 873 829 907 Pro
852 873 914 915 lv,
940 875 1023 910 146
1049 874 1152 910 scrib.
1175 875 1237 918 IV,
1262 875 1358 909 145.

204 927 284 962 pag.
309 918 376 951 814
397 917 454 951 lin.
478 919 500 951 2
524 929 585 962 pro
612 919 789 952 Archaea
813 920 914 953 scrib.
939 921 1111 955 Achaea.

204 973 283 1006 pag.
307 963 374 996 822
397 962 452 996 lin.
479 964 519 997 18
544 975 606 1007 pro
629 966 712 998 tulit
736 964 838 997 scrib.
864 966 978 1000 habet.

204 1018 282 1052 pag.
307 1008 374 1042 824
396 1007 452 1043 lin.
476 1009 508 1044 7.
532 1010 566 1044 8.
615 1010 682 1044 Pro
709 1011 922 1055 Tyrionem
944 1012 1047 1047 scrib.
1074 1011 1301 1057 Tyriorum.

808 1102 958 1144 Vol.
1010 1103 1088 1145 IV.

203 1166 284 1212 pag.
309 1167 353 1202 28
376 1169 446 1201 not.
470 1166 503 1200 b.
525 1165 583 1201 lin.
609 1167 662 1203 18.
720 1167 870 1212 Strange
901 1169 938 1203 in
970 1169 1065 1204 Iahn.
1102 1173 1137 1204 et
1160 1168 1305 1204 Seebod.
1343 1168 1473 1203 Annali.
1506 1168 1690 1214 philologg·

421 1212 552 1257 Suppll.
576 1212 648 1254 111,
676 1214 692 1246 1
718 1225 795 1258 pag.
820 1215 876 1250 37.
900 1216 1004 1250 verba
1028 1213 1154 1250 οὐκέτι
1177 1213 1213 1254 ἐς
1240 1212 1429 1260 ἀναβολὰς
1452 1214 1691 1250 adverbialiter

420 1258 528 1303 accipi
551 1258 634 1298 vult,
658 1262 693 1291 et
715 1259 840 1293 similes
865 1262 1028 1306 quasdam
1052 1262 1235 1296 locutiones
1260 1261 1372 1296 affert.

203 1313 281 1349 pag.
307 1303 350 1339 41
375 1309 444 1338 not.
473 1305 507 1337 b.
529 1303 585 1337 lin.
611 1304 633 1337 4
657 1305 700 1338 ab
724 1305 781 1339 inf.
827 1307 910 1341 Post
934 1333 957 1350 „
967 1319 1000 1353 p.
1026 1309 1123 1342 216⁴⁶
1146 1307 1253 1341 adde:
1276 1306 1365 1349 „ubi
1388 1305 1544 1351 reliquias
1567 1306 1692 1341 Titho-

421 1361 502 1383 reae
542 1349 687 1383 inveniri
720 1351 839 1386 scribit
870 1353 943 1387 loco
975 1353 1134 1388 Parnassi
1163 1353 1263 1387 valde
1299 1352 1391 1387 edito
1437 1363 1478 1386 ac
1510 1351 1692 1398 praecipiti

421 1407 509 1440 pone
536 1395 646 1429 vicum
671 1396 817 1431 Velitza.

203 1450 283 1486 pag.
307 1441 350 1476 51
375 1449 444 1476 not.
469 1442 502 1474 b.
527 1440 583 1475 lin.
610 1442 670 1475 ult.
717 1444 812 1477 Adde
834 1443 1042 1489 splendidum
1073 1455 1177 1490 opus,
1211 1444 1246 1477 in
1271 1443 1456 1479 Germania
1478 1442 1610 1488 quidem
1633 1453 1691 1476 ra·

419 1486 604 1520 tissimum:
644 1487 756 1523 Views
788 1489 823 1523 in
847 1492 983 1524 Greece
1005 1493 1089 1524 from
1114 1489 1307 1534 Drawing’s
1330 1491 1374 1534 by
1398 1489 1499 1524 Edw.
1524 1488 1690 1523 Dodwell.

419 1532 527 1569 Lond.
553 1533 648 1567 1821.
684 1535 743 1568 ubi
781 1535 953 1570 Castaliae
983 1537 1057 1570 fons
1090 1542 1371 1582 repraesentatur
1405 1536 1441 1570 in
1470 1535 1587 1569 tabula
1621 1532 1692 1569 aeri

420 1578 526 1612 incisa
551 1585 585 1611 et
608 1579 772 1614 coloribus
796 1581 945 1616 inducta.

203 1633 281 1668 pag.
305 1624 350 1658 63
375 1629 445 1658 not.
468 1624 581 1702 {klin-
605 1624 627 1658 4
659 1627 787 1706 ainns.
838 1627 933 1662 Add.
958 1627 1102 1662 Krische
1135 1628 1188 1662 De
1222 1627 1369 1672 Pythag.
1402 1624 1557 1660 societat.
1589 1636 1692 1671 scopo

447 1683 464 1703 υ
481 1675 548 1702 luc.
599 1681 618 1702 a
644 1695 652 1704 .
724 1698 730 1704 .

202 1724 283 1758 pag.
308 1716 352 1749 70
375 1682 444 1748 noi).
469 1725 499 1748 a.
525 1681 595 1746 lin.p
607 1682 667 1748 dit.
692 1719 769 1759 post
792 1740 813 1758 „
823 1729 857 1761 p.
883 1717 947 1750 125
962 1718 985 1736 ‘⁶
1010 1717 1087 1750 add.
1112 1728 1190 1762 pag.
1209 1719 1273 1751 198
1296 1728 1393 1761 seqq.
1417 1727 1506 1753 vers.
1531 1727 1667 1750 vernae.

203 1770 282 1804 pag.
306 1761 351 1794 72
374 1765 443 1793 not.
470 1771 501 1793 a.
526 1759 582 1792 lin.
607 1759 627 1792 5
651 1762 695 1794 ab
719 1761 778 1794 inf.
817 1762 905 1796 Add.
922 1762 1038 1796 Leake
1060 1762 1096 1796 in
1114 1763 1334 1807 'l'opograph.
1358 1762 1482 1796 Athen.
1507 1773 1587 1806 pag.
1610 1762 1691 1798 298.

422 1805 490 1838 302
513 1815 601 1837 vers.
625 1817 761 1840 vernae.

203 1861 283 1894 pag.
310 1852 374 1884 109
397 1856 466 1883 not.
490 1861 520 1884 a.
546 1851 600 1882 lin.
629 1854 646 1885 1
671 1863 732 1897 pro
756 1849 879 1894 μαιμό
893 1863 920 1885 ω
944 1851 1009 1895 leg.
1033 1849 1197 1896 μαιμοὶω
1230 1855 1266 1886 et
1297 1852 1330 1886 in
1353 1851 1469 1886 Indice
1492 1851 1587 1886 verb.
1611 1863 1693 1898 pag.

422 1897 499 1931 621.
524 1895 672 1937 μαιμάω
696 1895 883 1940 (μαιμώω)
911 1898 1003 1938 Vlll,
1028 1900 1082 1932 77.

205 1951 283 1986 pag.
311 1943 376 1976 118
400 1943 472 1986 (cp.
498 1942 571 1984 86)
604 1944 659 1976 lin.
683 1944 704 1976 9
737 1955 798 1989 pro
833 1940 885 1976 ου’
916 1942 1144 1986 τεταγμένων
1176 1943 1314 1978 Baitero
1345 1944 1389 1978 ad
1423 1943 1574 1988 Lycurg.
1611 1954 1691 1989 pag.

422 1988 466 2022 93
492 1988 737 2022 restituendum
759 1989 891 2023 videtur
917 1987 1027 2023 οὔτε
1053 1988 1292 2033 τεταγμένων.

205 2043 282 2078 pag.
309 2031 372 2068 143
396 2033 488 2077 (cap.
519 2035 582 2067 104
609 2036 688 2078 fin.)
714 2035 767 2072 lin.
793 2036 826 2069 2.
851 2036 883 2070 3.
938 2036 1004 2075 Iis,
1037 2048 1125 2081 quae
1156 2037 1210 2069 hic
1232 2036 1275 2069 de
1298 2035 1475 2069 sacerdote
1497 2034 1692 2078 Pedasensi,

423 2079 477 2113 cui
501 2079 607 2113 barba
638 2081 826 2122 accrescit,
859 2081 1058 2125 traduntur,
1094 2082 1200 2115 simile
1224 2081 1306 2126 quid
1336 2092 1442 2126 nuper
1473 2081 1586 2114 inveni
1617 2086 1693 2114 tra-

423 2125 527 2158 ditum
560 2127 737 2170 perlegens
763 2127 1022 2172 Ephemerides,
1055 2129 1174 2173 quibus
1205 2138 1323 2160 nomen
1347 2128 1578 2171 Morgenblatt
1604 2126 1694 2162 1834

423 2182 474 2204 nr.
500 2172 565 2205 245
602 2184 678 2218 pag.
703 2173 779 2207 979.
835 2173 991 2218 Namque
1025 2174 1057 2206 in
1088 2174 1230 2217 Tyrolia
1265 2173 1470 2207 meridionali
1505 2173 1547 2207 ad
1581 2172 1692 2206 vicum

424 2217 621 2251 Castelruth
660 2231 723 2252 non
762 2220 860 2263 longe
898 2221 940 2253 ab
982 2221 1106 2265 oppido
1144 2219 1304 2253 Groeden
1343 2220 1416 2252 loco
1454 2219 1587 2252 editiori
1630 2229 1694 2251 ex-

424 2269 516 2297 stare
538 2265 694 2298 sacellum
722 2265 869 2308 Virginis
891 2267 1052 2307 Sanctae,
1077 2265 1170 2299 cuius
1195 2276 1312 2299 nomen
1336 2265 1569 2298 Ktimmerniss
1596 2264 1635 2307 (i.
1659 2276 1693 2300 e.

423 2308 610 2353 Dolentis)‚
652 2310 869 2355 eiusdemque
904 2312 1043 2356 imagini
1081 2312 1220 2345 barbam
1257 2322 1452 2345 accrescere
1490 2312 1580 2344 fama
1611 2310 1692 2345 sert.

425 2354 578 2388 Narrant
601 2356 761 2400 virginem
785 2358 950 2401 quandam
975 2357 1116 2391 maxime
1132 2363 1306 2390 venustam
1330 2368 1370 2390 ac
1394 2357 1571 2390 formosam
1594 2356 1693 2389 inde-

422 2411 489 2444 que
501 2401 676 2435 multorum
694 2403 929 2438 tentaminibns
943 2404 1127 2448 expositam
1150 2403 1185 2435 id
1200 2404 1275 2436 olim
1298 2402 1363 2436 sibi
1380 2403 1532 2447 petiisse,
1555 2407 1594 2436 ut
1612 2412 1692 2446 per-

426 2445 549 2479 niciosa
560 2447 626 2481 ista
640 2449 884 2492 pulchritudine
900 2451 1102 2483 liberaretur
1119 2449 1326 2493 eandemque
1343 2449 1440 2482 huius
1453 2449 1521 2481 voti
1535 2449 1584 2481 ita
1600 2458 1692 2481 com-

427 2497 537 2535 potem
562 2494 685 2527 factam
710 2506 796 2534 esse,
824 2502 862 2528 ut
887 2496 1029 2529 maxima
1052 2496 1159 2529 barba
1182 2495 1327 2528 mulieris
1352 2495 1461 2528 vultui
1484 2492 1690 2528 accreverit!

210 2550 289 2584 pag.
316 2540 376 2574 187
402 2539 469 2617 Ιίιὶξι
488 2540 526 2571 11
553 2551 625 2584 seq.
650 2544 740 2584 (cap.
769 2540 861 2584 136.)
910 2542 1040 2587 Tangit
1067 2541 1185 2575 eadem
1208 2541 1385 2585 L>curgus
1408 2545 1523 2574 orator
1544 2540 1579 2574 in
1601 2542 1689 2573 orat.

427 2595 447 2617 a
473 2595 559 2618 vers.
585 2586 705 2621 Leocr.
730 2590 761 2628 ἓ.
785 2588 844 2621 71.

212 2642 289 2675 pag.
311 2632 377 2665 222
409 2631 464 2663 lin·
495 2632 526 2663 2.
553 2632 585 2665 3.
620 2634 652 2666 4.
709 2633 808 2672 Quae
841 2633 875 2667 h.
899 2633 919 2667 l.
955 2633 1146 2667 Herodotus
1178 2633 1287 2665 refert
1318 2632 1359 2665 de
1389 2629 1563 2665 Mardonio
1594 2629 1689 2664 Atti-

427 2686 499 2708 cam
537 2689 675 2720 prorsus
710 2679 924 2721 devastante,
953 2683 1020 2712 tam
1053 2690 1170 2713 severe
1202 2678 1244 2712 ad
1275 2679 1380 2722 ipsum
1405 2676 1540 2710 verbum
1565 2677 1688 2719 (buch-

430 2721 591 2765 stiiblich)
625 2723 819 2768 accipienda
849 2737 923 2758 esse
957 2732 1061 2769 negat
1093 2726 1210 2759 Leake
1253 2725 1287 2758 in
1317 2723 1535 2767 Topograph.
1565 2723 1686 2759 Athen.

430 2779 462 2815 p.
485 2769 507 2802 9
531 2780 617 2803 vcrs.
642 2781 775 2805 vernae.
799 2771 873 2805 coll.
898 2783 976 2817 pag.
1002 2772 1078 2807 306.
1132 2771 1218 2806 Nam
1250 2769 1293 2806 ad
1315 2770 1501 2806 huiusmodi
1525 2769 1687 2805 vastatio-
