1879 3222
248 633 289 655 n.t
300 629 359 655 Du-

243 671 262 695 ι,
243 662 356 696 »quod

82 703 151 735 εμπ
170 704 218 722 ser
226 671 332 723 ss:add
326 704 356 723 ιι-

173 739 181 756 ι
199 750 206 762 ,
221 704 268 756 oin
306 738 355 757 ex-

82 749 181 791 silium
198 763 288 798 pulsi.

286 1442 353 1486 78

82 1507 124 1534 Im
110 1514 224 1540 wumpon
217 1505 241 1532 in
268 1507 355 1546 Aegi-

81 1547 150 1569 ηοω
134 1549 169 1568 ae
202 1548 271 1566 cosu
274 1540 357 1568 ilium

411 173 495 212 318

805 169 1259 208 HERODOTI

414 285 564 333 ,,λιο”τα
593 277 795 334 τυγχάνει
824 277 908 322 ἐών
929 281 1018 322 ταῖν
1045 279 1142 334 περὶ
1171 280 1340 330 κείνους
1368 278 1469 330 τούς
1497 279 1666 335 χώρους

385 346 722 402 6,,οἰκημένων.“
785 351 928 391 Ταῦτα
956 349 1089 401 εἴπας,
1120 347 1214 391 τότε
1245 348 1321 403 μὲν
1346 348 1543 402 ἐπέτρεψε
1572 352 1694 391 τῶυ5

411 415 588 472 ἐφόρων
616 420 730 458 τοῖσι
754 419 977 471 παρεοῦσι,
1007 415 1192 469 ὕστερον
1214 417 1258 459 δὲ
1288 414 1505 471 ἀπέπεμψε
1533 416 1575 466 ἐς
1594 419 1668 459 Αἴ-

286 495 354 541 77
411 500 554 539 γιναν,
578 482 621 534 ἐς
650 484 728 540 τὴν
759 483 866 540 αὐτὴ
894 484 1022 540 ἤθελε
1052 481 1298 527 ἀπικέσθαι.

82 559 356 621 ξίιςπιέιηέιιιςιηῑο

328 601 358 622 et

1357 485 1484 527 [Μετὰ
1512 484 1557 526 δὲ
1587 484 1668 539 τήν

415 550 564 603 ἄπιξιν
593 555 670 607 τῆς
698 551 923 607 γυναικὸς,
961 550 1116 594 αὐτίκα
1157 550 1262 606 μετὰ
1289 555 1426 594 ταῦτα
1455 551 1665 594 ἀπίκοντο

417 619 656 670 [Λαντινέες
684 617 746 662 ἐπ’
774 619 1140 675 ἐξεργασμένοισι·

414 699 559 742 στεροι
600 688 757 743 ἥκουσι
794 693 870 744 τῆς
900 681 1140 741 συμβολῆς,
1175 685 1411 740 συμφορὴν
1444 686 1725 730 ἐποιεῦντοιο

1198 618 1413 674 μαθόντες
1451 619 1495 662 δὲ
1527 619 1594 663 ὅτι
1621 619 1669 663 ὕ-

390 755 633 813 Ξμεγοὲλην,
687 755 800 808 ἄξιοί
836 771 879 798 τε
912 754 1082 809 ἔφασαν
1119 751 1231 796 εἶναι
1275 753 1410 808 σφέας
1449 757 1667 808 ζημιώσαι.

408 823 738 879 πυνθανόμενοι
772 824 818 866 δὲ
851 820 954 871 τούς
983 820 1171 876 Μήδους
1199 819 1302 872 τοὺς
1331 819 1436 876 μετὰ
1460 819 1669 876 Ἀρταβά-

411 895 488 944 ζου
518 891 780 946 φεύγοντας,
822 888 1007 938 τούτους
1044 888 1226 932 ἐδίωκον
1257 888 1378 944 μέχρι
1411 889 1668 943 Θεσσαλίης·

381 957 757 1013 3Λακεδαιμόνιοι
795 958 841 1001 δὲ
883 955 964 1000 οὐκ
994 956 1078 999 ἔων
1109 955 1355 1011 φεύγοντας
1385 953 1569 999 διώκειν.
1629 957 1672 997 οἱ

410 1027 457 1070 δὲ
500 1024 857 1082 αναχωρήσαντες
886 1024 929 1075 ἐς
973 1023 1052 1080 τήν
1081 1024 1278 1077 έωυτῶν,
1319 1040 1423 1074 τους
1459 1021 1727 1079 ἡγεμόναςιὸ

407 1099 485 1151 τῆς
515 1098 718 1150 στρατιῆς
746 1094 929 1145 ἐδίωξαν
957 1109 1004 1135 εκ
1030 1096 1105 1147 τῆς
1134 1096 1226 1149 γῆς.
1282 1091 1409 1135 Μετα
1455 1092 1500 1134 δὲ
1534 1094 1673 1133 Μαν-

380 1162 554 1213 4τινέας
583 1163 688 1217 ἡκον
714 1161 882 1205 Ἠλεῖοι
941 1161 1011 1204 καὶ
1045 1159 1248 1211 ὡσαύτως
1286 1178 1327 1204 οι
1360 1158 1522 1202 Ἠλεῖοι
1559 1163 1672 1202 τοῖσι

408 1233 685 1273 Μαντινεῦσι
725 1227 961 1286 συμφορὴν
998 1229 1284 1284 ποιησάμενοι
1316 1225 1669 1270 ἀπαλλάσσοντο·

409 1296 674 1348 ἀπελθόντες
712 1297 758 1340 δὲ
806 1297 880 1340 καὶ
921 1298 1046 1340 οὑτοι
1074 1298 1178 1347 τοὺς
1213 1294 1429 1352 ἡγεμόνας
1474 1294 1668 1347 ἐδίωξαν.

406 1365 461 1409 τοὶ
491 1365 598 1409 κατοὶ
629 1364 880 1416 Μαντινέας
909 1382 988 1422 μεν
1015 1366 1089 1409 καὶ
1116 1365 1309 1414 Ἠλείους
1337 1365 1541 1407 τοσαῦτα.
1681 1369 1729 1402 20

526 1718 619 1768 cap.
650 1716 845 1753 LXXVII.

413 1792 472 1836 ἐπ’
493 1792 835 1848 ἐξεργασμένοισι]
873 1794 899 1835 i.
919 1808 953 1834 e.
978 1807 1014 1831 re

353 1857 515 1904 peracta.
573 1850 660 1889 vid.
696 1850 832 1888 Matth.
858 1852 924 1890 Gr.
947 1851 1014 1887 Gr.

357 1912 396 1956 ᾗ.
419 1910 442 1950 5
464 1924 501 1960 p.
526 1909 646 1949 1113.
676 1907 819 1947 Herod.
839 1908 902 1955 IV,
920 1905 1015 1948 164.

357 1966 419 2003 Ad
439 1967 673 2003 locutionem
693 1965 906 2015 συμφορὴν
926 1978 1018 2002 ποι-

359 2027 494 2062 εῖσθαι
522 2020 598 2060 vid.
619 2022 664 2069 V,
687 2021 725 2061 5.
748 2023 846 2068 VIII,
873 2023 966 2061 100.

416 2077 522 2127 ἄξιοί
548 2077 885 2128 τις-ζημιῶσαι]
924 2078 951 2113 i.
984 2089 1019 2113 e.

356 2136 484 2185 dignos
515 2149 550 2173 se
580 2148 668 2183 esse,
711 2137 773 2185 qui
791 2136 1018 2185 punirentur,

357 2192 509 2242 cwnsessc'
527 2195 621 2229 sunt.
676 2190 762 2231 Vid.
796 2189 931 2230 Matth.
953 2191 1019 2226 Gr.

357 2250 422 2289 Gr.
445 2251 481 2294 §.
503 2248 583 2289 535
607 2249 646 2285 b.
666 2261 704 2298 p.
726 2247 847 2287 1050.
882 2247 1016 2284 Simile

357 2307 454 2342 Livii
485 2305 630 2342 dictum
657 2305 788 2352 XXX,
809 2306 862 2344 30
893 2304 1017 2340 attulit

357 2361 543 2400 Valcken.
577 2383 625 2389 —
686 2362 729 2397 Iu
757 2372 863 2411 seqq.
885 2358 1016 2396 Medo-

358 2431 433 2455 rum
455 2419 708 2470 appellatione
728 2418 859 2454 latiore
881 2417 1016 2453 Noster

359 2488 472 2523 usus,
521 2475 671 2512 videtur
710 2473 949 2511 Chorasmios
978 2478 1016 2509 et

358 2531 518 2568 Parthos
537 2532 788 2580 intellexisse3
806 2541 1016 2580 namsupra

359 2587 504 2632 V11,66
537 2589 746 2625 Artabazus
768 2586 1018 2640 quadraginta

360 2643 465 2679 mille
514 2642 740 2682 Chorasmiis
784 2651 822 2682 et
868 2641 1018 2681 Parthis

362 2698 564 2750 praefuisse
580 2709 766 2739 narratur.

417 2751 581 2803 τούτους
622 2756 816 2809 ἐδίωκον]
883 2757 1019 2796 Latine

521 1431 592 1476 'Ev
622 1434 667 1477 δὲ
698 1437 947 1489 Πλαταιῇσι
974 1433 1022 1476 ἐν
1051 1437 1112 1489 τῷ
1143 1431 1416 1487 στρατοπέδῳ
1445 1434 1535 1474 τῶν
1550 1433 1674 1486 Αἰγι-

411 1500 579 1558 νητέων
606 1496 664 1558 ἦν
691 1501 888 1559 Λάμπων
918 1499 942 1545 ὁ
968 1499 1150 1553 Πύθεω,
1181 1498 1447 1555 Αἰγινητέων
1475 1497 1530 1542 τοὶ
1559 1503 1672 1552 πρῶ-

1071 1680 1309 1719 reddendum
1326 1691 1336 1716 ε
1356 1683 1520 1729 persequi
1528 1681 1728 1730 cupiebant,

1071 1738 1266 1785 studebant,
1283 1737 1331 1773 ob
1348 1737 1558 1786 imperfecti
1579 1744 1729 1787 tempo-

1071 1795 1120 1830 ris
1134 1800 1360 1844 potestatem
1382 1805 1480 1839 eam,
1515 1791 1563 1829 de
1586 1793 1660 1844 quit
1681 1793 1728 1833 cf.

1071 1858 1167 1887 nott.
1183 1848 1231 1886 ad
1250 1851 1279 1897 Ι,
1299 1850 1365 1889 68.
1382 1869 1438 1876 ——
1457 1848 1646 1886 Diodorus
1660 1850 1729 1896 XI,

1072 1910 1126 1947 32
1153 1908 1251 1943 iuter
1285 1917 1360 1952 eos,
1401 1906 1467 1956 qui
1497 1906 1731 1942 Artabazum

1067 1963 1280 2012 fugientem
1308 1963 1469 1998 insecuti
1519 1969 1618 2009 suut,
1654 1963 1731 1999 Co-

1069 2019 1242 2066 rinthios,
1294 2018 1511 2070 Sicyonios,
1544 2017 1729 2056 Phliasios

1071 2082 1274 2123 memorat,
1305 2074 1483 2112 adjiciens
1521 2075 1590 2113 καί
1626 2088 1731 2121 τινες

1074 2132 1222 2186 ἕτεροιε
1254 2144 1329 2183 quo
1355 2130 1596 2168 Mammenses
1615 2131 1730 2168 intel-

1068 2191 1135 2239 ligi
1165 2187 1343 2226 credibile
1372 2194 1438 2226 est.
1474 2209 1523 2214 -
1569 2187 1631 2224 Ad
1650 2201 1728 2239 seq.

1071 2246 1238 2293 ἐδίωξαν
1288 2244 1439 2294 (patria
1494 2244 1729 2294 expulerunt)

1071 2302 1170 2340 conf.
1185 2302 1232 2350 V,
1254 2303 1308 2341 92
1335 2302 1372 2346 ξ.
1394 2300 1418 2340 5
1439 2300 1567 2352 ibique
1587 2307 1684 2338 nott.

1240 2391 1332 2442 Cap.
1351 2391 1561 2428 Lxxvm.

1129 2467 1315 2522 Λάμπων
1344 2467 1369 2509 ὅ
1396 2465 1574 2518 Πύθεω]
1617 2469 1727 2505 conf.

1071 2529 1236 2565 Pausau.
1279 2528 1345 2564 111.
1384 2525 1410 2566 4
1446 2528 1483 2572 §a
1518 2528 1555 2565 7.
1615 2526 1726 2561 Hunc

1071 2587 1313 2636 Lamponem
1333 2584 1410 2620 eius
1422 2580 1590 2633 Pytheae
1605 2582 1728 2618 lilium

1073 2640 1188 2679 habet
1218 2642 1258 2678 C.
1281 2642 1326 2679 Ο.
1357 2639 1504 2676 Miiller.
1536 2638 1727 2687 Aeginen.

1073 2712 1161 2750 pag.
1185 2700 1284 2747 126,
1319 2695 1366 2733 de
1402 2706 1478 2746 quo
1513 2693 1727 2731 Herodotus

1074 2756 1156 2805 vll,
1179 2756 1270 2796 181.
1291 2753 1389 2802 VIII,
1414 2753 1481 2792 92.
1516 2752 1613 2788 Nam
1632 2764 1728 2788 cou-
