1996 3238
311 755 378 804 56

106 822 215 850 Audita
223 825 382 853 eversione

106 855 298 887 Athenarum,

104 889 216 916 Graeci
240 891 380 921 Isthmum

103 929 209 957 petere
227 927 335 954 consti-

103 960 202 985 tuunt.

441 246 497 285 74

836 245 1297 284 HERODOTI

440 353 587 408 ἐλαίην
631 351 719 408 ἅμα
757 357 818 409 τῷ
858 352 972 411 ἄλλῳ
1018 356 1101 413 ἱρῷ
1146 355 1353 410 κατέλαβε
1396 355 1700 411 ἐμπρησθῆναι

440 420 527 463 ὑπὸ
557 423 643 462 τῶν
672 421 928 476 βαρβάρων
961 422 1138 479 δευτέρῃ
1169 424 1214 465 δὲ
1244 421 1382 479 ἡμέρῃ
1413 422 1498 467 ἀπό
1531 428 1603 478 τῆς
1630 424 1697 478 ἐμ-

437 487 645 542 πρήσιος,
673 487 913 545 Ἀθηναίων
935 492 978 533 οἱ
1006 489 1134 532 θύειν
1174 489 1258 533 ὑπὸ
1290 492 1489 570 βασιλέος
1523 491 1698 535 κελευό-

437 570 584 610 μενοι,
631 573 689 606 ως
716 556 933 638 ἀνέβησαν
963 557 1005 607 ἐς
1034 556 1081 599 τὸ
1112 557 1235 611 ἱρον,
1278 557 1405 610 ὥρων
1435 559 1622 614 βλαστὸν
1650 559 1697 602 ἐκ

437 626 519 666 τοῦ
569 624 779 707 στελέχεος
820 625 927 668 ὅσον
956 641 1000 668 τε
1041 630 1257 680 πηχυαῖον
1288 625 1689 683 ἀναδεδραμηκότα.
1705 636 1722 670 1

440 685 564 735 οὗτοι
595 693 672 745 μέν
702 710 785 736 νυν
814 698 951 736 ταῦτα
982 693 1195 746 ἔφρασαν.

546 757 599 803 Οἱ
628 760 672 804 δὲ
703 760 749 803 ἐν
778 765 995 815 Σαλαμῖνι
1004 759 1230 815 Έλληνες,
1269 758 1327 810 ὥς
1357 770 1436 816 σφι
1466 762 1696 819 ἐξηγγέλθη

439 823 497 877 ὥς
527 826 617 883 ἔσχε
647 828 700 871 τά
729 829 825 882 περὶ
853 828 932 884 τήν
959 826 1206 884 Ἀθηναίων
1245 825 1498 881 ἀκρόπολιν,
1549 829 1590 880 ἐς
1627 847 1696 873 το-

438 898 601 937 σοῦτον
629 895 829 951 θόρυβον
859 894 1089 949 ἀπίκοντο,
1127 895 1234 938 ὥστε
1264 895 1372 938 ἔνιοι
1401 899 1488 938 τῶν
1518 905 1724 953 στρατη-5

433 965 526 1016 γῶν
563 961 666 1006 οὐδὲ
702 968 962 1020 κυρωθῆναι
1001 964 1154 1020 ἔμενον
1183 964 1231 1007 τὸ
1265 964 1551 1019 προκείμενον
1589 969 1696 1021 πρῆ-

377 1142 426 1180 ad
439 1141 633 1196 μαρτύρια
653 1161 778 1199 neque
790 1147 836 1184 ad
853 1145 968 1201 λόγος
978 1162 1035 1184 re-

377 1201 530 1248 seratur,
555 1201 627 1238 hoc
639 1218 749 1241 sensu
765 1217 774 1240 :
795 1219 882 1255 quae
894 1209 997 1242 m'tmt
1013 1218 1036 1241 a

376 1255 539 1307 Neptuno
549 1263 583 1295 et
593 1259 759 1298 Ilfft'nerva
769 1283 813 1289 —
826 1266 868 1298 te
880 1264 971 1298 stib
983 1276 1007 1299 u
1019 1277 1035 1299 s

376 1313 1035 1366 advocatisAtheniensibus,

369 1373 488 1419 posita
510 1373 563 1408 ihi
581 1385 651 1411 esse
665 1404 674 1421 ,
702 1381 786 1422 aut,
816 1381 858 1411 ut
878 1376 916 1410 in
937 1377 1034 1412 Lex.

374 1426 558 1468 Herodot.
588 1432 715 1479 ponit:
755 1433 955 1468 testimonia
995 1434 1034 1469 in

374 1484 525 1521 medium
548 1486 703 1537 proferre
735 1488 780 1525 ab
811 1487 1034 1525 Atheniensi-

376 1540 440 1576 bus
467 1542 536 1578 sibi
563 1544 733 1581 exhibita.
775 1545 879 1589 Quae
896 1547 1032 1582 merito

374 1599 595 1647 perstrinxit
640 1602 806 1650 Hoeger.
850 1602 890 1637 in
928 1603 1031 1640 Actt.

373 1651 481 1704 phill.
512 1656 686 1694 Monacc.
726 1659 780 1693 111
816 1670 904 1707 pag.
935 1659 1030 1699 522

370 1711 439 1778 qui
461 1718 562 1748 recte
584 1715 780 1764 coniungit
799 1710 913 1764 λόγος
927 1729 1034 1765 παρα

370 1761 599 1817 Ἀθηιαίων
638 1770 746 1820 fama
797 1783 945 1807 manans
988 1771 1033 1808 ab

371 1824 654 1863 Atlaeetztettsszus
684 1829 762 1864 Nec
779 1826 1030 1864 aliterMatth.

373 1881 439 1917 Gr.
469 1882 534 1918 Gr.
568 1884 605 1928 §.
640 1883 742 1931 588,
783 1896 869 1934 pag.
910 1887 1036 1935 1172,

370 1937 631 1987 interpretans,
653 1942 726 1978 eine
745 1953 807 1977 von
817 1941 929 1977 Athen
948 1954 1032 1977 aus-

369 1994 522 2043 gelwnde
543 1996 653 2045 Sage.
676 2018 733 2024 —
770 1999 814 2033 111
835 2011 938 2049 seqq.
980 1996 1030 2035 ad

369 2053 530 2088 verbum
559 2052 748 2105 κατέλαβε
777 2054 876 2090 conf.
917 2055 1028 2091 allata

369 2106 418 2144 ad
437 2109 510 2156 111,
539 2108 614 2157 42,
648 2117 685 2146 et
715 2109 763 2146 ad
792 2111 1026 2148 locutionem

371 2159 452 2202 οὲπό
491 2167 561 2213 τῆς
599 2162 817 2218 ἐμπρήσιος
853 2174 950 2205 nott.
979 2167 1026 2204 ad

369 2221 477 2267 VIII,
506 2222 573 2262 51.

443 2272 670 2328 Ἀθηναίων
710 2277 752 2316 οἵ
789 2274 936 2327 θύειν]
972 2280 1029 2315 Ita

371 2347 392 2369 e
421 2334 664 2381 Florentinis,
712 2335 790 2370 aliis
823 2334 910 2371 dedi
939 2349 1029 2372 cum

371 2389 606 2440 Scliweigh„
637 2391 754 2428 Gaisf.
768 2399 804 2428 et
830 2390 1026 2428 Bekkero.

370 2447 494 2496 Vulgo
539 2444 749 2497 Ἀθηναῖοι
797 2448 838 2486 οἱ
883 2445 1025 2496 θύειν,

370 2503 472 2553 quod
486 2503 678 2541 Schaefer.
693 2512 728 2541 et
738 2503 871 2541 Matth.
882 2511 1027 2542 tenent.

370 2559 513 2596 Similis
541 2563 700 2611 genitivi
725 2568 909 2598 structura
946 2561 1025 2609 Vll,

372 2618 465 2656 170

427 2668 547 2737 ὥρων
584 2669 751 2722 βλαστὸν
784 2695 840 2701 —-
880 2668 1024 2712 οἷναδε-

369 2723 616 2780 δραμηκότα]
646 2730 669 2768 i.
698 2743 730 2768 e.
760 2730 921 2767 viderunt
941 2744 1023 2768 sur-

369 2786 487 2822 culum
524 2797 542 2822 e
578 2787 696 2834 stipate
736 2791 878 2823 enatum
916 2789 1025 2825 cubiti

359 2841 439 2891 sere
478 2842 712 2891 longitudine.
779 2843 842 2880 Ad
863 2847 1023 2883 verbum

1093 1143 1317 1198 ἀνατρέχειν
1356 1147 1455 1184 conf.
1501 1155 1596 1185 nott.
1638 1147 1685 1185 ad
1720 1151 1750 1197 Ι,

1093 1207 1145 1245 60
1168 1212 1203 1241 et
1225 1204 1358 1241 Liban.
1389 1203 1567 1240 Antiocli.
1608 1218 1646 1255 p.
1669 1208 1751 1246 378

1092 1261 1154 1308 0.,
1197 1274 1311 1312 quem
1341 1261 1471 1297 locum
1510 1267 1596 1312 apte
1628 1263 1752 1299 attulit

1091 1319 1323 1367 W'esseling.
1380 1317 1488 1354 Idem
1522 1319 1752 1356 miraculum

1093 1381 1242 1410 enarrat
1272 1376 1493 1421 Pansaml,
1545 1377 1598 1414 27
1650 1377 1686 1420 §.
1723 1378 1751 1416 2

1090 1428 1164 1467 hoc
1184 1430 1385 1478 adficiens,
1411 1431 1534 1467 oleam
1554 1432 1644 1481 igne
1665 1445 1750 1468 cre-

1089 1494 1234 1524 matam
1268 1486 1404 1523 eodem
1436 1486 1496 1523 die
1524 1489 1563 1523 in
1585 1487 1750 1525 duorum

1089 1545 1208 1580 ferme
1237 1544 1453 1580 cubitorum
1484 1546 1751 1595 proceritatem

1089 1601 1348 1651 repullulasse..
1425 1602 1477 1637 Et
1531 1602 1663 1638 confer
1699 1603 1749 1639 sis

1089 1670 1243 1709 quoque
1281 1657 1382 1692 Pliu.
1416 1658 1465 1693 H.
1493 1659 1540 1693 N.
1560 1659 1641 1702 111,
1673 1660 1748 1698 17:

1087 1715 1215 1762 „Sunt
1227 1720 1262 1750 et
1275 1714 1457 1749 miracula
1469 1714 1633 1751 fortuita.
1649 1716 1749 1751 Nam

1089 1778 1125 1806 et
1147 1772 1243 1807 oliva
1270 1770 1310 1805 in
1339 1777 1463 1806 totum
1485 1772 1656 1808 ambusta
1686 1784 1749 1807 re-

1087 1828 1205 1864 vixit:
1259 1833 1295 1862 et
1345 1827 1385 1862 in
1429 1829 1589 1864 Boeotia
1637 1827 1749 1864 dero-

1086 1897 1149 1920 sae
1198 1897 1219 1920 a
1265 1883 1416 1920 locustis
1457 1885 1550 1921 ficus
1602 1886 1748 1935 gerini-

1085 1942 1266 1979 navere.“
1333 1942 1445 1976 Hisce
1502 1954 1606 1977 nunc
1645 1940 1746 1979 addo

1084 1999 1280 2048 Excerptt.
1342 1998 1499 2048 Dionys.
1553 1999 1747 2036 Halicarn-

1084 2055 1201 2101 XIV,
1227 2055 1275 2101 4,
1308 2054 1374 2090 ubi
1404 2055 1502 2090 iuter
1532 2055 1605 2091 alia
1633 2056 1747 2091 etiam

1084 2109 1198 2157 haec,
1235 2123 1333 2162 quae
1364 2110 1590 2148 Herodoteis
1617 2113 1746 2148 maxi-

1082 2180 1146 2204 me
1176 2168 1429 2204 conveniunt:
1474 2166 1636 2221 δευτέρα
1674 2169 1747 2217 τῆς

1087 2221 1318 2275 ἐιιπρησεως
1370 2222 1498 2277 ’ἡμέρα
1540 2219 1658 2272 (ἷερα
1687 2239 1746 2269 τις

1087 2280 1197 2319 ἐλαία
1243 2279 1342 2328 scil.)
1381 2264 1553 2345 βλαστὸν
1593 2279 1634 2318 ἐκ
1673 2295 1744 2319 του

1087 2335 1286 2385 στελέχους
1317 2331 1467 2386 α’νηκεν
1496 2332 1592 2377 όσον
1611 2350 1651 2376 τε
1670 2351 1745 2388 πη-

1086 2396 1226 2443 χυαῖον
1246 2407 1282 2432 κ.
1311 2407 1344 2430 τ.
1366 2394 1400 2431 λ.

1304 2482 1396 2533 cap.
1425 2483 1523 2520 Lvl.

1159 2558 1395 2614 ἐξηγγέλθη]
1450 2563 1506 2598 Ita
1528 2591 1538 2609 ,
1586 2562 1741 2600 iubente

1083 2619 1231 2683 Apela,
1249 2617 1740 2666 eF101eut.‚Mediceo,aliis

1080 2675 1243 2725 reposui.
1303 2675 1419 2721 CRI,
1453 2676 1604 2723 21.11,
1649 2678 1740 2716 121

1079 2732 1203 2781 Vulgo
1233 2729 1462 2784 ἐξαγγέλθη.

1137 2783 1230 2827 ου’ὂὲ
1258 2789 1496 2839 κυρωθηναι
1526 2785 1667 2837 ἔμενον
1695 2783 1738 2826 τό

1079 2844 1343 2898 προκείμενον
1383 2843 1578 2898 πρηγμα]
1628 2845 1654 2881 i.
1701 2857 1737 2882 e.
