1996 3238
317 336 417 382 134
472 332 567 386 πέρι
608 329 785 386 πέμψαι.

146 398 234 461 Βιιαο
248 398 392 427 Boeotiae

146 432 343 468 lliocidisque
355 442 422 461 ora.-

146 467 214 493 cnla
224 467 291 500 M„
303 468 423 495 adierit.

147 500 356 534 Amphiaraum
375 501 420 527 in-

145 536 301 573 tei-rogare
320 542 373 560 cur

146 565 285 596 Thebani
299 568 394 595 vetiti.

477 226 559 266 184
874 225 1328 262 HERODOTI

850 326 989 383 Οὗτος
1025 330 1050 375 ὁ
1082 335 1186 384 Μῦς
1217 333 1259 383 ἔς
1287 348 1331 376 τε
1360 331 1603 388 Λεβάδειαν
1631 333 1782 387 φαί-35

478 416 597 442 νεται
625 399 908 455 ἀπικόμενος,
937 400 1009 444 καὶ
1038 405 1184 456 μισθῷ
1206 402 1353 450 πείσας
1384 404 1472 443 τῶν
1492 400 1729 455 ἐπιχωρίων

480 464 653 519 ἄνδρα,
689 469 930 521 καταβῆναι
966 468 1082 521 παρὰ
1114 466 1400 523 Τροφώνιον·
1437 468 1510 511 καὶ
1540 467 1730 524 ἐς”Αβας

446 532 554 583 Ξτὰς
594 531 782 576 Φωκέων
819 532 1079 588 ἀπικόμενος
1117 534 1183 577 ἐπὶ
1230 534 1278 577 τὸ
1319 535 1593 592 χρηστήριον.
1657 535 1730 579 καὶ

476 599 530 656 δή
559 600 632 643 καὶ
662 601 703 651 ἐς
726 599 870 656 Θήβας
898 606 1046 655 πρῶτα
1077 601 1134 651 ὠς
1165 601 1352 654 ἀπίκετο,
1384 607 1515 646 τοῦτο
1539 604 1629 659 μὲν,
1668 606 1729 657 τῷ

469 665 667 724 Ἰσμηνίῳ
694 666 929 712 Ἀπόλλωνι
957 666 1182 723 ἐχρήσατο·
1215 669 1303 712 ἔστι
1335 670 1402 722 δὲ,
1434 670 1543 714 κατά
1573 687 1651 725 περ
1682 669 1727 713 ἐν
1740 671 1785 709 40

419 872 577 929 ὀλίγους
616 875 741 925 σφέας
773 871 1020 926 (ἷνθρῶπους
1038 873 1069 913 ἴ-

419 946 544 984 ozena:
575 935 627 969 ita
646 938 681 969 ut
698 934 807 982 pauci
817 935 953 968 tantum
968 931 1078 968 laomi-

416 1002 475 1027 πρε
494 992 604 1040 ipsum
624 1002 699 1025 cum
723 988 840 1025 Persis
859 1000 976 1054 arcer’e
990 1001 1077 1037 pos-

418 1047 502 1083 sent.
535 1068 589 1073 —
636 1043 698 1081 Ad
728 1058 889 1096 sequens
919 1059 965 1083 ου
1002 1041 1075 1095 γάρ

419 1103 477 1141 ὠν
515 1102 662 1155 λέγεται
689 1100 765 1139 vid.
794 1103 871 1138 citt.
903 1099 952 1138 ad
975 1101 1077 1147 vul,

587 1270 678 1321 eap.
696 1268 910 1307 cxxxlv.

475 1348 658 1398 φαίνεται
702 1343 970 1400 ἀπικόμενος]
1019 1347 1076 1384 Ita

418 1417 507 1440 cum
523 1412 679 1443 recentt.
701 1406 829 1456 posui,
851 1417 940 1442 cum
960 1404 1075 1454 vulgo

415 1461 604 1516 legeretur
624 1457 865 1512 α’πικὸμενος
878 1460 1074 1511 φαίνεται,

417 1517 522 1568 quod
558 1531 648 1554 cum
681 1495 877 1555 Scliaefer.
922 1518 1076 1554 retinuit

416 1573 609 1613 Matthiae.
642 1574 821 1621 Lebadea,
846 1572 948 1626 quod
959 1586 1071 1611 nemo

416 1629 496 1666 fere
517 1633 647 1678 nescit,
676 1633 857 1668 Boeotiae
878 1631 949 1667 suit
970 1631 1071 1678 urbs,

417 1687 627 1723 Pausaniae
648 1694 819 1737 tempore
831 1700 928 1738 quae
949 1686 1072 1723 adhuc

417 1742 554 1787 floruit,
577 1744 702 1780 multis
724 1749 853 1779 ornata
875 1744 961 1779 artis
982 1756 1075 1792 ope-

420 1799 523 1835 ribus
544 1801 714 1850 itemque
734 1800 832 1836 Iovis
862 1798 1076 1849 Trophonii

421 1856 572 1894 oraculo
593 1857 762 1906 insignis,
784 1854 886 1906 quod
903 1856 967 1906 qui
983 1868 1077 1892 con-

418 1912 542 1948 sulere
562 1913 714 1960 vellent,
731 1913 755 1947 ii
778 1913 815 1947 in
841 1919 992 1948 antrum
1009 1911 1078 1948 de-

417 1967 649 2005 scendebant
674 1969 983 2016 subterraneum,
1012 1969 1076 2004 ubi

419 2023 636 2061 divinorum
667 2025 907 2061 oraculorum
944 2024 1079 2061 fierent

418 2082 630 2131 participes.
688 2083 814 2132 Atque
835 2080 907 2118 hoc
932 2088 985 2118 est
1005 2096 1078 2120 κα-

417 2138 587 2188 ταβῆναι
599 2138 705 2189 παρά
723 2133 974 2188 Τροφώνιον,
984 2140 1074 2184 sive,

417 2200 461 2229 ut
494 2195 659 2230 crebrius
707 2195 920 2242 invenitur,
948 2193 1074 2230 iudice

420 2249 759 2347 Heinste1·l1us.2ad
784 2251 940 2288 Lucian.
961 2251 1073 2288 Diall.

419 2306 931 2357 M01·tt.111‚2pag.410
954 2308 1004 2344 Τ.
1039 2308 1075 2342 Π

420 2363 521 2413 Rip„
561 2363 786 2413 καταβῆναι
822 2362 876 2407 εἰς
914 2365 1076 2412 Τροφω-

419 2420 530 2466 νίου;
575 2432 810 2472 quamquam
839 2418 1076 2458 Herodotum

420 2477 590 2526 sequitur
625 2476 828 2512 Pausanias
857 2476 926 2521 lx,
959 2477 1010 2514 39
1038 2476 1075 2520 §-

421 2529 446 2569 4
462 2539 498 2568 et
513 2532 566 2572 40
584 2534 621 2578 ξ.
646 2535 689 2571 1:
722 2533 787 2583 qui
817 2532 919 2567 locus
937 2530 982 2568 de
1005 2530 1076 2568 hoo

422 2589 574 2625 oraculo
634 2589 805 2639 inprimis
848 2588 1077 2625 consulatur.

422 2643 644 2680 Etiamnum
670 2643 880 2681 ostenditur
900 2652 1049 2681 antrum
1066 2657 1076 2691 3

422 2711 493 2736 nec
514 2707 642 2736 tamen
669 2702 822 2738 introire
844 2702 1004 2752 amplius
1032 2702 1079 2737 li-

422 2762 506 2802 cet3
547 2757 661 2792 situm
692 2764 746 2794 est
776 2756 824 2793 ad
852 2758 1078 2808 septentrio-

421 2823 513 2848 nem
533 2812 646 2860 urbis,
669 2825 766 2864 quae
786 2814 824 2849 in
846 2815 981 2852 veteris
1002 2813 1078 2852 Le·-

1132 875 1263 912 badeae
1295 876 1422 913 locum
1460 877 1575 922 venit,
1596 874 1788 920 Lzbadiae,

1133 945 1326 984 quamque
1346 931 1482 969 eodem
1503 932 1580 968 sere
1594 932 1690 978 loco,
1711 944 1788 983 quo

1132 989 1225 1025 olim
1254 988 1468 1040 Trophonii
1488 989 1556 1025 suit
1578 989 1696 1035 lucus,
1719 1000 1790 1024 ex-

1132 1052 1312 1082 structam
1329 1059 1407 1082 esse
1427 1047 1553 1082 scribit
1567 1045 1663 1083 Gell.
1703 1045 1788 1080 Ex-

1132 1099 1259 1138 hibuit
1296 1103 1393 1138 antri
1433 1101 1542 1139 huius
1579 1101 1788 1151 imaginem

1132 1159 1210 1209 aeri
1233 1160 1391 1196 incisam
1413 1158 1549 1195 Clarke
1565 1158 1723 1194 Travels
1738 1157 1786 1204 11,

1133 1216 1157 1254 3
1175 1213 1284 1266 chap.
1310 1214 1335 1255 4
1362 1217 1561 1266 pag.126.
1593 1213 1649 1250 Cf.
1666 1214 1788 1250 Kruse

1132 1272 1233 1308 Hell.
1261 1272 1307 1318 11,
1336 1274 1352 1311 1
1377 1284 1463 1322 pag.
1490 1269 1569 1310 643
1587 1269 1729 1311 -647
1751 1275 1789 1306 et

1131 1334 1227 1364 nott·
1248 1327 1296 1364 ad
1319 1329 1498 1364 Herodot.
1513 1328 1541 1373 1,
1562 1326 1628 1372 46,
1658 1326 1724 1361 ubi
1736 1332 1789 1362 et-

1131 1384 1207 1420 iam
1222 1383 1356 1421 deAbz's
1376 1384 1601 1420 notavimus.
1618 1382 1790 1432 DeApol-

1132 1441 1201 1477 line
1232 1439 1381 1478 Ismenia
1420 1439 1497 1479 vid.
1531 1445 1626 1478 nott.
1660 1437 1709 1475 ad
1742 1438 1788 1487 V,

1133 1496 1203 1537 49

1189 1573 1270 1614 ε’στι
1289 1572 1344 1622 δὲ,
1375 1588 1548 1626 καταπερ
1581 1571 1623 1613 ἓν
1648 1567 1791 1624 Ὀλυμ-

1128 1631 1213 1686 πιῃ,
1245 1631 1364 1683 ἱροῖσι
1384 1627 1525 1670 αὐτόθι
1555 1625 1789 1682 χρηστηοιοῖ-

1130 1690 1166 1735 'ge
1172 1689 1300 1736 σθαι]
1346 1689 1422 1724 Pro
1458 1687 1578 1738 ἷοοῖσι
1604 1685 1789 1722 Valcken.

1130 1745 1282 1780 coniicit
1303 1739 1527 1794 ἐμπύροισι,
1551 1741 1694 1778 uthaec
1711 1743 1788 1778 loci

1132 1799 1267 1837 evadat
1308 1801 1516 1836 sententia:
1590 1799 1669 1836 lecet
1711 1811 1789 1835 vero

1132 1858 1249 1903 ignem
1269 1858 1493 1892 victimarum
1503 1856 1694 1891 vaticinam
1712 1854 1789 1892 illic

1133 1911 1292 1961 (Thebis
1311 1913 1390 1949 scil.
1412 1913 1451 1948 in
1472 1912 1656 1962 Apollinis
1670 1911 1793 1947 Isme-

1132 1970 1186 2005 nii
1220 1967 1327 2016 aede)
1364 1969 1546 2016 consulere,
1567 1967 1790 2018 quemadmo-

1133 2025 1415 2075 dumOlympiae.
1465 2027 1639 2076 Namque
1656 2024 1792 2075 Olym-

1133 2083 1218 2133 piae
1233 2082 1430 2132 ignispicio
1460 2082 1500 2128 (i.
1522 2094 1554 2118 e.
1579 2076 1788 2131 ἐμπύροις)

1133 2151 1220 2175 usos
1242 2151 1320 2175 esse
1335 2137 1544 2175 sacerdotes
1559 2135 1721 2173 Iamidas
1741 2149 1791 2173 ex

1129 2201 1381 2231 mactatarum
1401 2195 1638 2231 victimarum
1673 2194 1790 2244 inque

1131 2251 1194 2287 arsi
1216 2257 1541 2287 concrematarum
1558 2249 1711 2285 flammat
1728 2248 1789 2285 di-

1130 2309 1300 2345 vinautes
1328 2308 1414 2343 satis
1448 2312 1591 2343 constat
1616 2319 1664 2342 ex
1694 2306 1790 2341 Pin-

1132 2362 1211 2400 dari
1227 2364 1376 2414 Olymp,
1394 2363 1492 2410 Vm,
1510 2365 1533 2403 3
1555 2362 1639 2399 coll.
1658 2361 1789 2399 Schol.

1131 2419 1180 2456 ad
1219 2419 1330 2456 Pind.
1369 2420 1520 2470 OlyOEP·
1550 2419 1612 2464 VI,
1644 2421 1722 2458 112
1751 2425 1789 2455 et

1132 2478 1294 2513 Pausan.
1310 2476 1354 2523 V,
1381 2479 1429 2516 15
1448 2477 1483 2521 ξ.
1503 2473 1538 2514 4.
1568 2474 1676 2512 Idem
1698 2487 1786 2511 vero

1134 2534 1247 2568 etiam
1263 2534 1300 2568 in
1317 2533 1501 2583 Apollinis
1516 2532 1667 2569 Ismenii
1687 2537 1787 2567 tem-

1133 2590 1196 2639 plo
1218 2589 1361 2626 factum
1375 2602 1453 2625 esse
1469 2587 1579 2625 docet
1600 2585 1787 2624 Schol.ad

1134 2644 1315 2696 Sophocl.
1338 2645 1432 2685 Oecl.
1456 2646 1550 2694 Tyr.
1580 2646 1644 2691 21,
1683 2643 1787 2694 quod

1133 2702 1232 2738 bene
1248 2701 1296 2739 ad
1317 2700 1354 2739 h.
1372 2703 1396 2738 l.
1418 2700 1524 2737 affert
1541 2698 1787 2741 Valckenaer,

1133 2759 1266 2810 Neque
1287 2765 1426 2805 tamen,
1448 2757 1569 2793 invitis
1587 2756 1685 2792 libris
1698 2758 1788 2793 scri-

1133 2817 1229 2866 ptis,
1260 2810 1471 2867 ἒμπύροισι
1501 2814 1720 2864 receperim,
1753 2812 1788 2852 ἴ-

1786 408 1866 448 683

1959 1683 1974 1729 nv*
1954 1655 1973 1674 ὕ.
1959 1621 1966 1635 ··

1961 1529 1970 1558 'l

1959 1563 1974 1583 ὃ.

1960 1589 1968 1603 ἃ
