1879 3222
583 190 1047 230 CALLIOPE.

1103 193 1182 230 IX.
1400 193 1482 233 361

231 303 347 355 εται”)
377 300 536 355 ταύτην
566 300 619 354 δὴ
647 298 726 355 τήν
755 298 919 355 ἡμέρην
938 299 1166 355 φυλάξασα
1190 299 1481 358 ἡ”Αμηστρις,

227 368 369 423 χρῄζει
392 371 467 410 τοῦ
496 365 660 419 Ξέρξεω
692 369 880 422 δοθῆναί
912 371 955 411 οί
985 370 1063 425 τήν
1084 371 1316 413 Μασίστεω
1338 375 1483 426 γυναῖ-

200 442 221 476 3
234 453 300 479 κα.

359 434 382 476 ὁ
423 434 467 478 δὲ
497 434 643 478 δεινόν
667 452 711 478 τε
741 436 813 478 καὶ
842 434 1055 488 ἀνάρσιον
1085 438 1299 487 ἐποιέετο,

1349 442 1482 482 τοῦτο

227 503 316 558 μὲν,
338 500 557 557 ἀδελφεοῦ
584 509 772 558 γυναῖκα
802 506 1092 557 παραδοῦναι,
1122 510 1252 549 τοῦτο
1274 506 1330 556 ὁὲ,
1362 507 1482 549 οίναι-
1495 513 1540 548 60

227 572 322 625 τίην
359 570 520 613 ἐοῦσαν
561 576 642 614 τοῦ
680 569 929 627 πρήγματος
968 573 1149 616 τούτου·

67 633 160 677 111
225 641 305 680 τοῦ
335 639 496 681 εἵνεκεν
525 637 676 682 ἐδέετο.

1211 578 1370 627 συνῆκε
1401 573 1483 628 γὰρ

741 639 869 690 Τέλος
895 639 1063 694 μέντοι,
1097 642 1240 696 κείνης
1269 657 1312 683 τε
1354 646 1482 683 λιπα-

225 703 431 762 ρευύσης,
462 708 535 750 καὶ
566 706 649 750 ὑπὸ
676 711 756 750 τοῦ
785 706 926 762 νόμου
955 708 1250 764 ἐξεργόμενος,
1283 708 1349 751 ὅτι
1380 707 1500 751 ἀτυ-

222 777 349 828 χῆσαι
378 775 455 818 τὸν
486 774 699 832 χρῄζοντα
720 773 775 818 οὔ
805 786 884 830 σφι
914 777 1105 820 δυνατόν
1135 777 1225 821 ἐστι
1255 778 1484 832 βασιληίου

225 842 404 885 δείπνου
446 845 757 901 προκειμένου,
798 842 937 898 κάρτα
975 845 1027 899 δή
1059 843 1198 887 α’έκων
1236 842 1484 887 κατανεύει·

197 909 301 951 Ξκαὶ
339 912 590 964 παραδούς,
634 912 770 955 ποιέει
797 907 892 955 ὦδε.
922 910 1002 967 τήν
1032 911 1109 966 μὲν
1131 912 1295 954 κελεύει
1325 910 1541 954 ποιέειν65

224 977 276 1019 τά
293 978 505 1033 βούλεται·
532 979 555 1023 ὁ
587 980 632 1022 δὲ
661 979 1043 1035 μεταπεμψάμενος
1073 978 1153 1021 τόν
1184 977 1398 1033 ἀδελφεὸν
1423 978 1486 1021 λε’-

222 1061 290 1100 γει
319 1048 420 1090 τάδε
433 1063 441 1071 ·

491 1049 743 1099 ,,Μασίστα,
785 1048 837 1090 σύ
870 1046 929 1099 εἷς
959 1048 1155 1100 Δαρείου
1184 1062 1229 1089 τε
1262 1052 1381 1100 παῖς,
1411 1046 1486 1090 καὶ

221 1113 349 1169 ,,έμὸς
379 1115 608 1171 ἀδελφεός·
638 1115 747 1169 πρὸς
779 1115 813 1159 δ’
844 1116 904 1159 ἔτι
938 1113 1149 1167 τούτοισι,
1180 1115 1252 1157 καὶ
1283 1113 1341 1165 εἷς
1372 1113 1485 1170 ἀνὴρ

192 1182 437 1238 3,,οέγαθός.
482 1186 659 1240 γυναικὶ
689 1184 741 1239 δὴ
778 1184 914 1241 ταύτῃ
945 1188 996 1239 τῇ
1026 1187 1110 1226 νῦν
1132 1183 1393 1235 συνοικέεις,
1425 1181 1483 1238 μὴ

218 1253 441 1301 ,,συνοι’κεε
455 1268 463 1276 ·

524 1251 631 1296 ἀλλά
660 1268 728 1295 τοι
760 1251 848 1295 ἀντ’
881 1251 1010 1308 αὐτῆς
1043 1251 1125 1306 ἐγώ
1159 1253 1314 1306 δίδωμι
1343 1256 1540 1305 θυγα-7Ο

225 1319 354 1372 ,,τέρα
383 1319 463 1376 τήν
493 1319 611 1376 ἐμήν.
655 1319 790 1376 ταύτῃ
813 1321 1032 1362 συνοίκεε·
1062 1318 1141 1373 τὴν
1171 1318 1216 1361 δε
1246 1323 1331 1361 νῦν
1365 1319 1484 1373 ε’χεις,

191 1386 307 1439 4,ού
339 1388 421 1443 γὰρ
452 1388 637 1431 δοκέειέ
621 1389 737 1442 εμοὶ,
769 1406 826 1443 μη
857 1388 920 1442 ε’χε
949 1391 1180 1442 γυναῖκα.ιι

1233 1384 1290 1429 Ο
1322 1386 1366 1429 ὁε
1389 1390 1487 1428 Μα-

222 1456 366 1510 σίστης
396 1454 723 1511 ἄποθωυμάσας
752 1473 805 1498 τα
844 1453 1074 1510 λεγόμενα,
1113 1453 1224 1508 λέγει
1251 1453 1376 1497 τάδε·
1405 1455 1484 1506 ‚552

220 1522 457 1579 ,,δέσποτα,
484 1525 582 1568 τίνα
609 1540 685 1582 μοι
713 1523 847 1581 λόγον
866 1524 1001 1581 λέγεις
1032 1522 1262 1579 ἄχρηστον,
1293 1519 1481 1565 κελεύων
1494 1526 1539 1562 75

163 1706 211 1744 de
230 1708 311 1758 ipso
333 1710 448 1745 verbo
472 1707 576 1746 dabit
597 1722 618 1746 a
641 1708 708 1746 Cr.
731 1708 822 1746 cita-

162 1771 222 1801 tus
261 1765 476 1802 Blomfield.
517 1765 566 1803 ad
599 1764 821 1803 Callimach.

162 1822 320 1858 Lavacr.
341 1822 486 1859 Pallad.
506 1836 559 1862 VS.
582 1826 650 1864 32.
688 1825 822 1874 Neque

164 1891 253 1914 vero
269 1876 330 1914 hic
339 1886 431 1929 puto
444 1881 604 1930 intelligi
620 1880 823 1930 possessa-

164 1937 329 1982 grantius
345 1936 467 1983 oleum,
490 1949 565 1986 quo
586 1937 738 1986 regium
758 1949 824 1972 ca·-

165 1997 234 2041 put
255 1991 366 2027 suerit
386 1992 597 2029 delibutum
623 2000 660 2029 et
685 1991 823 2028 deinde

166 2046 379 2085 defrictum.
435 2050 541 2085 Facit
562 2047 638 2085 huo
671 2062 823 2100 quoque

165 2104 303 2141 Strabo
344 2104 416 2140 XV
450 2118 489 2155 p.
532 2107 614 2146 718
643 2104 823 2145 s.1046

164 2161 212 2199 A.
241 2181 296 2188 —
325 2161 368 2196 Iu
385 2174 491 2212 seqq
512 2160 600 2198 dedi
623 2158 755 2214 χρῄζει
787 2168 823 2198 et

164 2213 358 2272 χρῃζοντα
392 2231 460 2268 pro
481 2218 626 2269 χρηίζει
655 2226 689 2254 et
709 2218 822 2268 χρηΐ-

167 2277 301 2322 ζοντα,
347 2273 450 2325 quod
493 2287 581 2312 cum
613 2273 821 2312 Schaesero

166 2338 269 2367 tenet
297 2329 465 2369 Bekker.
519 2331 630 2369 Couf.
658 2332 738 2380 Vll,
769 2334 823 2372 38

166 2388 294 2441 ibique
321 2394 419 2425 nott.

384 2477 474 2529 Cap.
510 2478 609 2515 CXI.

222 2557 358 2608 κείνης
382 2572 421 2596 τε
440 2552 725 2608 λιπαρεούσης]
744 2557 825 2596 nsi-

170 2629 241 2664 νης
285 2628 306 2650 e
352 2615 573 2651 Florentino
613 2620 823 2663 receptum.

170 2671 370 2722 Vulgatam
391 2670 545 2721 ἐκείνης
565 2684 653 2706 cum
672 2669 825 2707 Schaef.

171 2728 322 2764 retinuit
357 2727 493 2766 Matth.
552 2728 697 2764 verba:
745 2723 825 2766 ’ὑπὸ

171 2785 243 2822 τοῦ
258 2780 386 2835 νόμον
403 2781 655 2838 ἐξεργόμενος
673 2783 823 2821 valent:

878 1708 954 1758 lege
976 1706 1187 1759 prohibitus,
1219 1717 1295 1758 quo
1315 1703 1442 1741 minus
1456 1703 1538 1741 scil.

877 1767 986 1802 aliter
1006 1765 1146 1801 faceret
1157 1764 1377 1814 petentique
1390 1762 1541 1797 abnue-

878 1828 936 1859 ret
975 1820 1115 1870 (conf.
1147 1827 1245 1858 nott.
1273 1819 1322 1856 ad
1350 1819 1433 1864 Vll,
1453 1820 1540 1866 96),

881 1880 1065 1929 quiafieri
1103 1879 1251 1927 nequit,
1302 1877 1402 1923 regia
1439 1886 1543 1910 coena

875 1937 1081 1986 proposita,
1121 1938 1161 1970 ut
1191 1934 1326 1983 petenti
1351 1929 1543 1981 quidquam

881 1992 1069 2038 denegetur
1092 2004 1121 2027 s.
1137 1994 1257 2040 petens
1282 1992 1360 2024 voto
1384 1986 1543 2024 excidat.

882 2070 934 2075 ——
965 2048 1086 2083 Paulo
1123 2046 1221 2082 inira
1243 2059 1262 2081 e
1292 2045 1457 2080 Florem.
1479 2056 1542 2079 re-

881 2110 1035 2154 ceptum
1053 2117 1214 2154 γυναικι
1237 2098 1286 2151 δή
1300 2129 1309 2147 ,
1338 2101 1404 2136 ubi
1425 2100 1540 2149 vulgo

878 2159 1039 2213 γυναικὶ
1068 2157 1122 2206 δὲ,
1152 2156 1256 2210 quod
1287 2164 1370 2208 post
1395 2155 1543 2194 Sohae-

878 2218 1005 2253 ferum
1048 2218 1286 2252 retinuerunt
1329 2212 1465 2250 Matth.
1505 2219 1542 2250 et

878 2272 1049 2311 Bekker.

935 2325 1054 2382 λόγον
1071 2327 1194 2380 λέγεις
1213 2325 1428 2378 ἄχρηστον]
1447 2326 1541 2373 „Vi-

881 2386 992 2424 detur
1017 2388 1167 2437 gravius
1195 2383 1377 2437 quiddam
1406 2396 1541 2419 sonare

882 2457 1000 2497 quam
1019 2444 1180 2480 inutilem
1191 2454 1388 2486 sermonem,
1401 2453 1541 2490 nempe

882 2501 1035 2548 malum,
1066 2502 1320 2550 importunum,
1358 2496 1540 2546 z'ffdzcem,

882 2557 1129 2593 ι1αηιηωιιηι.*ι
1184 2554 1540 2602 Schweigh.i11

881 2615 976 2651 Lex,
1007 2612 1146 2650 Herod.
1168 2634 1222 2639 -—
1278 2612 1322 2647 In
1343 2623 1448 2661 seqq.
1470 2623 1542 2647 vo-

882 2683 967 2707 cem
998 2674 1100 2718 τρεῖς
1140 2675 1223 2719 post
1255 2666 1331 2706 εἰσὶ
1371 2668 1542 2719 plerique

883 2724 996 2763 codd.
1019 2728 1208 2777 ignorant,
1230 2723 1330 2761 unde
1353 2726 1458 2760 uncis
1479 2726 1541 2759 in-

882 2781 1035 2821 cludere
1074 2783 1205 2832 malui,
1246 2794 1363 2835 quam
1391 2793 1544 2833 prorsus
