1996 3238
320 839 419 885 102

149 900 221 936 quid
238 903 378 934 suaserit.

488 221 571 262 140

887 223 1343 263 HERODOTI

486 333 649 382 ,,ταῦτα
687 328 850 372 κελεύει
884 331 1071 386 ποιέειν,
1111 332 1140 389 ἢ
1179 332 1307 386 αὐτὸς
1337 335 1472 380 ἐθέλει
1506 337 1739 394 τριήκοντα

487 396 729 452 ,,μυριάδας
767 395 1083 453 ἀπολεξάμενος
1122 406 1204 445 τοῦ
1243 409 1453 457 στρατοῦ,
1504 413 1738 462 παρασχεῖν

485 481 587 520 ,,μοι
616 463 695 521 τήν
718 463 901 509 Ἑλλάδα
927 469 1254 526 δεδουλωμένην
1272 485 1280 494 ·

1330 471 1464 516 αὐτὸν
1503 473 1547 516 δέ
1585 489 1635 528 με
1665 490 1738 516 κε-

484 532 630 584 ,,λεύει
670 530 931 577 ἀπελαύνειν
969 536 1051 579 σὺν
1081 542 1142 594 τῷ
1176 542 1315 595 λοιπῷ
1345 544 1515 596 στρατῷ
1555 540 1596 591 ἐς
1625 539 1738 595 ἤθεα

461 604 482 638 5
493 597 572 650 „vde
613 599 708 654 ἐμά.

771 600 841 644 Σύ
881 598 944 645 ὧν
974 602 1090 657 ἐμοὶ,
1130 605 1203 647 καὶ
1233 605 1313 660 γὰρ
1343 608 1440 661 περὶ
1469 612 1544 663 τῆς
1573 615 1795 663 ναυμα-Ξο

481 668 600 722 ,,χιἠς
637 662 686 710 εὖ
725 669 1072 726 συνεβούλευσας
1113 676 1188 727 τῆς
1217 675 1469 730 γενομένης,
1509 673 1591 719 οὐκ
1624 676 1736 718 ἐῶσα

483 733 758 787 ,,ποιεέσθαι,
795 741 877 779 νῦν
913 754 956 780 τε
980 738 1329 794 συμβούλευσον,
1369 741 1552 796 ὁκότερα
1576 743 1737 786 ποιέων

481 802 694 858 ,,ἐπιτύχω
725 798 774 846 εὖ
803 805 1162 862 βουλευσάμενος.
1175 813 1200 832 “

478 869 720 925 βουλεύετο.
750 869 805 912 ‘H
831 871 875 914 δὲ
897 872 1007 928 λέγει
1037 875 1160 919 τάδε·

1253 807 1308 851 ‘O
1336 810 1414 864 μὲν
1443 815 1579 853 ταῦτα
1609 822 1737 854 συνε-

1193 880 1423 928 ,,Βασιλεῦ,
1453 878 1639 932 χαλεπόν
1660 879 1739 934 μέν
1751 887 1795 920 25

454 936 605 989 2,,ἐστι
650 940 1040 998 συμβουλευομένῳ
1081 948 1225 998 τυχεῖν
1263 945 1316 987 τοὶ
1357 944 1513 999 ἄριστα
1540 948 1736 990 εἴπασαν.

481 1002 579 1054 ,,έπὶ
608 1002 755 1058 μέντοι
794 1011 907 1050 τοῖσι
942 1008 1182 1065 κατήκουσι
1218 1012 1452 1068 πρήγμασι,
1494 1013 1633 1057 δοκέει
1663 1031 1740 1069 μοι

480 1069 648 1122 ,,αὐτόν
686 1072 766 1126 μὲν
806 1074 851 1117 σὲ
892 1074 1150 1121 ἀπελαύνειν
1182 1077 1340 1139 ὀπίσῳ·
1379 1080 1641 1135 Μαρδόνιον
1679 1081 1737 1135 δὲ,

478 1140 544 1190 ,,εἰ
574 1139 711 1183 ἐθέλει
740 1157 782 1184 τε
811 1143 883 1185 καὶ
912 1143 1169 1190 ὑποδέκεται
1197 1151 1335 1190 ταῦτα
1356 1149 1567 1204 ποιήσειν,
1597 1149 1739 1192 αὐτοῦ

449 1211 759 1257 3,,καταλιπεῖν
779 1210 860 1252 σύν
889 1217 1001 1255 τοῖσι
1030 1213 1179 1259 ἐθέλει.
1210 1219 1340 1259 τοῦτο
1370 1216 1448 1271 μὲν
1460 1215 1559 1272 γοὶρ,
1589 1215 1645 1271 ἢν
1664 1233 1739 1259 κα-

476 1274 790 1332 ,,ταστρέψηται
831 1278 883 1321 τοί
921 1291 1029 1336 φησι
1068 1282 1255 1334 ἐθέλειν,
1296 1284 1371 1326 καί
1401 1285 1445 1326 οἱ
1472 1281 1795 1339 προχωρήσῃ30

476 1342 553 1392 „vob
582 1345 721 1386 νοέων
753 1345 877 1400 λέγει,
910 1347 989 1390 σόν
1017 1347 1065 1392 τό
1097 1350 1239 1405 ἔργον,
1271 1346 1306 1394 ὦ
1334 1351 1532 1402 δέσποτα,
1561 1353 1736 1406 γίνεται·

448 1411 555 1462 4,,οἱ
581 1411 663 1466 γὰρ
693 1413 763 1455 σοὶ
793 1415 945 1458 δοῦλοι
973 1418 1305 1472 κατεργάσαντο.

458 1478 679 1530 -,,έναντία
707 1485 783 1536 τῆς
812 1485 1076 1537 Μαρδονίου
1105 1485 1280 1541 γνώμης
1317 1485 1515 1541 γένηται,
1556 1485 1739 1541 ου’δεμία

469 1548 707 1605 »συμφορή
730 1550 892 1608 μεγάλη
921 1552 1049 1606 ἔσται,
1085 1553 1157 1596 σέο
1186 1570 1230 1597 τε
1249 1554 1507 1609 περιεόντος,
1538 1555 1612 1598 καὶ
1638 1553 1740 1597 ἐκεί-

469 1631 589 1669 ,,νων
617 1620 706 1660 τῶν
737 1619 1002 1675 πρηγμάτων
1032 1621 1131 1675 περὶ
1162 1619 1288 1665 οἶκον
1316 1623 1394 1666 τόν
1425 1622 1519 1667 σόν.

1580 1621 1637 1678 ἢν
1654 1620 1738 1677 γὰρ
1749 1627 1794 1662 35

471 1683 557 1736 ,,σύ
590 1699 635 1726 τε
669 1689 847 1743 περιῇς,
882 1688 955 1731 καὶ
987 1685 1107 1740 οἶκος
1135 1688 1158 1733 ὁ
1191 1688 1283 1741 σὸς,
1313 1689 1501 1741 πολλούς
1530 1688 1735 1739 πολλάκις

416 1846 561 1885 λευσον
590 1863 626 1886 κ.
654 1863 687 1886 τ.
707 1851 739 1888 λ.
764 1850 980 1888 conferatur
996 1881 1006 1900 ‚
1036 1852 1075 1888 in

416 1903 553 1953 quibus
599 1903 734 1942 iisdem
790 1908 1076 1946 coniunctivum

416 1957 705 1998 deliberativum
744 1963 784 1999 iu
826 1965 987 2015 obliquis
1015 1966 1076 2001 iu-

414 2018 730 2066 terrogationibus
760 2027 797 2056 et
828 2019 1076 2058 dubitationi-

414 2071 486 2109 bus
506 2072 720 2111 adhibitum
741 2079 886 2114 notavit
908 2079 954 2114 G.
977 2081 1076 2115 Her-

414 2141 547 2166 mann.
580 2132 738 2182 Opuscc.
778 2133 925 2170 Acadd.
965 2136 1014 2172 lv
1035 2149 1073 2186 p.

415 2186 470 2224 90
489 2199 596 2238 seqq.
626 2187 673 2225 de
701 2202 795 2227 voce
817 2186 1007 2239 α’πόδεξις
1030 2193 1079 2230 cf.

414 2248 510 2281 nott.
533 2243 581 2280 ad
600 2246 637 2293 I,
663 2248 698 2286 1.

645 2302 737 2353 Cap.
761 2303 840 2341 CII.

468 2354 640 2406 χαλεπόν
675 2357 748 2410 μέν
786 2358 866 2398 ἐστι
898 2360 1077 2410 συμβου-

413 2411 611 2467 λευομένῳ
644 2429 682 2456 κ.
702 2430 734 2454 τ.
751 2416 806 2463 λ-]
837 2417 971 2451 Merito
991 2417 1076 2453 lau-

415 2467 508 2506 dant
538 2469 723 2521 Stephani
756 2473 988 2508 versionem:
1024 2486 1074 2510 me

414 2526 481 2561 tibi
499 2528 693 2565 consulenti
711 2531 874 2578 optimum
893 2528 976 2565 (lare
989 2543 1072 2566 con-

413 2582 544 2619 silium.
602 2585 700 2620 Nam
745 2590 876 2636 τυχεῖν
904 2585 1070 2624 εἴπασαν

414 2637 463 2674 ad
484 2639 586 2676 idem
608 2640 722 2688 redit,
764 2642 813 2679 ad
833 2641 936 2707 qnod
954 2655 1068 2694 supia

413 2694 520 2743 VIII,
561 2699 636 2763 6βέ
682 2715 728 2737 τα
758 2715 827 2751 τυγ
830 2714 938 2750 χανω
969 2715 1072 2751 φρο-

412 2748 558 2791 νέουσα
578 2750 717 2804 α’ριστα
735 2755 774 2802 ἐς
794 2772 1002 2807 πρηγματα
1022 2772 1070 2796 τα

413 2805 478 2848 σοι’.
524 2810 693 2848 Verbum
724 2809 1071 2864 συμβουλεύεσθαι

1133 1853 1240 1903 attigi
1260 1851 1308 1889 ad
1323 1853 1413 1901 VII,
1435 1852 1530 1893 235.
1547 1854 1652 1896 237,
1675 1857 1711 1887 et
1731 1851 1791 1888 lo-

1133 1912 1326 1946 cufionem
1353 1909 1415 1949 ἐπὶ
1443 1913 1546 1948 τοῖσι
1574 1904 1792 1958 κατήκουσι

1132 1963 1337 2018 πρήγμασι
1363 1967 1529 2017 explicui
1566 1963 1615 2002 ad
1644 1965 1694 2011 V,
1724 1964 1793 2004 49.

1132 2024 1190 2058 De
1220 2024 1336 2059 verbo
1377 2023 1505 2062 δοκέει
1543 2021 1619 2060 vid.
1658 2019 1792 2057 Matth.

1133 2080 1199 2116 Gr.
1223 2081 1288 2118 Gr.
1307 2081 1343 2124 ξ.
1367 2079 1442 2119 531
1469 2092 1555 2129 pag.
1581 2080 1697 2118 1036.

1195 2136 1236 2174 οἵ
1260 2132 1335 2187 γάρ
1365 2135 1427 2174 σοὶ
1458 2136 1612 2183 δοῦλοι]
1645 2134 1793 2171 Similia

1137 2194 1299 2229 excitavi
1337 2191 1384 2229 ad
1414 2192 1502 2238 Vll,
1540 2191 1579 2232 5.
1621 2191 1664 2225 In
1684 2203 1791 2241 seqq.

1136 2247 1185 2284 ad
1201 2262 1336 2286 vocem
1366 2244 1479 2287 οἶκον
1509 2246 1586 2283 vid.
1617 2253 1713 2282 nott.
1743 2245 1792 2282 ad

1134 2305 1189 2352 V,
1233 2308 1300 2344 31.
1335 2305 1392 2340 Ac
1430 2305 1521 2341 scite
1558 2304 1615 2339 Vs
1618 2303 1791 2353 esseling.

1133 2373 1202 2411 plo
1242 2360 1402 2400 ἐκείνων
1441 2363 1521 2399 τῶν
1547 2356 1791 2411 πριῃμιίτων

1133 2417 1285 2453 coniicit
1327 2418 1368 2455 ευ
1400 2416 1591 2465 κειιιέιων
1629 2418 1655 2452 i.
1687 2429 1719 2452 e.
1757 2419 1791 2452 te

1131 2474 1227 2510 salvo
1260 2481 1296 2510 et
1327 2474 1409 2511 bene
1439 2474 1642 2510 habmtaebus
1671 2472 1790 2508 (lomus

1129 2534 1211 2567 tuae
1232 2531 1351 2577 rebus,
1380 2537 1421 2566 ut
1453 2529 1553 2580 apud
1574 2528 1789 2565 Philostrat.

1128 2588 1173 2623 V.
1195 2587 1318 2637 Apoll.
1341 2587 1450 2633 VIII,
1481 2589 1505 2626 7
1527 2600 1564 2636 p.
1584 2585 1678 2626 352.
1708 2583 1787 2621 Sed

1128 2642 1223 2679 nihil
1253 2642 1482 2680 mutandum
1510 2643 1607 2679 bene
1636 2642 1788 2678 monuit

1128 2701 1276 2749 Kriiger
1312 2699 1359 2736 ad
1395 2701 1552 2749 Dionys.
1593 2698 1788 2734 Halicarn.

1126 2757 1246 2808 Epist.
1269 2756 1315 2793 ad
1339 2757 1406 2793 Cu.
1427 2755 1600 2806 Pompei.
1617 2754 1787 2804 pag-46.

1183 2808 1574 2865 πολλούς-α’γώνας
1596 2809 1785 2864 δραμέον-

1363 1423 1494 1462 τοῦτο
1520 1419 1576 1464 δὲ,
1610 1417 1664 1473 ἢν
1684 1416 1736 1460 τὰ
1794 1424 1876 1464 667
