<?xml version="1.0" encoding="UTF-8"?>
<!DOCTYPE html PUBLIC "-//W3C//DTD XHTML 1.0 Transitional//EN"
    "http://www.w3.org/TR/xhtml1/DTD/xhtml1-transitional.dtd">
<html xmlns="http://www.w3.org/1999/xhtml" xml:lang="en" lang="en">
 <head>
  <title>
</title>
<meta http-equiv="Content-Type" content="text/html;charset=utf-8" />
  <meta name='ocr-system' content='tesseract 3.04.00' />
  <meta name='ocr-capabilities' content='ocr_page ocr_carea ocr_par ocr_line ocrx_word'/>
</head>
<body>
  <div class='ocr_page' id='page_1' title='image "./musaeherodoto04hero/musaeherodoto04hero_0195.png"; bbox 0 0 1996 3238; ppageno 0'>
   <div class='ocr_carea' id='block_1_1' title="bbox 536 186 1051 226">
    <p class='ocr_par' dir='ltr' id='par_1_1' title="bbox 536 186 1051 226">
     <span class='ocr_line' id='line_1_1' title="bbox 536 186 1051 226; baseline 0.006 -3"><span class='ocrx_word' id='word_1_1' title='bbox 536 186 869 223; x_wconf 90' lang='lat' dir='ltr'><strong>URANIA</strong></span> <span class='ocrx_word' id='word_1_2' title='bbox 927 187 1051 226; x_wconf 90' lang='lat' dir='ltr'><strong>VIII.</strong></span> 
     </span>
    </p>
   </div>
   <div class='ocr_carea' id='block_1_2' title="bbox 178 291 1246 352">
    <p class='ocr_par' dir='ltr' id='par_1_2' title="bbox 178 291 1246 352">
     <span class='ocr_line' id='line_1_2' title="bbox 178 291 1246 352; baseline 0.002 -14"><span class='ocrx_word' id='word_1_3' title='bbox 178 291 419 352; x_wconf 81' lang='grc' dir='ltr'>Ὀλυμπίῃ,</span> <span class='ocrx_word' id='word_1_4' title='bbox 463 295 597 348; x_wconf 84' lang='grc' dir='ltr'><em>ἱροῖσι</em></span> <span class='ocrx_word' id='word_1_5' title='bbox 639 292 798 337; x_wconf 81' lang='grc' dir='ltr'><strong><em>αὐτόθι</em></strong></span> <span class='ocrx_word' id='word_1_6' title='bbox 835 295 1246 352; x_wconf 72' lang='grc' dir='ltr'><em>χρηστηριάζεσθαι·</em></span> 
     </span>
    </p>
   </div>
   <div class='ocr_carea' id='block_1_3' title="bbox 1351 187 1435 229">
    <p class='ocr_par' dir='ltr' id='par_1_3' title="bbox 1351 187 1435 229">
     <span class='ocr_line' id='line_1_3' title="bbox 1351 187 1435 229; baseline 0.012 -1"><span class='ocrx_word' id='word_1_7' title='bbox 1351 187 1435 229; x_wconf 83' lang='grc'>185</span> 
     </span>
    </p>
   </div>
   <div class='ocr_carea' id='block_1_4' title="bbox 1300 299 1434 342">
    <p class='ocr_par' dir='ltr' id='par_1_4' title="bbox 1300 299 1434 342">
     <span class='ocr_line' id='line_1_4' title="bbox 1300 299 1434 342; baseline 0.015 -2"><span class='ocrx_word' id='word_1_8' title='bbox 1300 299 1434 342; x_wconf 87' lang='grc' dir='ltr'><em>τοῦτο</em></span> 
     </span>
    </p>
   </div>
   <div class='ocr_carea' id='block_1_5' title="bbox 151 360 1490 829">
    <p class='ocr_par' dir='ltr' id='par_1_5' title="bbox 151 360 1490 829">
     <span class='ocr_line' id='line_1_5' title="bbox 182 360 1433 421; baseline 0.002 -15"><span class='ocrx_word' id='word_1_9' title='bbox 182 362 248 414; x_wconf 77' lang='grc' dir='ltr'>δὲ,</span> <span class='ocrx_word' id='word_1_10' title='bbox 289 360 428 414; x_wconf 78' lang='grc' dir='ltr'><em>ξεῖνόν</em></span> <span class='ocrx_word' id='word_1_11' title='bbox 470 378 568 404; x_wconf 81' lang='grc' dir='ltr'><em>τινα</em></span> <span class='ocrx_word' id='word_1_12' title='bbox 603 361 675 404; x_wconf 83' lang='grc' dir='ltr'>καὶ</span> <span class='ocrx_word' id='word_1_13' title='bbox 713 360 768 405; x_wconf 84' lang='grc' dir='ltr'>ού</span> <span class='ocrx_word' id='word_1_14' title='bbox 801 365 997 418; x_wconf 86' lang='grc' dir='ltr'><em>Θηβαῖον</em></span> <span class='ocrx_word' id='word_1_15' title='bbox 1038 365 1228 421; x_wconf 80' lang='grc' dir='ltr'><em>χρήμασι</em></span> <span class='ocrx_word' id='word_1_16' title='bbox 1270 366 1433 418; x_wconf 83' lang='grc' dir='ltr'><strong><em>πείσας,</em></strong></span> 
     </span>
     <span class='ocr_line' id='line_1_6' title="bbox 151 428 1434 486; baseline 0.004 -14"><span class='ocrx_word' id='word_1_17' title='bbox 151 431 462 485; x_wconf 86' lang='grc' dir='ltr'><em>3κατεκοίμησε</em></span> <span class='ocrx_word' id='word_1_18' title='bbox 487 428 796 485; x_wconf 80' lang='grc' dir='ltr'><em>ἐςἈμφιάρεω.</em></span> <span class='ocrx_word' id='word_1_19' title='bbox 830 432 1036 486; x_wconf 89' lang='grc' dir='ltr'><em>Θηβαίων</em></span> <span class='ocrx_word' id='word_1_20' title='bbox 1049 433 1095 475; x_wconf 82' lang='grc' dir='ltr'>δὲ</span> <span class='ocrx_word' id='word_1_21' title='bbox 1123 433 1268 476; x_wconf 83' lang='grc' dir='ltr'><em>οὐδενὶ</em></span> <span class='ocrx_word' id='word_1_22' title='bbox 1301 433 1434 486; x_wconf 76' lang='grc' dir='ltr'><em>ἔξεστι</em></span> 
     </span>
     <span class='ocr_line' id='line_1_7' title="bbox 179 495 1490 556; baseline 0.002 -17"><span class='ocrx_word' id='word_1_23' title='bbox 179 496 468 553; x_wconf 81' lang='grc' dir='ltr'><em>μαντεύεσθαι</em></span> <span class='ocrx_word' id='word_1_24' title='bbox 489 495 659 548; x_wconf 79' lang='grc' dir='ltr'><strong><em>αὐτόθι,</em></strong></span> <span class='ocrx_word' id='word_1_25' title='bbox 671 497 744 541; x_wconf 81' lang='grc' dir='ltr'>διὰ</span> <span class='ocrx_word' id='word_1_26' title='bbox 758 496 869 542; x_wconf 85' lang='grc' dir='ltr'><em>τόδε.</em></span> <span class='ocrx_word' id='word_1_27' title='bbox 892 497 1083 541; x_wconf 81' lang='grc' dir='ltr'><em>ἐκέλευσέ</em></span> <span class='ocrx_word' id='word_1_28' title='bbox 1101 510 1236 554; x_wconf 82' lang='grc' dir='ltr'><em>σφεας</em></span> <span class='ocrx_word' id='word_1_29' title='bbox 1248 499 1271 543; x_wconf 89' lang='grc' dir='ltr'>ὁ</span> <span class='ocrx_word' id='word_1_30' title='bbox 1285 500 1428 556; x_wconf 86' lang='grc' dir='ltr'><em>Ἀμφι-</em></span> <span class='ocrx_word' id='word_1_31' title='bbox 1444 503 1490 542; x_wconf 84' lang='grc'>45</span> 
     </span>
     <span class='ocr_line' id='line_1_8' title="bbox 179 564 1435 623; baseline 0.005 -16"><span class='ocrx_word' id='word_1_32' title='bbox 179 564 329 617; x_wconf 81' lang='grc' dir='ltr'><em>άρεως,</em></span> <span class='ocrx_word' id='word_1_33' title='bbox 343 564 693 621; x_wconf 73' lang='grc' dir='ltr'><em>διαχρηστηρίων</em></span> <span class='ocrx_word' id='word_1_34' title='bbox 711 566 980 622; x_wconf 83' lang='grc' dir='ltr'><em>ποιεύμενος,</em></span> <span class='ocrx_word' id='word_1_35' title='bbox 998 565 1179 620; x_wconf 81' lang='grc' dir='ltr'><em>ὁκότερα</em></span> <span class='ocrx_word' id='word_1_36' title='bbox 1198 568 1435 623; x_wconf 82' lang='grc' dir='ltr'><em>βούλονται</em></span> 
     </span>
     <span class='ocr_line' id='line_1_9' title="bbox 178 631 1435 692; baseline 0.003 -16"><span class='ocrx_word' id='word_1_37' title='bbox 178 631 350 676; x_wconf 77' lang='grc' dir='ltr'><em>ἑλέσθαι</em></span> <span class='ocrx_word' id='word_1_38' title='bbox 363 633 546 686; x_wconf 87' lang='grc' dir='ltr'><em>τούτων,</em></span> <span class='ocrx_word' id='word_1_39' title='bbox 556 633 704 692; x_wconf 77' lang='grc' dir='ltr'><em>ἑωυτῷ</em></span> <span class='ocrx_word' id='word_1_40' title='bbox 715 635 743 690; x_wconf 78' lang='grc' dir='ltr'><em>ἢ</em></span> <span class='ocrx_word' id='word_1_41' title='bbox 755 634 826 678; x_wconf 81' lang='grc' dir='ltr'>ἅτε</span> <span class='ocrx_word' id='word_1_42' title='bbox 837 632 966 689; x_wconf 85' lang='grc' dir='ltr'><em>μα’ντι</em></span> <span class='ocrx_word' id='word_1_43' title='bbox 977 635 1190 691; x_wconf 77' lang='grc' dir='ltr'><em>χρέεσθαι,</em></span> <span class='ocrx_word' id='word_1_44' title='bbox 1208 634 1236 691; x_wconf 83' lang='grc' dir='ltr'><em>ἢ</em></span> <span class='ocrx_word' id='word_1_45' title='bbox 1250 635 1321 680; x_wconf 82' lang='grc' dir='ltr'>ἅτε</span> <span class='ocrx_word' id='word_1_46' title='bbox 1333 650 1435 692; x_wconf 88' lang='grc' dir='ltr'><em>συμ-</em></span> 
     </span>
     <span class='ocr_line' id='line_1_10' title="bbox 177 699 1434 760; baseline 0.006 -19"><span class='ocrx_word' id='word_1_47' title='bbox 177 699 406 758; x_wconf 79' lang='grc' dir='ltr'><em>μάχῳ,τοῦ</em></span> <span class='ocrx_word' id='word_1_48' title='bbox 422 702 571 756; x_wconf 77' lang='grc' dir='ltr'><em>ἑτέρου</em></span> <span class='ocrx_word' id='word_1_49' title='bbox 590 701 892 758; x_wconf 73' lang='grc' dir='ltr'><em>ἀπεχομένους·</em></span> <span class='ocrx_word' id='word_1_50' title='bbox 913 705 955 746; x_wconf 84' lang='grc' dir='ltr'>οἱ</span> <span class='ocrx_word' id='word_1_51' title='bbox 980 703 1025 747; x_wconf 80' lang='grc' dir='ltr'>δὲ</span> <span class='ocrx_word' id='word_1_52' title='bbox 1046 703 1272 760; x_wconf 86' lang='grc' dir='ltr'><em>σύμμαχόν</em></span> <span class='ocrx_word' id='word_1_53' title='bbox 1292 721 1366 759; x_wconf 90' lang='grc' dir='ltr'>μιν</span> <span class='ocrx_word' id='word_1_54' title='bbox 1381 706 1434 748; x_wconf 77' lang='grc' dir='ltr'>εἴ-</span> 
     </span>
     <span class='ocr_line' id='line_1_11' title="bbox 176 767 1433 829; baseline 0.004 -18"><span class='ocrx_word' id='word_1_55' title='bbox 176 772 307 813; x_wconf 86' lang='grc' dir='ltr'><em>λοντο</em></span> <span class='ocrx_word' id='word_1_56' title='bbox 335 767 460 816; x_wconf 81' lang='grc' dir='ltr'><em>εἶναι.</em></span> <span class='ocrx_word' id='word_1_57' title='bbox 509 771 581 816; x_wconf 82' lang='grc' dir='ltr'>διὰ</span> <span class='ocrx_word' id='word_1_58' title='bbox 601 774 733 816; x_wconf 85' lang='grc' dir='ltr'><em>τοῦτο</em></span> <span class='ocrx_word' id='word_1_59' title='bbox 751 771 829 828; x_wconf 78' lang='grc' dir='ltr'>μὲν</span> <span class='ocrx_word' id='word_1_60' title='bbox 859 769 943 815; x_wconf 83' lang='grc' dir='ltr'>οὐκ</span> <span class='ocrx_word' id='word_1_61' title='bbox 961 772 1094 825; x_wconf 77' lang='grc' dir='ltr'><em>ἔξεστι</em></span> <span class='ocrx_word' id='word_1_62' title='bbox 1128 773 1332 829; x_wconf 86' lang='grc' dir='ltr'><em>Θηβαίων</em></span> <span class='ocrx_word' id='word_1_63' title='bbox 1361 771 1433 816; x_wconf 83' lang='grc' dir='ltr'>οὐ-</span> 
     </span>
    </p>
   </div>
   <div class='ocr_carea' id='block_1_6' title="bbox 112 961 778 2099">
    <p class='ocr_par' dir='ltr' id='par_1_6' title="bbox 112 961 778 2099">
     <span class='ocr_line' id='line_1_12' title="bbox 120 961 775 1017; baseline -0.003 -10"><span class='ocrx_word' id='word_1_64' title='bbox 120 969 224 1015; x_wconf 83' lang='grc' dir='ltr'><em>ροΐσι</em></span> <span class='ocrx_word' id='word_1_65' title='bbox 258 961 633 1017; x_wconf 77' lang='grc' dir='ltr'><em>χρηστηριάζεσθαι·</em></span> <span class='ocrx_word' id='word_1_66' title='bbox 687 981 775 1005; x_wconf 90' lang='lat' dir='ltr'>cum</span> 
     </span>
     <span class='ocr_line' id='line_1_13' title="bbox 120 1023 777 1074; baseline 0 -13"><span class='ocrx_word' id='word_1_67' title='bbox 120 1023 482 1074; x_wconf 74' lang='lat' dir='ltr'>Schweighaeusero</span> <span class='ocrx_word' id='word_1_68' title='bbox 515 1037 709 1074; x_wconf 84' lang='lat' dir='ltr'>exponens</span> <span class='ocrx_word' id='word_1_69' title='bbox 736 1039 777 1062; x_wconf 92' lang='lat' dir='ltr'>o-</span> 
     </span>
     <span class='ocr_line' id='line_1_14' title="bbox 117 1080 775 1134; baseline 0.003 -17"><span class='ocrx_word' id='word_1_70' title='bbox 117 1080 245 1118; x_wconf 77' lang='lat' dir='ltr'>racula</span> <span class='ocrx_word' id='word_1_71' title='bbox 275 1094 292 1118; x_wconf 77' lang='lat' dir='ltr'>e</span> <span class='ocrx_word' id='word_1_72' title='bbox 324 1082 477 1118; x_wconf 76' lang='lat' dir='ltr'>victimis</span> <span class='ocrx_word' id='word_1_73' title='bbox 496 1085 633 1130; x_wconf 80' lang='lat' dir='ltr'>petere,</span> <span class='ocrx_word' id='word_1_74' title='bbox 670 1081 775 1134; x_wconf 88' lang='lat' dir='ltr'>quod</span> 
     </span>
     <span class='ocr_line' id='line_1_15' title="bbox 117 1137 776 1190; baseline 0.003 -17"><span class='ocrx_word' id='word_1_75' title='bbox 117 1144 161 1174; x_wconf 90' lang='lat' dir='ltr'>ut</span> <span class='ocrx_word' id='word_1_76' title='bbox 179 1139 217 1173; x_wconf 90' lang='lat' dir='ltr'>in</span> <span class='ocrx_word' id='word_1_77' title='bbox 247 1138 468 1175; x_wconf 86' lang='lat' dir='ltr'>universum</span> <span class='ocrx_word' id='word_1_78' title='bbox 484 1137 531 1174; x_wconf 89' lang='lat' dir='ltr'>de</span> <span class='ocrx_word' id='word_1_79' title='bbox 552 1139 685 1190; x_wconf 89' lang='lat' dir='ltr'>quovis</span> <span class='ocrx_word' id='word_1_80' title='bbox 705 1151 776 1189; x_wconf 89' lang='lat' dir='ltr'>ge-</span> 
     </span>
     <span class='ocr_line' id='line_1_16' title="bbox 117 1196 776 1246; baseline 0.003 -16"><span class='ocrx_word' id='word_1_81' title='bbox 117 1207 209 1231; x_wconf 84' lang='lat' dir='ltr'>nere</span> <span class='ocrx_word' id='word_1_82' title='bbox 229 1196 299 1245; x_wconf 84' lang='grc' dir='ltr'><em>τῆς</em></span> <span class='ocrx_word' id='word_1_83' title='bbox 318 1197 510 1244; x_wconf 80' lang='grc' dir='ltr'><em>μαντικῆς</em></span> <span class='ocrx_word' id='word_1_84' title='bbox 539 1196 659 1245; x_wconf 78' lang='lat' dir='ltr'><strong>accipi</strong></span> <span class='ocrx_word' id='word_1_85' title='bbox 686 1203 776 1246; x_wconf 86' lang='lat' dir='ltr'>pot-</span> 
     </span>
     <span class='ocr_line' id='line_1_17' title="bbox 119 1251 777 1303; baseline 0.003 -16"><span class='ocrx_word' id='word_1_86' title='bbox 119 1258 185 1298; x_wconf 86' lang='lat' dir='ltr'>est,</span> <span class='ocrx_word' id='word_1_87' title='bbox 212 1251 262 1287; x_wconf 86' lang='lat' dir='ltr'>ita</span> <span class='ocrx_word' id='word_1_88' title='bbox 279 1252 394 1288; x_wconf 86' lang='lat' dir='ltr'>etiam</span> <span class='ocrx_word' id='word_1_89' title='bbox 407 1253 597 1302; x_wconf 79' lang='lat' dir='ltr'>sigillatim</span> <span class='ocrx_word' id='word_1_90' title='bbox 613 1253 659 1289; x_wconf 89' lang='lat' dir='ltr'>de</span> <span class='ocrx_word' id='word_1_91' title='bbox 673 1253 777 1303; x_wconf 83' lang='lat' dir='ltr'>igni-</span> 
     </span>
     <span class='ocr_line' id='line_1_18' title="bbox 116 1308 777 1360; baseline -0.002 -14"><span class='ocrx_word' id='word_1_92' title='bbox 116 1308 247 1359; x_wconf 90' lang='lat' dir='ltr'>spicio,</span> <span class='ocrx_word' id='word_1_93' title='bbox 286 1322 412 1360; x_wconf 88' lang='lat' dir='ltr'>neque</span> <span class='ocrx_word' id='word_1_94' title='bbox 434 1308 480 1345; x_wconf 89' lang='lat' dir='ltr'>de</span> <span class='ocrx_word' id='word_1_95' title='bbox 498 1310 692 1359; x_wconf 83' lang='lat' dir='ltr'>extispicio</span> <span class='ocrx_word' id='word_1_96' title='bbox 715 1311 777 1345; x_wconf 89' lang='lat' dir='ltr'>in-</span> 
     </span>
     <span class='ocr_line' id='line_1_19' title="bbox 115 1366 778 1416; baseline 0 -14"><span class='ocrx_word' id='word_1_97' title='bbox 115 1366 288 1415; x_wconf 85' lang='lat' dir='ltr'>telligere</span> <span class='ocrx_word' id='word_1_98' title='bbox 306 1366 407 1405; x_wconf 83' lang='lat' dir='ltr'>licet.</span> <span class='ocrx_word' id='word_1_99' title='bbox 429 1366 647 1416; x_wconf 74' lang='lat' dir='ltr'>Cogitemus</span> <span class='ocrx_word' id='word_1_100' title='bbox 663 1367 778 1416; x_wconf 81' lang='lat' dir='ltr'>igitur</span> 
     </span>
     <span class='ocr_line' id='line_1_20' title="bbox 119 1417 776 1474; baseline 0 -14"><span class='ocrx_word' id='word_1_101' title='bbox 119 1419 206 1472; x_wconf 74' lang='grc' dir='ltr'><em>ἷεροέ</em></span> <span class='ocrx_word' id='word_1_102' title='bbox 222 1417 437 1472; x_wconf 67' lang='grc' dir='ltr'><em>καιόμεναι</em></span> <span class='ocrx_word' id='word_1_103' title='bbox 482 1423 619 1474; x_wconf 88' lang='lat' dir='ltr'>quibus</span> <span class='ocrx_word' id='word_1_104' title='bbox 639 1422 776 1460; x_wconf 87' lang='lat' dir='ltr'>iisdem</span> 
     </span>
     <span class='ocr_line' id='line_1_21' title="bbox 117 1477 776 1530; baseline 0.002 -14"><span class='ocrx_word' id='word_1_105' title='bbox 117 1477 312 1530; x_wconf 69' lang='lat' dir='ltr'>HesychJ</span> <span class='ocrx_word' id='word_1_106' title='bbox 332 1493 370 1530; x_wconf 82' lang='lat' dir='ltr'>p,</span> <span class='ocrx_word' id='word_1_107' title='bbox 386 1481 490 1520; x_wconf 80' lang='lat'><strong>1206</strong></span> <span class='ocrx_word' id='word_1_108' title='bbox 510 1480 776 1530; x_wconf 83' lang='lat' dir='ltr'>interpretatur</span> 
     </span>
     <span class='ocr_line' id='line_1_22' title="bbox 117 1534 776 1588; baseline 0.002 -15"><span class='ocrx_word' id='word_1_109' title='bbox 117 1549 254 1573; x_wconf 88' lang='lat' dir='ltr'>vocem</span> <span class='ocrx_word' id='word_1_110' title='bbox 275 1534 440 1588; x_wconf 73' lang='grc' dir='ltr'><em>ἔμπυρα.</em></span> <span class='ocrx_word' id='word_1_111' title='bbox 466 1534 528 1572; x_wconf 93' lang='lat' dir='ltr'>Ad</span> <span class='ocrx_word' id='word_1_112' title='bbox 542 1537 776 1574; x_wconf 81' lang='lat' dir='ltr'>locutionem</span> 
     </span>
     <span class='ocr_line' id='line_1_23' title="bbox 119 1589 775 1644; baseline -0.003 -12"><span class='ocrx_word' id='word_1_113' title='bbox 119 1592 239 1644; x_wconf 82' lang='grc' dir='ltr'><em>ἱροῖσι</em></span> <span class='ocrx_word' id='word_1_114' title='bbox 258 1589 614 1644; x_wconf 82' lang='grc' dir='ltr'><em>χρηστηριαζεσθαι</em></span> <span class='ocrx_word' id='word_1_115' title='bbox 639 1594 775 1630; x_wconf 87' lang='lat' dir='ltr'>similia</span> 
     </span>
     <span class='ocr_line' id='line_1_24' title="bbox 117 1648 771 1702; baseline 0.002 -16"><span class='ocrx_word' id='word_1_116' title='bbox 117 1648 308 1702; x_wconf 83' lang='lat' dir='ltr'>quaedam</span> <span class='ocrx_word' id='word_1_117' title='bbox 335 1651 432 1686; x_wconf 89' lang='lat' dir='ltr'>bene</span> <span class='ocrx_word' id='word_1_118' title='bbox 460 1650 582 1686; x_wconf 88' lang='lat' dir='ltr'>attulit</span> <span class='ocrx_word' id='word_1_119' title='bbox 609 1651 771 1688; x_wconf 86' lang='lat' dir='ltr'>Wesse-</span> 
     </span>
     <span class='ocr_line' id='line_1_25' title="bbox 112 1701 770 1758; baseline 0.003 -16"><span class='ocrx_word' id='word_1_120' title='bbox 112 1707 206 1757; x_wconf 86' lang='lat' dir='ltr'>ling.</span> <span class='ocrx_word' id='word_1_121' title='bbox 237 1701 594 1758; x_wconf 78' lang='grc' dir='ltr'><em>χρηστηριάζεσθαι</em></span> <span class='ocrx_word' id='word_1_122' title='bbox 615 1705 697 1754; x_wconf 78' lang='grc' dir='ltr'><em>αἰξὶ</em></span> <span class='ocrx_word' id='word_1_123' title='bbox 725 1707 770 1756; x_wconf 87' lang='lat' dir='ltr'>(e</span> 
     </span>
     <span class='ocr_line' id='line_1_26' title="bbox 113 1765 769 1815; baseline 0 -14"><span class='ocrx_word' id='word_1_124' title='bbox 113 1777 230 1814; x_wconf 77' lang='lat' dir='ltr'>caprzs</span> <span class='ocrx_word' id='word_1_125' title='bbox 263 1765 429 1800; x_wconf 81' lang='lat' dir='ltr'>mactatis</span> <span class='ocrx_word' id='word_1_126' title='bbox 458 1776 622 1814; x_wconf 78' lang='lat' dir='ltr'>responsa</span> <span class='ocrx_word' id='word_1_127' title='bbox 639 1765 769 1815; x_wconf 83' lang='lat' dir='ltr'>petere)</span> 
     </span>
     <span class='ocr_line' id='line_1_27' title="bbox 114 1819 772 1871; baseline 0.006 -15"><span class='ocrx_word' id='word_1_128' title='bbox 114 1819 216 1871; x_wconf 87' lang='lat' dir='ltr'>apud</span> <span class='ocrx_word' id='word_1_129' title='bbox 240 1819 398 1862; x_wconf 81' lang='lat' dir='ltr'>Diodor.</span> <span class='ocrx_word' id='word_1_130' title='bbox 422 1821 525 1868; x_wconf 89' lang='lat' dir='ltr'><strong>XVI,</strong></span> <span class='ocrx_word' id='word_1_131' title='bbox 555 1823 609 1862; x_wconf 83' lang='lat'>26</span> <span class='ocrx_word' id='word_1_132' title='bbox 641 1828 678 1858; x_wconf 89' lang='lat' dir='ltr'>et</span> <span class='ocrx_word' id='word_1_133' title='bbox 703 1819 772 1860; x_wconf 83' lang='grc' dir='ltr'><em>ύσὶ</em></span> 
     </span>
     <span class='ocr_line' id='line_1_28' title="bbox 114 1872 771 1927; baseline -0.003 -12"><span class='ocrx_word' id='word_1_134' title='bbox 114 1872 380 1927; x_wconf 79' lang='grc' dir='ltr'><em>μαντεύεσθαι</em></span> <span class='ocrx_word' id='word_1_135' title='bbox 403 1876 505 1927; x_wconf 82' lang='lat' dir='ltr'>apud</span> <span class='ocrx_word' id='word_1_136' title='bbox 524 1879 688 1915; x_wconf 84' lang='lat' dir='ltr'>Pausan.</span> <span class='ocrx_word' id='word_1_137' title='bbox 708 1879 771 1926; x_wconf 91' lang='lat' dir='ltr'>VI,</span> 
     </span>
     <span class='ocr_line' id='line_1_29' title="bbox 114 1933 775 1978; baseline -0.002 -6"><span class='ocrx_word' id='word_1_138' title='bbox 114 1934 141 1972; x_wconf 85' lang='lat'>2</span> <span class='ocrx_word' id='word_1_139' title='bbox 163 1934 199 1978; x_wconf 85' lang='lat'>§.</span> <span class='ocrx_word' id='word_1_140' title='bbox 236 1935 275 1973; x_wconf 82' lang='grc'>2.</span> <span class='ocrx_word' id='word_1_141' title='bbox 332 1933 469 1970; x_wconf 85' lang='lat' dir='ltr'><strong>Refero</strong></span> <span class='ocrx_word' id='word_1_142' title='bbox 499 1933 547 1970; x_wconf 84' lang='lat' dir='ltr'>ad</span> <span class='ocrx_word' id='word_1_143' title='bbox 576 1934 680 1971; x_wconf 87' lang='lat' dir='ltr'>idem</span> <span class='ocrx_word' id='word_1_144' title='bbox 712 1933 775 1971; x_wconf 85' lang='lat' dir='ltr'>di-</span> 
     </span>
     <span class='ocr_line' id='line_1_30' title="bbox 115 1988 774 2040; baseline 0.008 -15"><span class='ocrx_word' id='word_1_145' title='bbox 115 1988 226 2026; x_wconf 88' lang='lat' dir='ltr'>cendi</span> <span class='ocrx_word' id='word_1_146' title='bbox 247 2002 389 2040; x_wconf 84' lang='lat' dir='ltr'>genus,</span> <span class='ocrx_word' id='word_1_147' title='bbox 435 2003 510 2040; x_wconf 90' lang='lat' dir='ltr'>quo</span> <span class='ocrx_word' id='word_1_148' title='bbox 532 1989 668 2028; x_wconf 88' lang='lat' dir='ltr'>dicitur</span> <span class='ocrx_word' id='word_1_149' title='bbox 687 2006 774 2030; x_wconf 83' lang='grc' dir='ltr'><em>τεκ-</em></span> 
     </span>
     <span class='ocr_line' id='line_1_31' title="bbox 115 2046 774 2099; baseline 0.002 -15"><span class='ocrx_word' id='word_1_150' title='bbox 115 2046 343 2099; x_wconf 86' lang='grc' dir='ltr'><em>μαίρεσθαι,</em></span> <span class='ocrx_word' id='word_1_151' title='bbox 373 2047 659 2098; x_wconf 84' lang='grc' dir='ltr'><em>σταθμοῦσθαί</em></span> <span class='ocrx_word' id='word_1_152' title='bbox 682 2062 774 2087; x_wconf 87' lang='grc' dir='ltr'><em>τινι.</em></span> 
     </span>
    </p>
   </div>
   <div class='ocr_carea' id='block_1_7' title="bbox 111 2153 776 2838">
    <p class='ocr_par' dir='ltr' id='par_1_7' title="bbox 111 2153 776 2838">
     <span class='ocr_line' id='line_1_32' title="bbox 172 2153 773 2210; baseline 0.002 -13"><span class='ocrx_word' id='word_1_153' title='bbox 172 2153 316 2209; x_wconf 64' lang='grc' dir='ltr'><em>ξεῖνόνζ</em></span> <span class='ocrx_word' id='word_1_154' title='bbox 328 2174 417 2198; x_wconf 85' lang='grc' dir='ltr'><em>τινα</em></span> <span class='ocrx_word' id='word_1_155' title='bbox 441 2157 508 2198; x_wconf 84' lang='grc' dir='ltr'>καὶ</span> <span class='ocrx_word' id='word_1_156' title='bbox 530 2154 579 2199; x_wconf 83' lang='grc' dir='ltr'>ου’</span> <span class='ocrx_word' id='word_1_157' title='bbox 594 2159 773 2210; x_wconf 88' lang='grc' dir='ltr'><em>Θηβαῖον</em></span> 
     </span>
     <span class='ocr_line' id='line_1_33' title="bbox 113 2210 772 2268; baseline -0.002 -15"><span class='ocrx_word' id='word_1_158' title='bbox 113 2210 289 2267; x_wconf 74' lang='grc' dir='ltr'><em>χρήμασι</em></span> <span class='ocrx_word' id='word_1_159' title='bbox 306 2214 468 2268; x_wconf 84' lang='grc' dir='ltr'><em>πείσας]</em></span> <span class='ocrx_word' id='word_1_160' title='bbox 498 2216 644 2266; x_wconf 72' lang='lat' dir='ltr'>Lydum</span> <span class='ocrx_word' id='word_1_161' title='bbox 658 2216 772 2253; x_wconf 82' lang='lat' dir='ltr'>fuisse</span> 
     </span>
     <span class='ocr_line' id='line_1_34' title="bbox 116 2271 771 2323; baseline 0.002 -15"><span class='ocrx_word' id='word_1_162' title='bbox 116 2271 206 2309; x_wconf 88' lang='lat' dir='ltr'>dicit</span> <span class='ocrx_word' id='word_1_163' title='bbox 226 2271 419 2313; x_wconf 81' lang='lat' dir='ltr'>Plutarch.</span> <span class='ocrx_word' id='word_1_164' title='bbox 440 2272 591 2310; x_wconf 82' lang='lat' dir='ltr'>Aristid.</span> <span class='ocrx_word' id='word_1_165' title='bbox 624 2274 674 2312; x_wconf 85' lang='lat'>19</span> <span class='ocrx_word' id='word_1_166' title='bbox 695 2274 712 2309; x_wconf 94' lang='lat' dir='ltr'><strong>I</strong></span> <span class='ocrx_word' id='word_1_167' title='bbox 733 2286 771 2323; x_wconf 93' lang='lat' dir='ltr'>p.</span> 
     </span>
     <span class='ocr_line' id='line_1_35' title="bbox 114 2328 773 2381; baseline -0.005 -11"><span class='ocrx_word' id='word_1_168' title='bbox 114 2329 198 2370; x_wconf 83' lang='lat'>330</span> <span class='ocrx_word' id='word_1_169' title='bbox 220 2329 262 2366; x_wconf 87' lang='lat' dir='ltr'>C.</span> <span class='ocrx_word' id='word_1_170' title='bbox 283 2330 368 2369; x_wconf 86' lang='lat' dir='ltr'>coll.</span> <span class='ocrx_word' id='word_1_171' title='bbox 390 2331 426 2366; x_wconf 90' lang='grc' dir='ltr'>ΙΙ</span> <span class='ocrx_word' id='word_1_172' title='bbox 441 2343 479 2381; x_wconf 89' lang='lat' dir='ltr'>p.</span> <span class='ocrx_word' id='word_1_173' title='bbox 499 2328 581 2370; x_wconf 78' lang='lat'>412</span> <span class='ocrx_word' id='word_1_174' title='bbox 600 2329 649 2367; x_wconf 87' lang='lat' dir='ltr'>A.</span> <span class='ocrx_word' id='word_1_175' title='bbox 678 2331 773 2367; x_wconf 80' lang='lat' dir='ltr'>Mox</span> 
     </span>
     <span class='ocr_line' id='line_1_36' title="bbox 116 2383 772 2437; baseline 0.005 -15"><span class='ocrx_word' id='word_1_176' title='bbox 116 2383 206 2422; x_wconf 87' lang='lat' dir='ltr'>dedi</span> <span class='ocrx_word' id='word_1_177' title='bbox 241 2399 262 2422; x_wconf 87' lang='lat' dir='ltr'>e</span> <span class='ocrx_word' id='word_1_178' title='bbox 294 2387 462 2424; x_wconf 84' lang='lat' dir='ltr'>Florent.</span> <span class='ocrx_word' id='word_1_179' title='bbox 484 2386 671 2437; x_wconf 83' lang='grc' dir='ltr'><em>κατεκοίμ</em></span> <span class='ocrx_word' id='word_1_180' title='bbox 687 2401 711 2437; x_wconf 88' lang='grc' dir='ltr'><em>η</em></span> <span class='ocrx_word' id='word_1_181' title='bbox 730 2397 772 2426; x_wconf 90' lang='grc' dir='ltr'>σε</span> 
     </span>
     <span class='ocr_line' id='line_1_37' title="bbox 111 2442 774 2495; baseline 0.003 -17"><span class='ocrx_word' id='word_1_182' title='bbox 111 2454 182 2493; x_wconf 85' lang='lat' dir='ltr'>pro</span> <span class='ocrx_word' id='word_1_183' title='bbox 216 2444 427 2495; x_wconf 83' lang='grc' dir='ltr'><em>κατεκοίμι</em></span> <span class='ocrx_word' id='word_1_184' title='bbox 440 2455 494 2490; x_wconf 91' lang='grc' dir='ltr'>σε,</span> <span class='ocrx_word' id='word_1_185' title='bbox 534 2442 638 2495; x_wconf 86' lang='lat' dir='ltr'>quod</span> <span class='ocrx_word' id='word_1_186' title='bbox 683 2456 774 2480; x_wconf 90' lang='lat' dir='ltr'>cum</span> 
     </span>
     <span class='ocr_line' id='line_1_38' title="bbox 113 2497 773 2538; baseline -0.002 -1"><span class='ocrx_word' id='word_1_187' title='bbox 113 2497 322 2537; x_wconf 83' lang='lat' dir='ltr'>Schaefero</span> <span class='ocrx_word' id='word_1_188' title='bbox 375 2500 530 2537; x_wconf 81' lang='lat' dir='ltr'>retinuit</span> <span class='ocrx_word' id='word_1_189' title='bbox 576 2498 773 2538; x_wconf 82' lang='lat' dir='ltr'>Matthiae.</span> 
     </span>
     <span class='ocr_line' id='line_1_39' title="bbox 111 2555 775 2608; baseline 0.003 -16"><span class='ocrx_word' id='word_1_190' title='bbox 111 2557 244 2608; x_wconf 89' lang='lat' dir='ltr'>Neque</span> <span class='ocrx_word' id='word_1_191' title='bbox 257 2558 359 2593; x_wconf 89' lang='lat' dir='ltr'>euim</span> <span class='ocrx_word' id='word_1_192' title='bbox 369 2558 447 2608; x_wconf 90' lang='lat' dir='ltr'>ipse</span> <span class='ocrx_word' id='word_1_193' title='bbox 460 2555 775 2608; x_wconf 83' lang='lat' dir='ltr'>pernoctavit,sed</span> 
     </span>
     <span class='ocr_line' id='line_1_40' title="bbox 114 2613 776 2664; baseline 0.005 -15"><span class='ocrx_word' id='word_1_194' title='bbox 114 2615 314 2664; x_wconf 85' lang='lat' dir='ltr'>peregrino</span> <span class='ocrx_word' id='word_1_195' title='bbox 334 2613 489 2651; x_wconf 86' lang='lat' dir='ltr'>cuidam</span> <span class='ocrx_word' id='word_1_196' title='bbox 507 2615 712 2664; x_wconf 82' lang='lat' dir='ltr'>persuasit,</span> <span class='ocrx_word' id='word_1_197' title='bbox 735 2618 776 2652; x_wconf 86' lang='lat' dir='ltr'>ut</span> 
     </span>
     <span class='ocr_line' id='line_1_41' title="bbox 114 2669 776 2723; baseline 0.003 -17"><span class='ocrx_word' id='word_1_198' title='bbox 114 2671 148 2706; x_wconf 76' lang='lat' dir='ltr'>is</span> <span class='ocrx_word' id='word_1_199' title='bbox 167 2669 296 2721; x_wconf 87' lang='lat' dir='ltr'>(ipsius</span> <span class='ocrx_word' id='word_1_200' title='bbox 307 2672 413 2723; x_wconf 87' lang='lat' dir='ltr'>quasi</span> <span class='ocrx_word' id='word_1_201' title='bbox 429 2671 529 2719; x_wconf 88' lang='lat' dir='ltr'>loco)</span> <span class='ocrx_word' id='word_1_202' title='bbox 550 2672 588 2708; x_wconf 85' lang='lat' dir='ltr'>in</span> <span class='ocrx_word' id='word_1_203' title='bbox 603 2670 776 2722; x_wconf 76' lang='lat' dir='ltr'>Amphia-</span> 
     </span>
     <span class='ocr_line' id='line_1_42' title="bbox 117 2728 773 2768; baseline 0.006 -7"><span class='ocrx_word' id='word_1_204' title='bbox 117 2729 177 2762; x_wconf 75' lang='lat' dir='ltr'>rai</span> <span class='ocrx_word' id='word_1_205' title='bbox 195 2728 311 2765; x_wconf 78' lang='lat' dir='ltr'>aedem</span> <span class='ocrx_word' id='word_1_206' title='bbox 335 2730 401 2765; x_wconf 78' lang='lat' dir='ltr'>iret</span> <span class='ocrx_word' id='word_1_207' title='bbox 437 2728 603 2765; x_wconf 76' lang='lat' dir='ltr'>cubitum.</span> <span class='ocrx_word' id='word_1_208' title='bbox 663 2728 773 2768; x_wconf 88' lang='lat' dir='ltr'>Conf.</span> 
     </span>
     <span class='ocr_line' id='line_1_43' title="bbox 117 2783 775 2838; baseline 0.006 -19"><span class='ocrx_word' id='word_1_209' title='bbox 117 2783 187 2832; x_wconf 88' lang='lat' dir='ltr'>IX,</span> <span class='ocrx_word' id='word_1_210' title='bbox 208 2787 261 2826; x_wconf 84' lang='lat'>93</span> <span class='ocrx_word' id='word_1_211' title='bbox 276 2785 405 2838; x_wconf 81' lang='lat' dir='ltr'>ibique</span> <span class='ocrx_word' id='word_1_212' title='bbox 423 2791 520 2822; x_wconf 88' lang='lat' dir='ltr'>nott.</span> <span class='ocrx_word' id='word_1_213' title='bbox 557 2785 691 2835; x_wconf 81' lang='lat' dir='ltr'>Negris</span> <span class='ocrx_word' id='word_1_214' title='bbox 711 2785 775 2823; x_wconf 90' lang='lat' dir='ltr'>iti-</span> 
     </span>
    </p>
   </div>
   <div class='ocr_carea' id='block_1_8' title="bbox 831 965 1491 1191">
    <p class='ocr_par' dir='ltr' id='par_1_8' title="bbox 831 965 1490 1074">
     <span class='ocr_line' id='line_1_44' title="bbox 832 965 1490 1033; baseline -0.003 -26"><span class='ocrx_word' id='word_1_215' title='bbox 832 967 921 1007; x_wconf 82' lang='lat' dir='ltr'>dem</span> <span class='ocrx_word' id='word_1_216' title='bbox 944 969 1116 1007; x_wconf 79' lang='lat' dir='ltr'>exhibuit</span> <span class='ocrx_word' id='word_1_217' title='bbox 1134 965 1409 1033; x_wconf 78' lang='grc' dir='ltr'><em>κατεκοίμησε.</em></span> <span class='ocrx_word' id='word_1_218' title='bbox 1427 967 1490 1005; x_wconf 86' lang='lat' dir='ltr'>Ad</span> 
     </span>
     <span class='ocr_line' id='line_1_45' title="bbox 831 1019 1490 1074; baseline -0.005 -10"><span class='ocrx_word' id='word_1_219' title='bbox 831 1026 1092 1064; x_wconf 89' lang='lat' dir='ltr'>locutionem&#39;</span> <span class='ocrx_word' id='word_1_220' title='bbox 1076 1042 1114 1072; x_wconf 84' lang='grc' dir='ltr'>ες</span> <span class='ocrx_word' id='word_1_221' title='bbox 1128 1019 1376 1074; x_wconf 66' lang='grc' dir='ltr'><em>Ἀμφιάρεω,</em></span> <span class='ocrx_word' id='word_1_222' title='bbox 1397 1023 1490 1073; x_wconf 68' lang='lat' dir='ltr'>vid„</span> 
     </span>
    </p>

    <p class='ocr_par' dir='ltr' id='par_1_9' title="bbox 831 1080 1491 1191">
     <span class='ocr_line' id='line_1_46' title="bbox 831 1080 1491 1135; baseline -0.005 -15"><span class='ocrx_word' id='word_1_223' title='bbox 831 1097 880 1120; x_wconf 88' lang='lat' dir='ltr'>ne</span> <span class='ocrx_word' id='word_1_224' title='bbox 900 1085 1020 1135; x_wconf 87' lang='lat' dir='ltr'>plura,</span> <span class='ocrx_word' id='word_1_225' title='bbox 1046 1085 1124 1121; x_wconf 89' lang='lat' dir='ltr'>citt.</span> <span class='ocrx_word' id='word_1_226' title='bbox 1155 1080 1204 1118; x_wconf 85' lang='lat' dir='ltr'>ad</span> <span class='ocrx_word' id='word_1_227' title='bbox 1235 1082 1281 1127; x_wconf 88' lang='lat' dir='ltr'>V,</span> <span class='ocrx_word' id='word_1_228' title='bbox 1300 1080 1350 1121; x_wconf 79' lang='lat'>51</span> <span class='ocrx_word' id='word_1_229' title='bbox 1384 1088 1421 1117; x_wconf 80' lang='lat' dir='ltr'>et</span> <span class='ocrx_word' id='word_1_230' title='bbox 1443 1080 1491 1118; x_wconf 88' lang='lat' dir='ltr'>de</span> 
     </span>
     <span class='ocr_line' id='line_1_47' title="bbox 831 1136 1490 1191; baseline -0.003 -14"><span class='ocrx_word' id='word_1_231' title='bbox 831 1142 912 1191; x_wconf 91' lang='lat' dir='ltr'>ipso</span> <span class='ocrx_word' id='word_1_232' title='bbox 941 1141 1094 1178; x_wconf 77' lang='lat' dir='ltr'>oraculo</span> <span class='ocrx_word' id='word_1_233' title='bbox 1120 1138 1224 1176; x_wconf 89' lang='lat' dir='ltr'>conf.</span> <span class='ocrx_word' id='word_1_234' title='bbox 1256 1144 1352 1175; x_wconf 82' lang='lat' dir='ltr'>nott.</span> <span class='ocrx_word' id='word_1_235' title='bbox 1387 1136 1436 1175; x_wconf 88' lang='lat' dir='ltr'>ad</span> <span class='ocrx_word' id='word_1_236' title='bbox 1453 1140 1490 1184; x_wconf 82' lang='grc' dir='ltr'>Ι,</span> 
     </span>
    </p>
   </div>
   <div class='ocr_carea' id='block_1_9' title="bbox 831 1197 899 1239">
    <p class='ocr_par' dir='ltr' id='par_1_10' title="bbox 831 1197 899 1239">
     <span class='ocr_line' id='line_1_48' title="bbox 831 1197 899 1239; baseline -0.029 0"><span class='ocrx_word' id='word_1_237' title='bbox 831 1197 899 1239; x_wconf 81' lang='lat'>46.</span> 
     </span>
    </p>
   </div>
   <div class='ocr_carea' id='block_1_10' title="bbox 827 1304 1493 1975">
    <p class='ocr_par' dir='ltr' id='par_1_11' title="bbox 827 1304 1493 1975">
     <span class='ocr_line' id='line_1_49' title="bbox 884 1304 1490 1360; baseline -0.007 -12"><span class='ocrx_word' id='word_1_238' title='bbox 884 1304 1180 1360; x_wconf 78' lang='grc' dir='ltr'><em>μαντεύεσθαι]</em></span> <span class='ocrx_word' id='word_1_239' title='bbox 1202 1307 1227 1346; x_wconf 88' lang='lat' dir='ltr'>i.</span> <span class='ocrx_word' id='word_1_240' title='bbox 1242 1320 1276 1344; x_wconf 87' lang='lat' dir='ltr'>e.</span> <span class='ocrx_word' id='word_1_241' title='bbox 1310 1305 1490 1344; x_wconf 82' lang='lat' dir='ltr'>oraculum</span> 
     </span>
     <span class='ocr_line' id='line_1_50' title="bbox 833 1363 1491 1413; baseline -0.008 -9"><span class='ocrx_word' id='word_1_242' title='bbox 833 1367 1017 1413; x_wconf 79' lang='lat' dir='ltr'>consulere,</span> <span class='ocrx_word' id='word_1_243' title='bbox 1052 1372 1095 1401; x_wconf 89' lang='lat' dir='ltr'>ut</span> <span class='ocrx_word' id='word_1_244' title='bbox 1127 1366 1158 1412; x_wconf 87' lang='lat' dir='ltr'>I,</span> <span class='ocrx_word' id='word_1_245' title='bbox 1190 1363 1256 1404; x_wconf 77' lang='lat'>46.</span> <span class='ocrx_word' id='word_1_246' title='bbox 1292 1364 1392 1410; x_wconf 87' lang='lat' dir='ltr'><strong>VIII,</strong></span> <span class='ocrx_word' id='word_1_247' title='bbox 1423 1366 1491 1403; x_wconf 85' lang='lat'>36.</span> 
     </span>
     <span class='ocr_line' id='line_1_51' title="bbox 831 1419 1492 1471; baseline -0.009 -10"><span class='ocrx_word' id='word_1_248' title='bbox 831 1425 901 1471; x_wconf 92' lang='lat' dir='ltr'>IX,</span> <span class='ocrx_word' id='word_1_249' title='bbox 924 1425 992 1463; x_wconf 80' lang='lat'>33.</span> <span class='ocrx_word' id='word_1_250' title='bbox 1019 1421 1298 1470; x_wconf 81' lang='lat' dir='ltr'>Wesselingius</span> <span class='ocrx_word' id='word_1_251' title='bbox 1328 1419 1492 1457; x_wconf 85' lang='lat' dir='ltr'>conferri</span> 
     </span>
     <span class='ocr_line' id='line_1_52' title="bbox 830 1476 1491 1530; baseline -0.009 -12"><span class='ocrx_word' id='word_1_252' title='bbox 830 1482 912 1519; x_wconf 86' lang='lat' dir='ltr'>vult</span> <span class='ocrx_word' id='word_1_253' title='bbox 944 1477 1131 1530; x_wconf 82' lang='lat' dir='ltr'>Leopard.</span> <span class='ocrx_word' id='word_1_254' title='bbox 1163 1476 1354 1514; x_wconf 85' lang='lat' dir='ltr'>Emendd.</span> <span class='ocrx_word' id='word_1_255' title='bbox 1390 1477 1491 1525; x_wconf 89' lang='lat' dir='ltr'><strong>VIII,</strong></span> 
     </span>
     <span class='ocr_line' id='line_1_53' title="bbox 833 1529 1492 1599; baseline -0.002 -26"><span class='ocrx_word' id='word_1_256' title='bbox 833 1541 871 1578; x_wconf 91' lang='lat'>1.</span> <span class='ocrx_word' id='word_1_257' title='bbox 899 1557 954 1565; x_wconf 90' lang='lat'>—·</span> <span class='ocrx_word' id='word_1_258' title='bbox 980 1534 1092 1582; x_wconf 77' lang='lat' dir='ltr'>Quod</span> <span class='ocrx_word' id='word_1_259' title='bbox 1119 1535 1289 1586; x_wconf 81' lang='lat' dir='ltr'>sequitur</span> <span class='ocrx_word' id='word_1_260' title='bbox 1311 1529 1379 1572; x_wconf 82' lang='grc' dir='ltr'>δια</span> <span class='ocrx_word' id='word_1_261' title='bbox 1396 1548 1492 1599; x_wconf 82' lang='grc' dir='ltr'><em>χρη-</em></span> 
     </span>
     <span class='ocr_line' id='line_1_54' title="bbox 831 1588 1491 1645; baseline -0.014 -12"><span class='ocrx_word' id='word_1_262' title='bbox 831 1593 1004 1645; x_wconf 86' lang='grc' dir='ltr'><em>στηρίων</em></span> <span class='ocrx_word' id='word_1_263' title='bbox 1028 1606 1117 1631; x_wconf 82' lang='grc' dir='ltr'><em>ποιε</em></span> <span class='ocrx_word' id='word_1_264' title='bbox 1101 1589 1266 1642; x_wconf 60' lang='grc' dir='ltr'><em>ου’μενος</em></span> <span class='ocrx_word' id='word_1_265' title='bbox 1288 1588 1405 1628; x_wconf 77' lang='lat' dir='ltr'>Schw</span> <span class='ocrx_word' id='word_1_266' title='bbox 1407 1591 1491 1640; x_wconf 81' lang='lat' dir='ltr'>eig-</span> 
     </span>
     <span class='ocr_line' id='line_1_55' title="bbox 829 1647 1492 1696; baseline -0.008 -8"><span class='ocrx_word' id='word_1_267' title='bbox 829 1649 1003 1688; x_wconf 88' lang='lat' dir='ltr'>haeuser.</span> <span class='ocrx_word' id='word_1_268' title='bbox 1024 1648 1168 1686; x_wconf 86' lang='lat' dir='ltr'>reddit:</span> <span class='ocrx_word' id='word_1_269' title='bbox 1209 1648 1302 1685; x_wconf 77' lang='lat' dir='ltr'>edito</span> <span class='ocrx_word' id='word_1_270' title='bbox 1323 1647 1492 1696; x_wconf 49' lang='lat' dir='ltr'>oraculo}</span> 
     </span>
     <span class='ocr_line' id='line_1_56' title="bbox 827 1705 1492 1759; baseline -0.006 -15"><span class='ocrx_word' id='word_1_271' title='bbox 827 1708 982 1759; x_wconf 87' lang='lat' dir='ltr'>propius</span> <span class='ocrx_word' id='word_1_272' title='bbox 998 1705 1136 1757; x_wconf 87' lang='lat' dir='ltr'>adipsa</span> <span class='ocrx_word' id='word_1_273' title='bbox 1146 1705 1285 1742; x_wconf 85' lang='lat' dir='ltr'>verba:</span> <span class='ocrx_word' id='word_1_274' title='bbox 1322 1716 1385 1754; x_wconf 85' lang='lat' dir='ltr'>per</span> <span class='ocrx_word' id='word_1_275' title='bbox 1406 1716 1492 1740; x_wconf 84' lang='lat' dir='ltr'>ora-</span> 
     </span>
     <span class='ocr_line' id='line_1_57' title="bbox 829 1760 1493 1811; baseline -0.006 -9"><span class='ocrx_word' id='word_1_276' title='bbox 829 1765 946 1802; x_wconf 84' lang='lat' dir='ltr'>culum</span> <span class='ocrx_word' id='word_1_277' title='bbox 967 1777 1043 1802; x_wconf 81' lang='lat' dir='ltr'>cum</span> <span class='ocrx_word' id='word_1_278' title='bbox 1069 1765 1115 1800; x_wconf 78' lang='lat' dir='ltr'>iis</span> <span class='ocrx_word' id='word_1_279' title='bbox 1134 1775 1258 1811; x_wconf 80' lang='lat' dir='ltr'>agens.</span> <span class='ocrx_word' id='word_1_280' title='bbox 1307 1762 1372 1797; x_wconf 91' lang='lat' dir='ltr'>Tu</span> <span class='ocrx_word' id='word_1_281' title='bbox 1388 1760 1493 1798; x_wconf 87' lang='lat' dir='ltr'>conf.</span> 
     </span>
     <span class='ocr_line' id='line_1_58' title="bbox 828 1813 1493 1869; baseline -0.006 -10"><span class='ocrx_word' id='word_1_282' title='bbox 828 1823 892 1869; x_wconf 84' lang='lat' dir='ltr'>Vl,</span> <span class='ocrx_word' id='word_1_283' title='bbox 913 1819 953 1860; x_wconf 74' lang='grc'>4.</span> <span class='ocrx_word' id='word_1_284' title='bbox 1009 1823 1066 1858; x_wconf 92' lang='lat' dir='ltr'>De</span> <span class='ocrx_word' id='word_1_285' title='bbox 1082 1818 1288 1857; x_wconf 75' lang='lat' dir='ltr'>indicativo</span> <span class='ocrx_word' id='word_1_286' title='bbox 1308 1813 1493 1868; x_wconf 78' lang='grc' dir='ltr'><em>βούλεται</em></span> 
     </span>
     <span class='ocr_line' id='line_1_59' title="bbox 831 1874 1490 1924; baseline -0.011 -8"><span class='ocrx_word' id='word_1_287' title='bbox 831 1877 931 1917; x_wconf 84' lang='lat' dir='ltr'>conf.</span> <span class='ocrx_word' id='word_1_288' title='bbox 953 1879 983 1915; x_wconf 94' lang='grc' dir='ltr'>Ι.</span> <span class='ocrx_word' id='word_1_289' title='bbox 1000 1880 1090 1918; x_wconf 80' lang='lat'><strong>163.</strong></span> <span class='ocrx_word' id='word_1_290' title='bbox 1110 1877 1156 1924; x_wconf 89' lang='lat' dir='ltr'>V,</span> <span class='ocrx_word' id='word_1_291' title='bbox 1179 1879 1203 1916; x_wconf 88' lang='lat'><strong>6</strong></span> <span class='ocrx_word' id='word_1_292' title='bbox 1226 1882 1262 1912; x_wconf 89' lang='lat' dir='ltr'>et</span> <span class='ocrx_word' id='word_1_293' title='bbox 1283 1874 1331 1911; x_wconf 85' lang='lat' dir='ltr'>ad</span> <span class='ocrx_word' id='word_1_294' title='bbox 1349 1875 1490 1911; x_wconf 81' lang='lat' dir='ltr'>verba:</span> 
     </span>
     <span class='ocr_line' id='line_1_60' title="bbox 831 1930 1490 1975; baseline -0.012 0"><span class='ocrx_word' id='word_1_295' title='bbox 831 1935 982 1975; x_wconf 76' lang='grc' dir='ltr'><em>εἴλοντο</em></span> <span class='ocrx_word' id='word_1_296' title='bbox 1014 1931 1116 1973; x_wconf 81' lang='grc' dir='ltr'><em>εἶναι</em></span> <span class='ocrx_word' id='word_1_297' title='bbox 1143 1932 1245 1971; x_wconf 88' lang='lat' dir='ltr'>conf.</span> <span class='ocrx_word' id='word_1_298' title='bbox 1265 1930 1402 1969; x_wconf 82' lang='lat' dir='ltr'>Matth.</span> <span class='ocrx_word' id='word_1_299' title='bbox 1424 1932 1490 1969; x_wconf 85' lang='lat' dir='ltr'>Gr.</span> 
     </span>
    </p>
   </div>
   <div class='ocr_carea' id='block_1_11' title="bbox 830 1990 1112 2040">
    <p class='ocr_par' dir='ltr' id='par_1_12' title="bbox 830 1990 1112 2040">
     <span class='ocr_line' id='line_1_61' title="bbox 830 1990 1112 2040; baseline 0.011 -11"><span class='ocrx_word' id='word_1_300' title='bbox 830 1993 895 2030; x_wconf 87' lang='lat' dir='ltr'>Gr.</span> <span class='ocrx_word' id='word_1_301' title='bbox 918 1993 955 2040; x_wconf 82' lang='lat'>§‚</span> <span class='ocrx_word' id='word_1_302' title='bbox 975 1990 1056 2031; x_wconf 80' lang='lat'>420</span> <span class='ocrx_word' id='word_1_303' title='bbox 1077 2004 1112 2032; x_wconf 86' lang='lat' dir='ltr'>c.</span> 
     </span>
    </p>
   </div>
   <div class='ocr_carea' id='block_1_12' title="bbox 829 2096 1494 2832">
    <p class='ocr_par' dir='ltr' id='par_1_13' title="bbox 829 2096 1494 2832">
     <span class='ocr_line' id='line_1_62' title="bbox 869 2096 1490 2153; baseline -0.006 -11"><span class='ocrx_word' id='word_1_304' title='bbox 869 2096 1490 2153; x_wconf 64' lang='grc' dir='ltr'><em>οὐδενὶ-ἐγκατακοιμηθῆναι]</em></span> 
     </span>
     <span class='ocr_line' id='line_1_63' title="bbox 829 2156 1493 2208; baseline -0.005 -11"><span class='ocrx_word' id='word_1_305' title='bbox 829 2160 894 2198; x_wconf 90' lang='lat' dir='ltr'>Sic</span> <span class='ocrx_word' id='word_1_306' title='bbox 908 2158 983 2196; x_wconf 89' lang='lat' dir='ltr'>duo</span> <span class='ocrx_word' id='word_1_307' title='bbox 997 2156 1180 2208; x_wconf 87' lang='lat' dir='ltr'>codd.pro</span> <span class='ocrx_word' id='word_1_308' title='bbox 1193 2157 1493 2207; x_wconf 79' lang='grc' dir='ltr'><em>κατακοιμηθῆ-</em></span> 
     </span>
     <span class='ocr_line' id='line_1_64' title="bbox 829 2213 1492 2267; baseline -0.012 -11"><span class='ocrx_word' id='word_1_309' title='bbox 829 2231 909 2263; x_wconf 88' lang='grc' dir='ltr'><em>ναι,</em></span> <span class='ocrx_word' id='word_1_310' title='bbox 924 2214 1028 2267; x_wconf 87' lang='lat' dir='ltr'>quod</span> <span class='ocrx_word' id='word_1_311' title='bbox 1049 2215 1211 2252; x_wconf 82' lang='lat' dir='ltr'>verbum</span> <span class='ocrx_word' id='word_1_312' title='bbox 1238 2214 1432 2250; x_wconf 82' lang='lat' dir='ltr'>invenitur</span> <span class='ocrx_word' id='word_1_313' title='bbox 1460 2213 1492 2261; x_wconf 85' lang='grc' dir='ltr'>Ι,</span> 
     </span>
     <span class='ocr_line' id='line_1_65' title="bbox 829 2268 1493 2321; baseline -0.005 -13"><span class='ocrx_word' id='word_1_314' title='bbox 829 2273 1003 2321; x_wconf 84' lang='lat' dir='ltr'>31,1V‚7.</span> <span class='ocrx_word' id='word_1_315' title='bbox 1025 2272 1200 2309; x_wconf 87' lang='lat' dir='ltr'>Alterum</span> <span class='ocrx_word' id='word_1_316' title='bbox 1212 2268 1305 2306; x_wconf 85' lang='lat' dir='ltr'>illud</span> <span class='ocrx_word' id='word_1_317' title='bbox 1321 2270 1493 2307; x_wconf 86' lang='lat' dir='ltr'>solemne</span> 
     </span>
     <span class='ocr_line' id='line_1_66' title="bbox 829 2324 1494 2381; baseline -0.008 -14"><span class='ocrx_word' id='word_1_318' title='bbox 829 2329 877 2367; x_wconf 86' lang='lat' dir='ltr'>de</span> <span class='ocrx_word' id='word_1_319' title='bbox 893 2331 948 2377; x_wconf 85' lang='lat' dir='ltr'>iis,</span> <span class='ocrx_word' id='word_1_320' title='bbox 978 2330 1045 2381; x_wconf 86' lang='lat' dir='ltr'>qui</span> <span class='ocrx_word' id='word_1_321' title='bbox 1074 2330 1114 2365; x_wconf 90' lang='lat' dir='ltr'>in</span> <span class='ocrx_word' id='word_1_322' title='bbox 1143 2326 1367 2378; x_wconf 84' lang='lat' dir='ltr'>Amphiarai</span> <span class='ocrx_word' id='word_1_323' title='bbox 1399 2324 1494 2362; x_wconf 84' lang='lat' dir='ltr'>aede</span> 
     </span>
     <span class='ocr_line' id='line_1_67' title="bbox 830 2384 1490 2434; baseline -0.008 -10"><span class='ocrx_word' id='word_1_324' title='bbox 830 2387 1030 2424; x_wconf 83' lang='lat' dir='ltr'>oraculum</span> <span class='ocrx_word' id='word_1_325' title='bbox 1068 2385 1291 2423; x_wconf 85' lang='lat' dir='ltr'>sciscitaturi</span> <span class='ocrx_word' id='word_1_326' title='bbox 1330 2384 1490 2434; x_wconf 86' lang='lat' dir='ltr'>pellibus</span> 
     </span>
     <span class='ocr_line' id='line_1_68' title="bbox 829 2442 1492 2481; baseline -0.009 0"><span class='ocrx_word' id='word_1_327' title='bbox 829 2443 1105 2481; x_wconf 87' lang='lat' dir='ltr'>incumbebant</span> <span class='ocrx_word' id='word_1_328' title='bbox 1139 2442 1260 2479; x_wconf 83' lang='lat' dir='ltr'>stratis</span> <span class='ocrx_word' id='word_1_329' title='bbox 1288 2453 1492 2477; x_wconf 88' lang='lat' dir='ltr'>somnum-</span> 
     </span>
     <span class='ocr_line' id='line_1_69' title="bbox 832 2495 1492 2554; baseline -0.008 -16"><span class='ocrx_word' id='word_1_330' title='bbox 832 2515 907 2554; x_wconf 88' lang='lat' dir='ltr'>que</span> <span class='ocrx_word' id='word_1_331' title='bbox 953 2506 1123 2551; x_wconf 86' lang='lat' dir='ltr'>petentes</span> <span class='ocrx_word' id='word_1_332' title='bbox 1171 2498 1321 2535; x_wconf 83' lang='lat' dir='ltr'>somnia</span> <span class='ocrx_word' id='word_1_333' title='bbox 1363 2495 1492 2534; x_wconf 84' lang='lat' dir='ltr'>fatidi-</span> 
     </span>
     <span class='ocr_line' id='line_1_70' title="bbox 832 2552 1492 2608; baseline -0.008 -13"><span class='ocrx_word' id='word_1_334' title='bbox 832 2571 878 2596; x_wconf 89' lang='lat' dir='ltr'>ca</span> <span class='ocrx_word' id='word_1_335' title='bbox 921 2556 1204 2608; x_wconf 84' lang='lat' dir='ltr'>exspectabant.</span> <span class='ocrx_word' id='word_1_336' title='bbox 1269 2552 1354 2592; x_wconf 82' lang='lat' dir='ltr'>vid.</span> <span class='ocrx_word' id='word_1_337' title='bbox 1389 2555 1492 2590; x_wconf 88' lang='lat' dir='ltr'>Pau-</span> 
     </span>
     <span class='ocr_line' id='line_1_71' title="bbox 831 2609 1491 2661; baseline -0.006 -10"><span class='ocrx_word' id='word_1_338' title='bbox 831 2628 915 2653; x_wconf 86' lang='lat' dir='ltr'>san.</span> <span class='ocrx_word' id='word_1_339' title='bbox 941 2614 988 2661; x_wconf 92' lang='grc' dir='ltr'>ΙΙ,</span> <span class='ocrx_word' id='word_1_340' title='bbox 1015 2615 1084 2657; x_wconf 81' lang='lat'>13,</span> <span class='ocrx_word' id='word_1_341' title='bbox 1106 2615 1144 2659; x_wconf 88' lang='lat'>6,</span> <span class='ocrx_word' id='word_1_342' title='bbox 1165 2611 1230 2647; x_wconf 90' lang='lat' dir='ltr'>ubi</span> <span class='ocrx_word' id='word_1_343' title='bbox 1251 2609 1372 2648; x_wconf 85' lang='lat' dir='ltr'>editor</span> <span class='ocrx_word' id='word_1_344' title='bbox 1391 2611 1491 2648; x_wconf 83' lang='lat' dir='ltr'>bene</span> 
     </span>
     <span class='ocr_line' id='line_1_72' title="bbox 832 2667 1491 2716; baseline -0.008 -7"><span class='ocrx_word' id='word_1_345' title='bbox 832 2671 956 2709; x_wconf 83' lang='lat' dir='ltr'>attulit</span> <span class='ocrx_word' id='word_1_346' title='bbox 976 2669 1101 2706; x_wconf 85' lang='lat' dir='ltr'>Nostri</span> <span class='ocrx_word' id='word_1_347' title='bbox 1121 2669 1263 2716; x_wconf 89' lang='lat' dir='ltr'>locum,</span> <span class='ocrx_word' id='word_1_348' title='bbox 1279 2667 1435 2707; x_wconf 88' lang='lat' dir='ltr'>Diodor.</span> <span class='ocrx_word' id='word_1_349' title='bbox 1458 2668 1491 2715; x_wconf 94' lang='lat' dir='ltr'>I,</span> 
     </span>
     <span class='ocr_line' id='line_1_73' title="bbox 832 2725 1491 2779; baseline -0.003 -15"><span class='ocrx_word' id='word_1_350' title='bbox 832 2728 885 2769; x_wconf 81' lang='lat'>53</span> <span class='ocrx_word' id='word_1_351' title='bbox 914 2728 1043 2779; x_wconf 88' lang='lat' dir='ltr'>ibique</span> <span class='ocrx_word' id='word_1_352' title='bbox 1071 2725 1236 2763; x_wconf 90' lang='lat' dir='ltr'>Wessel.</span> <span class='ocrx_word' id='word_1_353' title='bbox 1257 2725 1342 2764; x_wconf 80' lang='lat' dir='ltr'>coll.</span> <span class='ocrx_word' id='word_1_354' title='bbox 1361 2725 1491 2763; x_wconf 81' lang='lat' dir='ltr'>Davis.</span> 
     </span>
     <span class='ocr_line' id='line_1_74' title="bbox 831 2780 1395 2832; baseline -0.004 -10"><span class='ocrx_word' id='word_1_355' title='bbox 831 2784 881 2822; x_wconf 88' lang='lat' dir='ltr'>ad</span> <span class='ocrx_word' id='word_1_356' title='bbox 913 2784 1085 2822; x_wconf 83' lang='lat' dir='ltr'>Ciceron.</span> <span class='ocrx_word' id='word_1_357' title='bbox 1105 2784 1163 2820; x_wconf 90' lang='lat' dir='ltr'>De</span> <span class='ocrx_word' id='word_1_358' title='bbox 1183 2780 1262 2821; x_wconf 83' lang='lat' dir='ltr'>div.</span> <span class='ocrx_word' id='word_1_359' title='bbox 1275 2783 1306 2832; x_wconf 90' lang='lat'>1,</span> <span class='ocrx_word' id='word_1_360' title='bbox 1327 2781 1395 2823; x_wconf 81' lang='lat'>43.</span> 
     </span>
    </p>
   </div>
   <div class='ocr_carea' id='block_1_13' title="bbox 1908 0 1996 3238">
    <p class='ocr_par' dir='ltr' id='par_1_14' title="bbox 1908 0 1996 3238">
     <span class='ocr_line' id='line_1_75' title="bbox 1908 0 1996 3238; baseline 0 0"><span class='ocrx_word' id='word_1_361' title='bbox 1908 0 1996 3238; x_wconf 95' lang='lat' dir='ltr'> </span> 
     </span>
    </p>
   </div>
  </div>
 </body>
</html>
