1996 3238
6 790 105 836 1⁰6

550 212 876 249 URANIA
937 213 1064 250 V111.
1355 211 1439 253 145

146 331 168 366 3
198 323 408 381 μεγάλων.
467 319 586 375 παρα
623 318 707 375 γαρ
749 325 862 362 τοῖσι
891 320 1154 376 βαρβάροισι
1193 320 1438 376 τιμιώτεροί

176 395 257 436 εἰσι
273 388 540 443 οἷεύνοῦχοι,
571 389 740 440 πίστιος
770 390 912 432 εἵνεκα
934 393 1010 444 τῆς
1031 389 1181 444 πάσης,
1210 389 1437 443 τῶνένορ-

173 462 288 516 χίων.
374 457 534 506 ἄλλους
584 472 628 499 τε
667 457 720 513 δή
761 455 785 500 ὁ
829 456 1077 507 Πανιώνιος
1116 457 1283 512 ἐξέταμε
1327 460 1492 499 πολ-65

171 526 288 577 λούς,
348 523 420 568 ἅτε
464 522 722 578 ποιεύμενος
753 525 798 568 ἐκ
829 525 989 567 τούτου
1019 524 1096 578 τὴν
1135 524 1250 577 ζόην,
1281 525 1353 566 καὶ
1384 524 1436 579 δὴ

142 595 245 638 4καὶ
274 597 445 637 τοῦτον.
477 592 549 634 καὶ
581 591 633 634 οὐ
664 593 748 649 γάρ
778 593 830 635 τα
861 593 1002 635 πάντα
1032 591 1257 646 ἐδυστύχεε
1293 589 1315 633 ὁ
1344 591 1436 645 Ἐρ-

168 660 364 717 μότιμος,
400 659 648 703 ἀπικνέεται
679 661 725 703 ἐκ
754 664 842 702 τῶν
873 661 1084 714 Σαρδίων
1116 659 1233 714 παρα
1261 659 1439 715 βασιλέα

170 727 254 785 μετ’
287 728 430 773 ἄλλων
462 726 638 781 δώρων·
689 726 853 783 χρόνον
884 727 929 771 δὲ
965 725 1220 781 προϊόντος,
1262 726 1496 769 πάντων7ο

168 801 257 841 τῶν
286 796 508 852 εὐνούχων
547 796 728 852 ἐτιμήθη
758 795 944 850 μάλιστα
983 794 1103 849 παρὰ
1135 794 1296 850 ’,Ξέρξη
1350 791 1434 844 Ὣς

174 864 219 908 δὲ
240 863 288 908 τό
320 864 563 919 στράτευμα
592 863 641 907 τό
676 863 898 917 Περσικόν
927 863 1043 919 ὅρμα
1076 862 1099 906 ὁ
1132 862 1334 918 βασιλεὺς
1364 862 1434 905 ἐπὶ

169 931 247 983 τὰς
273 929 472 988 Ἀθήνας,
503 930 587 974 {cdv
619 931 665 974 έν
697 932 894 985 Σάρδισι,
927 932 1122 975 ἐνθαῦτα
1151 931 1343 986 καταβάς
1364 948 1434 973 κα-

1488 791 1561 820 Poet
1568 789 1771 831 regemGrae—

1490 827 1567 853 ciam
1597 826 1771 852 invasurum

1489 859 1645 893 comitam,
1662 858 1770 885 Panio-

1491 894 1534 921 nii
1560 900 1626 918 cum
1636 879 1706 918 ’tota
1726 891 1771 919 fa-

1493 926 1576 954 milia
1600 933 1654 961 per
1672 925 1772 953 dolum

1493 960 1624 1001 potitur,
1646 959 1772 986 atrocis

1490 995 1655 1027 rimamque
1679 991 1717 1018 ab
1735 1000 1772 1022 eo

166 999 220 1043 τοὶ
250 1000 304 1055 δή
332 1016 372 1042 τι
401 1003 575 1055 πρῆγμα
605 997 628 1041 ὁ
659 999 913 1056 Ἑρμότιμος
948 1000 990 1051 ές
1019 1004 1101 1057 γῆν
1132 1000 1212 1055 τὴν
1240 1001 1433 1055 ιἎυσίην,
1489 1035 1617 1064 poenam
1632 1025 1754 1062 “pem

166 1066 247 1122 τήν
271 1070 373 1109 Χῖοι
401 1068 481 1123 μὲν
509 1067 735 1123 νέμονται,
765 1067 991 1123 Ἀταρνεύς
1022 1068 1067 1111 δὲ
1101 1068 1318 1119 καλέεται,
1366 1066 1438 1110 εὑ-

138 1136 312 1189 Ξρίσκει
343 1135 419 1179 τὸν
458 1137 714 1179 Πανιώνιον
743 1135 950 1180 ἐνθαῦτα.
999 1135 1203 1192 ἐπιγνοὺς
1232 1136 1290 1188 δὲ,
1323 1136 1435 1191 ἔλεγε
1452 1141 1496 1177 75

167 1203 279 1259 πρὸς
324 1203 459 1248 αὐτὸν
506 1207 698 1256 πολλοὺς
727 1205 800 1247 καὶ
839 1207 1017 1261 φιλίους
1060 1204 1240 1258 λόγους·
1287 1209 1440 1257 πρῶτα

168 1273 248 1328 μέν
279 1273 323 1315 οἱ
349 1272 598 1328 καταλέγων
619 1272 702 1316 ὅσα
734 1271 863 1324 αὐτὸς
892 1271 944 1316 δι’
975 1273 1141 1315 ἐκεῖνον·
1161 1273 1249 1328 ἔχοι
1271 1271 1439 1328 ἀγαθά·

170 1339 353 1395 δεύτερα
393 1340 439 1384 δέ
481 1342 525 1384 οἱ
552 1339 894 1397 ὑπισχνεύμενος
931 1339 1024 1384 ἀντὶ
1054 1339 1223 1384 τούτων
1252 1339 1335 1384 ὅσα
1364 1356 1441 1395 μιν

169 1406 318 1464 ἀγαθὰ
346 1407 539 1465 ποιήσει,
572 1408 629 1465 ἢν
650 1411 835 1465 κομίσας
867 1408 971 1461 τούς
1009 1409 1179 1461 οἰκέτας
1199 1408 1318 1466 οἰκέῃ
1341 1409 1440 1452 ἐκεί.

114 1630 151 1654 κ.
177 1630 212 1654 τ.
229 1617 264 1654 λ.
306 1616 415 1653 Hanc
445 1628 536 1653 vero
566 1612 670 1655 τίσιν
698 1615 778 1652 sive

114 1671 275 1724 νέμεσιν
310 1685 378 1723 per
424 1671 611 1709 Herodoti
649 1674 776 1709 Musas

113 1742 274 1780 regnare
292 1730 557 1781 scriptorisque
576 1730 704 1766 animo
720 1730 779 1765 al-

114 1793 152 1823 te
182 1787 405 1837 impressam
440 1785 615 1835 haerere,
655 1799 777 1839 quum

114 1841 215 1880 hanc
234 1844 282 1880 ob
302 1856 454 1880 causam
473 1845 713 1895 potissimum
735 1850 778 1880 ut

115 1901 195 1938 scil.
237 1900 336 1937 illius
376 1901 456 1937 vim
493 1901 699 1951 explicaret
738 1907 775 1937 et

117 1964 453 2001 commonstraret,
476 1955 651 1993 historiae
681 1958 776 1994 scri-

115 2012 267 2050 bundae
277 2026 315 2049 se
329 2012 474 2049 dedisse
483 2013 777 2062 videatur,haud

115 2082 194 2106 uno
215 2082 235 2105 e
255 2070 340 2106 loco
358 2070 592 2120 intelligitur.
634 2071 776 2106 Memi-

115 2127 173 2162 nit
210 2133 338 2162 autem
372 2125 542 2162 eiusdem
568 2127 622 2162 rei
653 2125 777 2163 Athe-

114 2195 232 2219 naeus
271 2195 425 2235 quoque
451 2183 502 2219 VI
542 2196 581 2233 p.
626 2185 706 2223 266
726 2185 774 2220 Ε.

114 2260 169 2267 ——
189 2241 233 2276 Iu
249 2253 355 2291 seqq.
375 2238 462 2275 dedi
483 2238 524 2278 ἐκ
542 2235 686 2278 τούτου
705 2237 780 2290 τὴν

116 2291 212 2346 ζόην
232 2296 335 2333 libris
356 2297 500 2347 scriptis
514 2326 523 2344 ,
543 2309 638 2348 quos
663 2297 779 2333 etiam

115 2354 287 2404 sequitur
313 2351 533 2400 Bekkerus,
564 2354 616 2390 ita
640 2353 779 2390 iuben-

115 2410 228 2446 tibus.
281 2410 358 2446 Alii
380 2408 421 2448 ἐκ
442 2405 607 2448 τούτων.

174 2460 401 2505 ἀπικνέεται
430 2465 471 2506 ἐκ
493 2468 573 2504 τῶν
593 2465 779 2517 Σαρδίων

115 2519 223 2574 παροῖ
249 2521 429 2574 βασιλέα]
461 2523 496 2558 Α
515 2530 681 2573 satrapa,
713 2525 780 2575 qui

116 2581 213 2616 inter
224 2581 294 2616 alia
302 2592 461 2616 munera
475 2578 670 2616 eunuchos
681 2593 781 2632 quo-

119 2648 192 2687 que
209 2637 453 2687 probabiliter
473 2637 555 2686 regi
576 2637 677 2673 misit
692 2650 779 2687 gra-

118 2693 321 2730 tificaturus
336 2723 346 2742 ,
397 2694 681 2730 Hermotimum
730 2693 779 2730 ad

119 2761 249 2799 regem
280 2763 360 2788 esse
392 2751 572 2797 missum,
613 2762 704 2787 vero
736 2750 779 2788 fit

118 2806 365 2844 simillimumss
422 2809 480 2843 De
512 2804 778 2844 eunuchorum

177 2863 399 2900 Hmmnor.
419 2863 487 2901 IV.

833 1616 1056 1654 auctoritate
1076 1615 1178 1667 apud
1198 1617 1404 1653 Persarum
1431 1627 1496 1651 re-

833 1685 899 1722 ges
922 1673 1088 1711 diximus
1106 1673 1154 1710 ad
1176 1674 1282 1721 VIII,
1305 1671 1398 1713 104.
1437 1672 1496 1708 Ac

832 1730 1070 1768 fidelissimos
1097 1732 1186 1767 istos
1219 1743 1298 1767 esse
1332 1742 1352 1765 e
1377 1727 1497 1765 Char-

834 1786 950 1834 diuii,
983 1788 1201 1825 recentioris
1231 1786 1496 1838 peregrinato-

832 1845 881 1882 ris
910 1844 1035 1882 diariis
1055 1844 1222 1881 affirmat
1239 1842 1464 1881 Larcherus.

1051 1936 1146 1986 cap.
1180 1935 1276 1972 CVI.

889 2008 997 2064 δ’ρμα
1025 2011 1048 2053 ὁ
1069 2011 1270 2064 βασιλεύς]
1306 2009 1331 2052 ό
1356 2011 1498 2049 inserui

830 2083 919 2106 oum
949 2069 1170 2119 Schweigh.
1199 2077 1236 2107 et
1263 2069 1380 2106 Gaisf.
1407 2080 1498 2106 cum

830 2128 947 2176 vulgo
969 2128 1076 2164 absit.
1097 2125 1232 2163 Matth.
1249 2138 1404 2177 quoque
1427 2124 1497 2161 de-

835 2183 889 2220 dit
909 2180 1035 2233 ὤρμα.
1061 2207 1110 2212 -
1148 2184 1206 2219 De
1239 2195 1358 2233 campo
1380 2181 1496 2218 Atar-

834 2242 934 2277 mensi
956 2240 1056 2277 conf.
1081 2246 1175 2277 nott.
1196 2238 1243 2275 ad
1263 2241 1291 2286 I,
1321 2241 1410 2279 160.
1428 2238 1493 2285 VI,

836 2300 902 2338 28.
924 2319 981 2324 --
1008 2299 1052 2333 In
1073 2310 1179 2349 seqq.
1199 2309 1277 2332 non
1301 2296 1382 2332 sine
1402 2307 1496 2331 oau-

835 2367 875 2390 sa
891 2355 929 2389 in
949 2353 1072 2391 modis
1093 2355 1146 2390 ita
1166 2354 1326 2391 variasse
1345 2350 1496 2389 videtur

835 2413 970 2447 Noster
984 2411 1152 2448 scribens
1175 2407 1400 2474 καταλέγων
1422 2404 1496 2448 ὅσα

836 2488 891 2495 —
937 2466 1043 2518 ἔχοι
1085 2474 1122 2504 et
1165 2460 1495 2517 υπισχνεύμενος,

836 2519 1175 2574 ὅσα-ποιήσει.

892 2576 947 2628 ’ἦν
961 2582 1127 2631 κομίσας
1144 2576 1238 2626 τούς
1255 2574 1410 2625 οἰκέτας
1435 2576 1495 2618 οἰ-

836 2637 905 2690 κέῃ
925 2636 1074 2691 ἐκείνῃ]
1102 2633 1320 2686 Schweigh.
1335 2664 1346 2683 ‚
1377 2646 1494 2687 quem

835 2696 1005 2745 sequitur
1022 2694 1152 2741 Gaisf„
1175 2707 1195 2730 e
1213 2692 1360 2730 duobus
1379 2690 1493 2730 codd.

837 2750 944 2788 dedit
966 2746 1251 2802 κομισάμενος,
1284 2747 1388 2801 quod
1407 2761 1495 2785 mea

837 2806 995 2860 quidem
1024 2808 1211 2846 sententia
1234 2819 1255 2843 e
1281 2811 1495 2843 correctura

1167 2866 1219 2904 10
