1879 3222
491 174 1081 211 CALLIOPE.1X.
1325 177 1408 217 293

145 286 210 336 δὲ,
242 285 377 341 ἀρχήν
404 299 446 327 τε
485 281 661 337 ου’δαμὰ
701 281 865 324 δοκέων
892 283 1152 338 Παυσανίην
1181 282 1407 339 τολμήσειν
1419 289 1465 324 90

146 353 284 409 σφέας
312 353 559 402 ἀπολιπεῖν,
589 349 824 403 περιείχετο
856 347 995 391 αὐτοῦ
1023 351 1233 404 μένοντας
1256 351 1314 406 μή
1345 350 1407 394 ἐκ-

143 425 283 465 λιπεῖν
311 418 388 474 τὴν
415 419 555 470 τάξιν·
582 415 903 470 προτερεόντων
926 418 970 459 δὲ
1001 422 1089 460 τῶν
1119 418 1201 461 σὺν
1234 423 1406 462 Παυσα-

143 491 238 545 νίῃ,
268 484 506 538 καταδόξας
526 483 687 535 αὐτούς
716 484 831 539 ἰθείῃ
852 483 975 540 τέχνῃ
1005 484 1231 528 ἀπολιπεῖν
1250 484 1398 537 αὐτόν,
1457 496 1537 534 719

0 609 1 619 γ
143 554 415 610 ἀναλαβόντα
443 552 519 598 τὸν
548 551 679 608 λόχον
707 552 757 595 τοὶ
789 550 902 596 ὅπλα
930 547 1004 606 ἦγε
1038 552 1180 607 βάδην
1218 552 1325 606 πρὸς
1355 552 1402 596 τὸ

0 622 1 673 l
113 623 244 667 Ξᾶλλο
273 627 444 678 στῖφοςᾳ·
499 620 549 665 τό
581 621 649 673 δὲ,
688 617 879 663 ἀπελθόν
899 618 1006 662 ὅσον
1035 635 1077 661 τε
1109 620 1213 662 δέκα
1243 620 1459 668 σταδια,95

0 675 1 707 ¹
141 690 320 747 ἀνέμενε
345 691 422 734 τὸν
439 687 766 748 Ἀμομφαρέτου
797 686 948 743 λόχον,
976 687 1072 743 περὶ
1091 687 1288 743 ποταμὸν
1312 692 1401 731 Μο-

81 897 186 951 quod
213 896 416 949 respondet
443 898 670 946 praegressis
701 896 742 936 οῖ

80 970 134 1005 με
119 970 170 994 ν
192 978 242 982 -
277 951 526 1002 α’ντείχοιτος
560 953 609 988 ita
631 961 670 990 ut
692 952 737 990 de

79 1018 224 1048 mutata
244 1011 628 1058 orationisstructura‚
647 1024 737 1062 qua-

79 1070 156 1105 lem
201 1075 364 1105 statuere
410 1064 561 1102 videtur
601 1066 737 1103 matth.

78 1126 144 1162 Gr.
165 1125 231 1164 Gr.
255 1126 290 1170 ξ.
313 1126 388 1164 631
405 1153 414 1169 ‚
450 1120 476 1160 4
504 1135 592 1172 pag.
618 1125 736 1170 1300,

75 1183 141 1219 vix
161 1182 318 1232 cogitari
337 1179 465 1230 possit.
489 1178 552 1215 Ad
573 1180 737 1216 formam

75 1239 202 1275 aoristi
232 1238 460 1288 asperiorem
487 1235 736 1286 τραφθέντες

78 1295 241 1331 conferri
264 1295 399 1332 volunt
426 1292 600 1331 Eustath.
625 1293 672 1330 ad
693 1294 735 1331 ΙΙ.

76 1364 163 1403 pag.
186 1352 290 1400 519,
311 1349 361 1390 41
385 1363 414 1387 s.
436 1350 536 1396 393,
560 1352 627 1390 29.

288 1441 381 1491 Cap.
400 1439 516 1475 LVII.

131 1515 257 1571 α’ρχήν
293 1534 334 1559 τε
364 1513 520 1569 ου’δαμοὶ
555 1515 729 1569 δοκέων]

73 1577 286 1615 particulae
303 1590 342 1615 τε
361 1576 475 1626 paulo
495 1574 650 1612 inferius
669 1588 732 1610 re—

72 1632 234 1685 spondet
245 1630 287 1673 δὲ
306 1634 347 1669 in
358 1633 479 1669 verbis
497 1626 733 1682 προτερεόν-

73 1706 152 1729 των
193 1688 249 1729 δέ.
305 1690 456 1725 Monuit
493 1686 628 1724 Matth.
664 1688 731 1726 Gr.

73 1749 139 1785 Gr.
168 1747 204 1792 §.
225 1747 304 1786 626
325 1758 414 1797 pag.
442 1746 563 1785 1276.

128 1802 340 1855 περιείχετο
356 1817 393 1840 κ.
409 1816 441 1841 τ.
462 1801 516 1849 λ.]
534 1798 730 1851 Schweig-

72 1858 245 1896 haeuser.
278 1860 318 1895 in
336 1861 434 1895 Lex.
454 1856 597 1894 Herod.
632 1857 731 1894 bene

72 1918 126 1954 sic
156 1917 358 1966 explicuit:
395 1914 608 1966 περιείχετο
634 1910 730 1954 τού-

74 1987 144 2012 του
168 1968 266 2010 ὥστε
303 1967 428 2010 αὐτοῦ
454 1969 644 2021 μένοντας
674 1968 729 2022 μή

73 2028 272 2069 ε’κλιπεῖνε
310 2028 351 2064 id
387 2027 657 2076 amplectebatur
698 2041 728 2064 s.

73 2086 111 2123 id
131 2083 371 2131 contendebat,
403 2086 444 2120 ut
474 2083 525 2120 ibi
554 2086 730 2119 manentes

72 2155 113 2180 ne
139 2142 329 2178 desererent
355 2142 474 2178 aciem.
532 2139 597 2175 Tu
627 2140 729 2176 conf.

71 2200 177 2245 VIII,
206 2200 259 2238 60
280 2198 318 2243 ξ.
344 2200 383 2237 2.
439 2195 607 2233 Verbum
629 2211 732 2246 προ-

72 2259 197 2305 τερεῖν
218 2260 271 2290 est
295 2255 453 2304 praeire,
484 2256 563 2289 ante
583 2252 673 2288 alios
699 2266 728 2291 S.

73 2312 204 2350 relictis
233 2310 318 2348 aliis
344 2308 522 2360 progredi.
571 2309 628 2348 Cf.
659 2310 728 2355 IX,

125 2418 362 2470 καταδόξας]
382 2422 428 2457 Iu
447 2434 524 2458 uno
546 2420 630 2458 cod.
650 2423 729 2458 Pa-

73 2481 186 2518 risino
199 2486 318 2516 exstat
339 2473 464 2529 κοὲρτα
479 2476 594 2524 δόξας
612 2476 728 2530 idque

73 2544 259 2588 praestare
282 2536 482 2572 arbitratur
501 2535 665 2584 Hoeger.
688 2536 728 2571 in

75 2594 174 2632 Actt.
212 2591 320 2644 phill.
359 2593 533 2628 Monace-
571 2592 652 2638 ΙΙΙ,
701 2589 726 2630 4

75 2662 162 2700 pag.
181 2649 276 2692 486.
333 2649 399 2686 Tu
427 2647 502 2685 vid.
524 2646 666 2684 Herod.
694 2648 725 2695 1,

77 2705 142 2747 59.
170 2727 214 2734 —
259 2706 432 2758 Sequens
464 2704 573 2758 ἰθείῃ
612 2702 725 2757 τέχνῃ

77 2762 160 2807 (ubi
175 2763 275 2800 male
295 2761 486 2810 Saum-otti
517 2762 611 2798 liber
630 2760 724 2814 θείῃ

797 909 862 946 pro
902 894 1028 951 ἰθείῃ)
1071 896 1168 932 bene
1209 896 1456 945 Hoogeveeu.

796 953 991 1003 adgviger.
1018 966 1106 1003 pag.
1139 951 1217 992 146
1240 964 1455 1002 exponens:

796 1014 888 1046 recta
907 1014 983 1046 arte
1008 1009 1047 1046 id
1068 1016 1121 1046 est
1137 1022 1204 1045 non
1223 1008 1456 1045 dissimulan-

794 1070 847 1103 ter
867 1070 899 1103 et
914 1067 1056 1116 palam,
1098 1067 1227 1102 locum
1248 1067 1300 1102 ita
1319 1066 1455 1101 Latine

796 1124 999 1173 expressit:
1025 1126 1125 1159 ratus
1146 1136 1180 1159 se
1196 1122 1319 1172 palam
1342 1123 1386 1159 ab
1405 1122 1455 1159 il-

794 1180 839 1216 lis
874 1180 1003 1225 deseri;
1053 1193 1123 1216 nec
1163 1180 1272 1215 aliter
1314 1180 1455 1216 Portus

794 1237 929 1286 ἰθείην
985 1236 1126 1287 τέχνην
1189 1237 1454 1286 interpretatus

793 1300 872 1329 erat
903 1296 1029 1329 rectam
1065 1297 1194 1340 artem,
1236 1297 1394 1342 apertam
1420 1296 1454 1328 ct

793 1363 863 1398 qua
889 1352 965 1398 quis
993 1352 1064 1386 sine
1093 1350 1302 1397 ambagibus
1326 1351 1451 1395 utitur,

791 1406 974 1455 probante
1030 1419 1183 1457 quoque
1233 1403 1453 1454 Schweigh-

792 1463 857 1514 qui
898 1463 1042 1499 confert
1080 1463 1138 1509 11,
1182 1465 1255 1501 161
1285 1462 1351 1499 fin.
1383 1463 1449 1509 111,

796 1521 884 1559 127.
939 1521 1016 1567 IX,
1067 1521 1140 1567 37,
1188 1519 1252 1554 Ubi
1301 1518 1343 1559 ἐκ
1379 1521 1451 1570 τῆς

791 1574 934 1623 ἰθείης.

845 1627 996 1682 βάδην]
1019 1630 1044 1670 i.
1067 1643 1099 1666 e.
1126 1630 1346 1679 pedetentim.
1395 1631 1449 1666 Il-

787 1688 921 1724 lustrat
957 1685 1175 1723 Blomfield.
1206 1687 1246 1722 in
1284 1687 1447 1724 Glossar-

789 1743 838 1780 ad
858 1742 1036 1794 Aeschyl.
1060 1744 1166 1780 Pers.
1200 1745 1263 1783 19.
1307 1747 1448 1791 στῖφος

786 1802 922 1837 Noster
962 1812 1122 1836 manum
1160 1797 1250 1836 dicit
1296 1800 1447 1836 militum

786 1858 908 1894 ordine
949 1858 1211 1907 pugnantiwn,
1257 1856 1445 1906 quemad-

784 1913 946 1951 modum
957 1912 1134 1964 Aeschyl.
1146 1914 1249 1949 Pers.
1268 1915 1332 1952 20.
1348 1915 1444 1961 3¹72,

785 1972 851 2008 ubi
870 1969 1077 2006 Herodotei
1102 1970 1176 2005 loci
1203 1982 1282 2005 non
1302 1970 1442 2005 imme-

783 2040 870 2064 mor
888 2027 959 2063 fuit
979 2024 1196 2062 Bloxnfield.

843 2078 1023 2122 οἷπελθὸν
1043 2078 1137 2120 ὅσον
1159 2095 1197 2119 τε
1228 2078 1321 2118 δέκα
1347 2076 1441 2119 στοί-

786 2139 865 2188 δια]
898 2137 1090 2187 „Adverte
1120 2137 1231 2174 decem
1263 2138 1333 2172 ista
1363 2144 1441 2173 sta-

784 2195 866 2243 dia,
911 2207 1009 2246 quae
1058 2195 1168 2244 culpa
1204 2193 1442 2230 librariorum

785 2253 850 2288 ubi
880 2252 1076 2296 vacarint,
1131 2248 1440 2298 Lacedaemonii,

786 2315 953 2359 oportet,
994 2309 1143 2344 viarum
1202 2306 1442 2357 compendia,

784 2366 975 2402 montium
997 2371 1033 2400 et
1053 2365 1239 2401 clivorum
1252 2364 1440 2400 anfractus

782 2422 962 2472 ingressi,
1003 2421 1264 2471 neglexerint:
1295 2418 1343 2456 ad
1376 2420 1440 2456 in-

784 2480 907 2516 sulam
942 2478 1069 2524 enim,
1108 2478 1277 2523 meroen,
1317 2489 1440 2527 quor-

783 2549 870 2573 sum
893 2536 964 2571 iter
995 2533 1275 2578 destinabatur,
1305 2532 1440 2569 decem

785 2591 969 2628 duntaxat
986 2589 1123 2638 stadia,
1145 2603 1177 2629 e.
1196 2588 1291 2630 50.“
1327 2588 1394 2628 We
1404 2603 1439 2626 s·

783 2648 952 2695 selz'ng.

915 2702 923 2715 Ι
1115 2696 1125 2713 Q
1291 2695 1303 2709 Ι

839 2718 929 2755 περι
970 2715 1150 2751 ποταμον
1185 2700 1435 2750 Μολόεντα]

784 2761 881 2802 Gail.
907 2761 961 2797 Le
979 2756 1162 2811 philolog.
1178 2758 1210 2796 V
1242 2770 1331 2810 pag.
1353 2759 1434 2799 293
