1879 3222
465 184 550 224 258

866 181 1321 221 HERODOTI

435 298 456 334 5
467 289 591 348 νύμῳ
621 292 683 346 τῷ
708 288 888 346 Ἀνδρίῳ
917 289 1058 334 ἐλθών
1087 291 1129 341 ἐς
1158 290 1263 343 ἔριν.
1293 287 1628 344 Λακεδαιμόνιοι
1657 287 1716 340 δὲ,

462 359 675 416 μαθόντες
706 356 789 401 οὐκ
819 358 860 408 ἐς
891 358 1131 414 γυμνικούς
1161 356 1248 401 ἀλλ’
1279 357 1322 408 ἐς
1345 355 1525 412 ἀρηίους
1545 355 1716 411 ἀγῶνας

462 428 603 482 φέρον
645 425 694 469 τό
744 430 986 482 Τισαμενοῦ
1024 425 1254 482 μαντήϊον,
1311 428 1455 481 μισθῷ
1485 425 1716 477 ἐπειρῶντο

464 498 686 545 πείσαντες
735 494 978 550 Τισαμενὸν
1015 494 1240 537 ποιέεσθαι
1276 493 1363 548 ἅμα
1404 490 1717 547 Ἡρακλειδέων

433 568 575 606 6τοῐσι
610 564 832 618 βασιλεῦσι
858 560 1047 617 ἡγεμόνα
1075 565 1162 602 τῶν
1188 559 1396 614 πολέμων.
1434 560 1458 603 ὁ
1490 559 1549 611 δὲ,
1580 557 1717 612 ὁρέων
1731 562 1773 599 15

462 631 558 686 περὶ
589 634 756 674 πολλοῦ
791 629 1074 683 ποιευμένους
1107 627 1384 683 Σπαρτιήτας
1421 629 1551 683 φίλον
1582 624 1717 669 αὐτόν
1774 619 1852 659 709

462 697 752 753 προσθέσθαι,
783 697 941 754 μαθών
969 700 1113 745 τοῦτο,
1142 693 1338 750 ἀνετίμα,
1377 695 1598 750 σημαίνων
1626 705 1717 747 σφι,

464 764 523 816 ὦς
579 764 660 821 ,,ἤν
705 781 779 821 μιν
817 763 1025 820 πολιήτην
1064 762 1275 818 σφέτερον
1327 761 1594 816 ποιήσωνται
1630 764 1719 804 τῶν

462 831 666 886 ,,ποέντων
692 831 1007 887 μεταδιδόντες,
1037 828 1206 884 ποιήσει
1226 833 1380 880 ταῦτα,
1419 827 1479 872 ἐπ’
1508 826 1620 885 ἄλλῳ
1650 844 1720 882 μι-

435 903 596 954 7,,σθῷ
626 897 659 942 δ’
691 899 788 943 οὖ.“
817 901 1094 954 Σπαρτιῆται
1124 897 1183 948 δὲ,
1212 901 1362 954 πρῶτα
1391 897 1471 953 μὲν
1501 893 1720 939 ἅκούσαν-
1753 945 1757 947 4

459 983 529 1018 τες
559 966 680 1010 δεινὰ
710 967 882 1011 ἐποίευν
917 982 962 1010 τε
987 967 1062 1011 καὶ
1090 971 1289 1023 μετίεσαν
1315 968 1391 1021 τῆς
1417 962 1778 1021 χρησμοσύνηςῖΞΟ

406 1166 551 1217 reliqua
563 1171 691 1201 tamen
703 1161 891 1213 pereg1sse
910 1173 1062 1212 genera,

408 1228 450 1258 ut
470 1228 571 1258 certe
584 1222 630 1269 ei,
648 1233 669 1256 a
687 1232 763 1271 quo
788 1225 982 1269 superatus
1003 1231 1064 1253 es-

407 1284 475 1325 set,
509 1277 739 1329 quinquertii
759 1275 959 1312 victoriam
989 1274 1064 1310 eri-

408 1340 528 1385 peret.)
550 1340 615 1371 aut
636 1339 822 1385 quantum
846 1333 883 1367 in
904 1332 986 1382 ipso
1008 1343 1064 1366 es-

391 1397 476 1439 set,
496 1390 651 1427 laudem
672 1390 751 1426 eius
760 1389 963 1425 minueret.
1019 1385 1064 1423 Id

408 1460 564 1499 quoque
579 1445 763 1483 Herodoti
781 1444 1011 1491 testimonio,
1024 1449 1068 1480 ut

409 1503 513 1540 idem
535 1509 688 1549 monet,
710 1502 912 1553 probatur,
941 1501 1069 1537 nemi-

409 1573 512 1608 nem,
531 1561 603 1597 nisi
623 1561 688 1611 qui
710 1561 749 1594 iu
766 1559 942 1595 omnibus
953 1558 1067 1608 quiu-

410 1628 486 1667 que
514 1615 782 1651 certaminibus
812 1613 1067 1650 adversarium

408 1677 630 1722 superasset,
652 1671 836 1707 victorem
856 1670 1068 1720 quinquer—

410 1728 453 1764 tii
480 1740 558 1764 esse
587 1725 773 1763 habitum.
820 1748 855 1753 —
897 1726 940 1761 lu
960 1736 1067 1775 seqq.

410 1796 501 1820 cum
532 1789 692 1820 recenti.
722 1781 898 1818 revocavi
933 1783 1069 1819 Λακε-

411 1834 613 1889 δαιμόνιοι
643 1836 685 1877 δὲ
732 1834 953 1889 μαθόντες,
1002 1836 1068 1872 ubi

410 1897 528 1946 vulgo
557 1890 755 1947 μαθόντες
796 1891 837 1933 δὲ
867 1893 1068 1931 Λακεδαι-

412 1949 549 2003 μόνιοι
561 1965 575 1988 .·
605 1950 707 2003 quod
723 1957 806 2001 post
817 1948 1067 1987 Schaeferum

412 2009 528 2046 etiam
547 2009 702 2045 retinuit
722 2005 857 2044 Matth.

469 2085 679 2140 ἐπειρῶντο
708 2082 945 2135 πείσαντες]
979 2082 1067 2121 vid.

410 2145 481 2192 IX,
502 2143 568 2184 53.
628 2142 739 2189 Quod
759 2143 927 2194 sequitur
947 2140 1067 2190 φίλον

411 2197 668 2253 προσθέσθαι
698 2198 874 2248 (amicam
897 2198 966 2235 sibi
994 2197 1067 2234 ali-

413 2269 511 2308 quem
532 2255 748 2305 adsciscere),
769 2256 1067 2305 iuveniturquo—

412 2327 487 2366 que
507 2314 572 2360 ΙΙΙ,
593 2312 714 2361 74-V,
736 2315 800 2352 66.
823 2314 887 2358 69,
908 2311 973 2347 ubi
994 2311 1066 2346 alia

412 2368 600 2422 quaedam
629 2370 707 2405 iam
747 2368 920 2406 excitavi.
970 2367 1067 2403 Ver-

411 2427 506 2464 bum
526 2421 722 2477 οἷνατιμᾶν
738 2423 785 2461 de
797 2423 1068 2460 mercatoribus

416 2482 502 2529 dici,
524 2483 589 2534 qui
618 2494 792 2519 annonam
823 2480 1012 2518 incendunt
1039 2492 1069 2516 s.

410 2541 563 2588 pretium
605 2541 758 2588 augent,
798 2537 897 2575 bene
925 2536 1070 2573 notavit

417 2593 677 2644 Valckenaer„
699 2596 816 2632 citans
836 2595 950 2631 Dion.
967 2593 1069 2630 Cass.

415 2650 630 2699 XXXVIII,
662 2651 686 2692 5
716 2652 884 2703 itemque
910 2650 1069 2689 verbum

416 2712 621 2756 cognatum
633 2706 830 2758 ἐπιτιμᾶν,
841 2708 946 2744 cuius
958 2719 1070 2744 usum

416 2762 612 2801 illustravit
630 2761 834 2803 Ruhnken.
853 2762 900 2800 ad
916 2763 1069 2801 Timaei

1117 1161 1214 1198 Lex.
1237 1162 1334 1198 Plat.
1353 1174 1393 1211 p.
1415 1158 1506 1207 115,
1527 1159 1588 1196 cui
1609 1157 1678 1196 Cr·
1707 1155 1778 1195 ad-

1119 1216 1173 1254 dit
1203 1220 1342 1255 Zonar.
1372 1218 1467 1253 Lex.
1496 1229 1523 1253 s.
1554 1229 1591 1253 v.
1613 1214 1777 1266 ἐπετίμα

1119 1286 1207 1325 pag.
1229 1277 1323 1316 831.
1340 1295 1395 1301 —-
1424 1273 1516 1308 Mox
1536 1285 1603 1323 pro
1619 1269 1778 1323 ποιήσει

1120 1330 1316 1368 Schaefer.
1338 1337 1373 1366 et
1393 1328 1528 1366 Matth.
1549 1325 1734 1380 ποιήσειν
1754 1341 1776 1364 e

1120 1387 1310 1426 Sancrosti
1338 1387 1448 1423 libro.

1181 1452 1291 1494 δεινοὶ
1302 1452 1477 1503 ἐποίευν]
1490 1453 1679 1491 Revocavi
1688 1450 1776 1500 hoc,

1122 1513 1307 1563 probante
1345 1508 1707 1560 Schweighaeusero
1743 1515 1780 1545 et

1123 1570 1295 1618 Stegero,
1326 1579 1560 1619 quamquam
1576 1565 1623 1603 de
1639 1579 1684 1603 eo
1706 1565 1779 1602 du-

1123 1626 1215 1660 bitat
1235 1637 1368 1661 censor
1389 1623 1590 1673 Lipsiensis
1614 1624 1718 1662 1833
1739 1634 1778 1672 p.

1123 1678 1190 1719 48.
1220 1680 1252 1715 E
1275 1678 1421 1715 duobus
1442 1677 1553 1715 codd.
1583 1676 1778 1715 Schaefer.

1123 1734 1280 1771 dederat
1295 1734 1501 1774 ἐποιεῦντο
1523 1747 1689 1786 eumque
1717 1747 1779 1771 se-

1124 1793 1251 1843 quitur
1270 1790 1485 1828 Bekkerus.

1181 1859 1362 1909 μετίεσαν
1387 1861 1458 1908 τῆς
1483 1852 1778 1910 χρησμοσύνης]

1123 1915 1150 1952 i.
1172 1929 1206 1952 e.
1231 1917 1371 1952 missam
1388 1914 1549 1965 fecerunt
1574 1916 1648 1951 eius
1670 1918 1780 1952 artem

1122 1972 1361 2020 vaticinandi,
1384 1972 1474 2020 sive,
1505 1978 1548 2009 ut
1575 1971 1673 2008 bene
1693 1969 1780 2009 red-

1125 2027 1179 2065 dit
1198 2029 1350 2079 Lange:
1379 2029 1428 2066 sie
1442 2028 1612 2078 schlugen
1629 2028 1703 2065 sich
1724 2028 1781 2066 die

1129 2084 1363 2134 Weissagung
1385 2097 1482 2133 ganz
1500 2098 1566 2122 aus
1589 2085 1665 2122 dem
1675 2084 1780 2122 Sinn.

1121 2140 1208 2179 Vid.
1236 2140 1369 2178 matth.
1399 2143 1464 2179 Gr.
1486 2142 1553 2178 Gr.
1574 2142 1610 2187 §.
1632 2143 1726 2187 332,
1751 2142 1778 2180 7

1125 2210 1213 2248 pag.
1244 2197 1324 2237 640
1345 2204 1382 2233 et
1412 2196 1471 2234 ed.
1492 2198 1587 2234 Brit.
1607 2211 1644 2248 p.
1660 2197 1778 2236 XLV.

1120 2255 1265 2290 Vocem
1285 2249 1563 2305 χρησμοσύνης
1578 2253 1780 2304 Schweig-

1120 2308 1292 2347 haeuser.
1307 2312 1347 2346 in
1366 2311 1461 2350 Lex.
1477 2309 1620 2348 Herod.
1641 2309 1778 2348 eodem

1122 2380 1236 2404 sensu
1265 2380 1340 2418 quo
1372 2365 1624 2418 μαντοσύνην
1659 2368 1777 2417 accipi

1124 2424 1205 2460 vult
1243 2422 1289 2459 de
1319 2428 1395 2462 arte
1429 2437 1472 2461 ac
1505 2437 1640 2462 munere
1662 2425 1775 2471 vatis3

1123 2481 1369 2530 VVesseling„
1386 2480 1446 2518 cui
1461 2480 1606 2518 accedit
1614 2478 1776 2517 Schnei-

1127 2535 1206 2573 der.
1221 2538 1258 2573 in
1279 2538 1375 2574 Lex.
1396 2538 1461 2576 Gr.
1471 2551 1499 2574 s.
1510 2551 1546 2574 v.
1567 2536 1776 2574 desiderium

1125 2591 1163 2630 h.
1185 2594 1211 2630 l.
1242 2594 1400 2643 intelligi
1419 2594 1550 2630 maluit
1570 2605 1691 2644 eoque
1711 2606 1776 2630 re·-

1124 2650 1262 2697 serunt,
1285 2661 1383 2702 quae
1412 2662 1492 2700 cap.
1518 2648 1569 2689 35
1592 2649 1698 2686 initio
1717 2650 1775 2687 le-

1124 2714 1287 2757 guntur:
1335 2707 1580 2757 Σπαρτιῆται
1619 2705 1773 2746 ἐδέοντο

1125 2760 1200 2815 γάρ
1221 2763 1359 2809 δεινῶς
1383 2764 1455 2801 τοῦ
1480 2761 1719 2814 Τισαμενοῦ.
