1996 3238
533 236 565 272 U
597 236 629 272 R
662 235 696 270 A
726 236 760 271 N
788 236 804 270 1
831 236 879 272 Α.
938 235 1066 273 Vlll.
1352 235 1434 276 115

141 346 331 403 δρῆσιν,
376 345 592 399 ἐσβαίνειν
630 343 804 412 ἐκέλίυξ
843 344 885 395 ἐς
914 343 990 394 τὰς
1030 347 1150 399 νῆας.
1207 344 1280 387 καὶ
1311 337 1436 388 οὗτοι
1493 368 1575 410 658

171 416 250 471 μὲν
269 412 322 468 δή
353 411 596 467 ἐσέβαινον,
624 413 698 455 καὶ
728 413 805 468 rjus
834 410 861 468 ἡ
893 410 966 455 εἶπ’
994 414 1376 469 Αίγίνηςτριήρης,
1406 411 1436 469 ἢ

170 480 278 526 stato?
318 478 423 530 τούς
456 481 666 531 Αἰακίδας
712 479 968 537 ἀπεδήμησε.
1034 480 1228 524 ἐνθαῦτα
1268 480 1436 538 ἀνῆγον

1491 520 1604 561 Incipit
1616 527 1745 557 pugna.
1751 520 1767 546 Ι

36 537 104 584 84
170 548 246 599 τοὶς
273 551 380 604 νῆας
402 546 571 600 ἁπάσας
594 551 637 592 οἱ
658 547 875 605 “Έλληνες.
929 548 1253 604 Ἀναγομένοισι
1275 549 1319 592 δέ
1343 562 1435 604 σφι,
1491 555 1675 584 Salaminem
1700 555 1753 588 [in

1492 594 1583 618 eunte
1601 593 1742 616 autumno

169 615 321 660 αὐτίκα
351 616 552 661 ἐπεκέατο
585 619 628 660 οἵ
656 616 887 673 βάρβαοοι.
947 619 992 660 οἱ
1019 617 1098 673 μὲν
1120 615 1172 672 δή
1204 615 1345 658 α’λλοι
1347 616 1434 659 'Ea-
1491 632 1519 651 a
1537 622 1622 663 ΜΗ]
1641 598 1753 649 Varia'e

1492 658 1528 685 de
1561 657 1626 684 eius
1649 656 1736 683 initio

167 689 294 740 ληνες
329 684 399 728 ἐπὶ
427 685 634 741 πρύμνην
665 685 983 739 ἀνεκρούοντο,
1023 684 1097 728 καὶ
1128 683 1320 727 ὤκελλον
1356 684 1690 735 wigssonarrationes

166 755 298 809 νῆας·
326 751 535 811 Ἀμεινίης
566 755 611 798 a}
633 752 901 810 Παλληνευς,
930 752 1042 810 οἷνηρ
1069 752 1308 810 Ἀθηναῖος,
1339 751 1436 803 ἐξα·
1465 787 1469 793 .

110 959 188 999 vid.
213 959 349 999 Matth.
381 963 448 999 Gr.
469 962 536 999 Gr.
559 962 596 1008 ξ.
620 963 713 1009 581,
735 963 772 1002 b.

110 1031 141 1055 s.
161 1031 198 1068 p.
221 1017 324 1058 1153
358 1025 394 1055 et
425 1018 472 1055 de
503 1019 583 1069 ipsa
611 1032 651 1054 re
672 1020 774 1057 conf.

112 1087 210 1126 quae
240 1076 457 1112 notavimus
493 1075 541 1112 ad
576 1075 674 1123 VIII,
707 1074 773 1115 64.

109 1132 281 1169 Verbum
292 1126 457 1183 οἷνοῖγειν
478 1134 585 1183 attigi
605 1131 652 1169 ad
673 1133 772 1181 VIII,

109 1190 164 1228 60
184 1189 221 1234 ξ.
255 1191 291 1227 1.
349 1190 406 1225 De
443 1202 574 1240 pugna
606 1190 774 1227 Salami-

110 1245 176 1281 nia
208 1258 297 1281 cum
317 1247 478 1283 utilitate
513 1247 676 1283 conferri
700 1260 773 1297 po-

110 1303 197 1338 terit
218 1302 330 1338 Gailii
349 1303 478 1340 tabula
508 1311 682 1340 accurate
704 1303 774 1340 de—

110 1358 263 1407 lineata,
283 1361 441 1410 singulis
468 1361 560 1398 locis
581 1367 681 1397 recte
710 1362 774 1396 in-

113 1414 255 1463 dicatis,
277 1416 353 1454 vid.
375 1417 480 1454 Atlas
500 1431 556 1454 nr.
578 1420 645 1458 22.
665 1418 774 1454 Aua-

112 1472 193 1524 lyse
207 1471 273 1510 des
294 1473 420 1511 Cartes
450 1488 488 1525 p.
505 1476 573 1515 26.

286 1563 336 1600 Ca
340 1578 377 1615 p.
389 1564 606 1602 LXXXIV.

169 1639 372 1691 ἐπεκέατο]
395 1644 418 1680 i.
441 1657 474 1681 e.
499 1644 692 1691 instabant,
707 1645 778 1680 im-

108 1701 227 1749 petum
239 1699 439 1750 faciebant,
461 1707 503 1737 ut
523 1701 555 1737 V
557 1702 585 1747 I⁷
607 1700 674 1749 49,
710 1701 777 1737 ubi

113 1755 192 1794 vid.
223 1763 318 1793 nott.
338 1756 439 1797 Add.
456 1758 525 1805 IX,
547 1760 615 1797 22.

171 1812 235 1852 ἐπὶ
264 1811 454 1865 πρύμνην
484 1808 776 1864 ἀνεκρούοντο]

114 1869 141 1905 i.
164 1882 196 1906 e.
213 1872 252 1907 in
267 1873 414 1921 puppim
430 1871 649 1919 remigabant
675 1885 702 1907 s.
720 1884 780 1908 ‘re—

116 1926 282 1962 cedebant
308 1927 409 1978 sacz'e
445 1930 588 1965 navium
624 1927 780 1964 hostibus

117 1982 270 2021 obversa.
293 1985 672 2034 Attigitlocutiouem
692 1985 781 2021 Sui-

117 2037 184 2076 das
207 2052 236 2076 s·
253 2052 289 2077 v.
312 2041 329 2075 I
358 2054 394 2090 p.
417 2042 511 2080 826.
539 2042 592 2076 111
624 2055 660 2091 p.
683 2044 778 2081 219.

115 2096 174 2132 Ac
195 2097 292 2132 bene
313 2097 447 2147 Poppo
479 2096 527 2133 ad
557 2095 779 2148 Thucydid.

115 2153 146 2199 Ι,
163 2153 237 2193 50:
259 2155 446 2200 „recessio
472 2155 578 2190 navis
600 2166 690 2190 cum
710 2153 781 2189 fie—

115 2209 181 2246 bat
209 2222 320 2260 prora
342 2208 442 2246 hosti
457 2211 640 2261 opposita,
662 2217 778 2246 utua-

116 2266 171 2303 vis
187 2267 299 2303 remis
325 2265 580 2315 inhiberetur,
615 2266 655 2304 id
676 2266 781 2303 dice-

117 2323 230 2360 batur
251 2318 513 2375 οἷνοῖκρουσιςς
535 2325 600 2360 ubi
620 2325 780 2361 recessio

120 2392 210 2416 cum
240 2382 436 2417 aversione
465 2382 593 2418 iuncta
613 2387 705 2428 erat,
740 2379 781 2417 id

122 2436 367 2487 appellabant
389 2433 652 2488 ἀναστροφὴν
668 2436 709 2474 id
727 2444 782 2474 est

121 2495 377 2530 reversionem
407 2507 436 2532 s.
473 2492 538 2530 das
571 2492 783 2531 Umkehrt-

121 2548 299 2590 macheu.
358 2552 441 2587 Hoc
488 2549 783 2587 discernendum

125 2607 171 2643 ab
224 2605 449 2661 ἐπιστροφῇ
489 2608 569 2644 sive
614 2607 783 2645 Schwen-

125 2662 266 2712 kung.“
321 2665 404 2701 Hoc
444 2665 548 2700 enim
581 2664 782 2712 faciebant,

128 2720 193 2770 qui
211 2721 345 2757 navale
378 2721 568 2771 proelium
595 2719 784 2758 detrecta-

127 2775 220 2826 bant
258 2783 323 2813 aut
358 2776 594 2816 differebant.
669 2778 785 2814 Plura

129 2833 195 2884 qui
218 2831 423 2884 desiderat,
459 2833 570 2872 adeat
588 2835 787 2872 Hemster-

831 960 915 1000 hus.
937 961 985 999 ad
1005 963 1165 1002 Lucian.
1192 960 1340 1011 Nigrin.
1362 962 1400 1001 8.
1426 960 1492 1009 (Τ.

830 1021 847 1055 Ι
867 1032 954 1070 pag.
977 1022 1056 1060 239
1073 1017 1170 1070 seq.)
1205 1025 1241 1054 et
1262 1018 1423 1055 Bentlei.
1445 1016 1495 1054 ad

830 1079 961 1116 Horat,
982 1075 1108 1126 Epod.
1129 1076 1198 1123 IX,
1222 1077 1299 1115 20:
1326 1087 1423 1125 quae
1436 1081 1496 1111 at-

831 1135 916 1170 tulit
929 1132 1195 1180 Valckenaer„
1219 1132 1285 1183 qui
1299 1130 1401 1182 quod
1416 1133 1497 1167 He·-

830 1189 955 1227 rodoti
985 1192 1025 1226 iu
1051 1191 1135 1226 loco
1158 1187 1223 1228 ἐπὶ
1252 1189 1392 1224 mutari
1412 1188 1496 1225 vult

828 1248 868 1284 in
903 1246 972 1294 ἔτι,
1004 1253 1047 1283 ut
1077 1247 1191 1297 paulo
1221 1253 1306 1296 post
1340 1243 1497 1296 (quam-

831 1316 947 1355 quam
966 1302 1078 1340 huius
1099 1304 1172 1340 loci
1192 1303 1263 1339 alia
1274 1315 1424 1352 prorsus
1434 1313 1498 1338 ra-

831 1361 929 1410 tio),
970 1374 1059 1397 cum
1091 1361 1208 1410 vulgo
1239 1358 1386 1395 dicatur
1418 1374 1495 1408 την

832 1413 1363 1468 πρύμνηνοῖνακοούεσθαις
1391 1414 1496 1467 quod

832 1481 963 1511 tamen
993 1475 1117 1524 ipsum
1141 1487 1161 1509 e
1191 1473 1360 1523 pleniore
1391 1473 1498 1509 locu-

831 1533 936 1568 tione
967 1529 1031 1569 ἐπὶ
1061 1545 1134 1582 την
1172 1525 1365 1581 πρύμνην
1399 1524 1494 1567 οἴνα-

832 1582 1055 1640 κρούεσθινι
1108 1593 1235 1623 ortum
1284 1592 1321 1621 et
1358 1583 1497 1622 decur-

833 1651 956 1681 tatum
996 1643 1087 1681 dicit
1141 1640 1496 1692 Schweighaeuser.

833 1700 1109 1739 Valckenaerio
1132 1701 1356 1751 obloquens.
1397 1699 1498 1744 Quin

835 1757 937 1809 apud
959 1757 1090 1796 Schol.
1115 1755 1296 1808 Thucyd.
1318 1757 1348 1804 I,
1371 1756 1424 1797 50
1444 1757 1499 1793 le-

835 1817 936 1866 gitur
965 1814 1029 1855 ἐπὶ
1057 1812 1132 1865 τήν
1153 1812 1344 1864 πρύμνην
1364 1828 1500 1862 κωπη-

835 1875 978 1911 λατεῐν.
1037 1872 1104 1909 Tu
1131 1870 1210 1910 vid.
1240 1876 1337 1908 nott.
1365 1869 1413 1907 ad
1433 1870 1498 1920 vl,

840 1933 904 1970 12.

892 1983 959 2024 καὶ
984 1980 1156 2022 α’)’κελλον
1179 1979 1251 2030 voig-
1273 1982 1392 2033 νῆας]
1414 1983 1439 2021 i.
1463 1996 1499 2021 e.

832 2044 979 2092 propius
1003 2044 1117 2077 terrae
1136 2040 1368 2077 admovebant
1380 2052 1497 2088 naves,

836 2100 874 2134 in
896 2098 1057 2149 puppim
1077 2096 1392 2146 scil.remigando
1412 2109 1501 2132 ma-

837 2156 892 2205 gis
915 2154 1114 2204 magisque
1137 2158 1258 2188 terrae
1291 2153 1499 2202 appropin-

838 2212 1025 2264 quabant,
1068 2210 1159 2257 sive,
1188 2216 1231 2245 ut
1263 2210 1498 2259 VVesseliug.

837 2267 980 2304 reddit:
1010 2266 1096 2303 litus
1113 2279 1231 2303 versus
1243 2278 1377 2303 cursum
1379 2267 1498 2317 flexe-

835 2329 934 2362 runt.
956 2324 1059 2360 Alias
1082 2322 1254 2362 ὀκέλλειν
1277 2324 1399 2359 valet:
1428 2335 1499 2359 na-

837 2395 893 2419 ves
916 2384 952 2418 in
985 2384 1114 2416 terram
1133 2381 1332 2429 impingere,
1353 2381 1497 2423 «ιιι-εγω

840 2451 915 2490 quo
936 2449 1049 2474 sensu
1069 2437 1204 2473 Noster
1225 2435 1321 2472 dixit
1337 2434 1499 2475 ἐποκέλ-

839 2496 923 2535 λειν
945 2501 981 2530 et
1009 2491 1223 2540 ἐξοκέλλειν
1245 2493 1308 2541 VI,
1333 2494 1395 2533 16.
1420 2493 1499 2542 Vll,

844 2553 921 2591 182
943 2551 1007 2586 ubi
1028 2550 1076 2586 cf.
1097 2556 1193 2586 nott.

893 2603 1090 2657 Ἀμεινίης
1143 2603 1186 2644 δὲ
1232 2602 1499 2656 Παλληνεύς]

837 2663 947 2701 Idem
985 2663 1083 2708 VlH,
1121 2664 1187 2702 93.
1244 2661 1360 2712 Apud
1398 2663 1500 2699 Plut.

839 2719 1091 2758 Themistocl.
1128 2716 1180 2758 14
1209 2717 1276 2755 fin.
1306 2731 1395 2769 pag.
1427 2720 1502 2758 119

840 2779 888 2815 D.
918 2783 1075 2814 vocatur
1103 2770 1300 2825 Ἀμεινίας
1331 2774 1354 2814 ὁ
1380 2779 1503 2813 Δεκε-

841 2830 955 2883 λεῦςε
985 2845 1102 2886 quem
1122 2831 1289 2868 eundem
1322 2830 1502 2883 Aeschyli

1152 2884 1217 2930 8²01·
