1879 3222
523 168 984 207 CALLIOPE.

1042 171 1121 207 IX.
1366 171 1450 211 247

190 275 350 333 ,,ἡμέας
387 276 499 321 εἶναι
536 275 737 326 έστοέναι,
785 277 860 318 καὶ
902 277 992 320 κατ’
1032 278 1247 330 οὕστινας.
1306 277 1448 336 πάντη

164 344 306 399 9,,γάρ
335 343 593 399 τεταγμένοι,
625 343 918 399 πειρησόμεθα
953 343 1061 388 εἶναι
1092 348 1281 402 χρηστοί.
1312 345 1450 401 {5775}-

61 406 126 451 23
184 419 312 466 ,,εσθε
341 413 384 456 δὲ
415 411 473 462 ὠς
506 413 825 468 πεισομένων.“
887 413 940 454 Οἱ
966 413 1044 468 μὲν
1074 418 1210 457 ταῦτα
1241 413 1497 470 ἀμείβου-95

188 497 250 523 το.
305 481 665 534 Λακεδαιμονίων
694 480 739 523 δὲ
769 478 958 535 ἀνέβωσε
989 479 1107 523 ἅπαν
1135 482 1185 524 τὸ
1215 484 1446 536 στρατόπε-

189 549 268 591 δον
294 546 554 602 Ἀθηναίους
582 546 928 602 ἀξιονικοτέρους
957 545 1071 590 εἶναι
1102 548 1210 603 ἔχειν
1240 549 1289 592 τὸ
1316 550 1444 606 κέρας

185 613 292 668 ἥπερ
336 611 564 668 Ἀρκάδας.

635 616 750 659 οὕτω
792 615 843 673 δὴ
883 616 1010 673 ἔσχον
1040 617 1084 659 οἱ
1110 615 1342 673 Ἀθηναῖοι,
1372 619 1445 662 καὶ

185 679 505 738 ’ἰπερεβοὲλοντο
536 684 640 735 τούς
676 683 896 740 Τεγεήτας.

163 756 185 789 2
306 750 430 794 Μετοὶ
460 751 505 794 δὲ
534 756 691 803 ταῦτα,
734 750 966 796 ἐτάσσοντο
998 745 1080 795 ὧδε
1113 751 1158 793 οἵ
1186 749 1446 806 ἐπιφοιτῶν-

185 818 252 867 τές
282 834 325 861 τε
373 820 445 862 καὶ
491 822 534 863 οί
573 818 709 876 ἀρχήν
749 820 951 871 ἐλθόντες
986 816 1222 873 “Ελλὴνων.
1281 820 1329 862 τὸ
1368 820 1447 873 μὲν

184 885 325 937 δεξιόν
354 888 483 941 κέρας
517 887 631 943 εἶχον
660 890 1019 944 Λακεδαιμονίων
1047 885 1222 942 μύριοι·
1268 885 1471 931 τούτων1

183 953 230 994 δὲ
259 953 362 1004 τοὺς
391 959 783 1011 πεντακισχιλίους,
827 956 977 1007 ἐόντας
1006 953 1308 1011 Σπαρτιήτας,
1338 954 1445 1011 ἐφύ-

182 1024 347 1063 λασσον
375 1023 493 1073 ψιλοὶ
524 1027 612 1066 τῶν
643 1025 852 1067 εἱλωτέων
879 1024 1217 1078 πεντακισχίλιοι
1233 1023 1304 1065 καὶ
1326 1033 1445 1076 τρισ-

154 1086 363 1141 Βμύριοι,

432 1091 528 1144 περὶ
587 1089 726 1144 ἄνδρα
776 1093 960 1136 ἕκαστον
1008 1090 1113 1135 {arob
1173 1089 1440 1146 τεταγμένοι.

181 1156 416 1212 προσεχέας
457 1157 502 1201 δέ
532 1169 612 1214 σφι
650 1162 818 1204 εἴλοντο
864 1159 1042 1204 έστοὲναι
1082 1160 1126 1203 οἱ
1164 1162 1472 1215 Σπαρτιῆταιὸ

155 1222 292 1274 4τοὒς
333 1223 566 1280 Τεγεήτας,
604 1228 676 1270 καὶ
704 1232 829 1285 τιμῆς
859 1231 1003 1273 εἵνεκα
1031 1228 1107 1272 καὶ
1135 1223 1302 1282 ἀρετῆς.
1343 1225 1448 1270 τού-

179 1307 267 1333 των
329 1290 376 1334 δ’
427 1289 540 1348 ἦσαν
598 1293 768 1339 ὁπλῖται
817 1298 948 1352 χίλιοι
1001 1295 1075 1339 καὶ
1134 1293 1444 1350 πεντηκόσιοι·

178 1358 284 1414 μετα
315 1360 361 1403 δὲ
389 1361 574 1414 τούτους
603 1365 778 1408 ἵσταντο
809 1365 1069 1420 Κορινθίων
1084 1363 1443 1418 πεντακισχίλιοι·

122 1518 175 1561 ἵν’
204 1518 255 1561 ὃῖν
275 1522 391 1578 δοκέῃ
421 1523 532 1560 scribi
552 1536 661 1574 posse
691 1537 782 1561 con-

119 1580 280 1617 iiciebat.
337 1580 398 1617 Ad
418 1582 539 1630 ipsam
553 1583 782 1617 sententiam

119 1636 183 1672 ille
203 1635 333 1672 laudat
349 1636 543 1674 Plutarch.
564 1638 608 1673 V.
627 1637 779 1675 Aristid.

119 1693 145 1730 l.
165 1693 190 1731 l.
212 1701 249 1730 et
268 1694 301 1728 11
316 1706 352 1743 p.
366 1696 460 1734 208.
477 1693 605 1729 —Ad
617 1707 779 1746 sequens

119 1743 211 1788 κατ’
231 1746 416 1795 οὕστινας
435 1750 537 1786 conf.
560 1751 659 1798 VIII,
681 1750 748 1792 85.

302 1807 393 1856 Cap.
415 1807 592 1848 XXVIII,

176 1857 368 1914 εἷνέβωσε]
411 1863 521 1900 conf.
551 1871 647 1904 nott.
678 1863 726 1901 ad
746 1865 776 1911 Ι,

123 1920 188 1957 11.
218 1920 274 1954 De
294 1931 386 1955 voce
409 1914 698 1972 ἀξιονικότερος
729 1921 778 1958 cf.

120 1980 216 2014 nott.
239 1973 287 2010 ad
316 1976 396 2022 VII,
430 1978 508 2016 187
532 1984 567 2012 e?
589 1976 636 2013 de
657 1978 773 2014 verbo

119 2027 443 2082 ὑπερβάλλεσθαι
491 2040 589 2069 nott.
625 2032 672 2069 ad
712 2035 775 2078 VI,

123 2086 215 2125 140.
281 2088 375 2123 Mox
420 2087 460 2125 οἷ
493 2087 777 2137 ἐπιφοιτῶντες

122 2143 203 2193 (qui
230 2150 315 2192 post
333 2144 491 2181 veniunt
509 2159 539 2182 s.
561 2145 776 2195 accedunt)

120 2206 365 2249 opponuntur
394 2201 459 2248 iis,
491 2203 556 2252 qui
589 2196 715 2252 ἀρχήν
751 2203 776 2240 ἰ.

120 2267 153 2292 e.
172 2255 218 2291 ab
237 2256 345 2293 initio
365 2270 395 2293 s.
412 2257 596 2308 principio
616 2260 693 2294 iam
709 2273 775 2295 ac-

120 2319 326 2350 currerunt.
364 2314 534 2351 Verbum
561 2314 775 2364 ἐπιφοιτᾶν

119 2368 333 2406 invenimus
361 2371 391 2414 1,
412 2371 480 2410 97·

174 2422 419 2474 ἐφύλασσον]
453 2426 688 2464 custodiebant
702 2428 726 2465 i.
740 2441 774 2465 e.

119 2481 355 2519 custodiendi
398 2489 435 2518 et
469 2483 626 2519 curandi
664 2497 776 2521 causa

120 2550 183 2575 eos
206 2539 495 2587 comitabantur,
516 2546 559 2576 ut
581 2540 695 2576 simul
715 2553 778 2577 es-

121 2602 202 2632 sent
237 2596 414 2647 armigeri
453 2603 566 2648 atque
599 2598 774 2635 ministri·

122 2649 183 2687 Ad
208 2665 346 2690 vocem
377 2652 566 2692 εἱλωτέων
597 2653 644 2690 cf.
679 2661 773 2691 nott.

123 2704 171 2743 ad
196 2708 265 2753 IX,
297 2711 361 2749 10.

175 2762 388 2816 προσεχέας
423 2764 466 2806 δέ
500 2777 573 2816 σφι
601 2764 772 2816 εἵλοντο]

837 1524 864 1566 i,
887 1537 917 1563 e.
938 1527 1138 1575 proximum
1173 1524 1282 1562 locum
1332 1522 1498 1572 Tegeatis

839 1582 1037 1618 tribuerunt
1069 1580 1267 1632 Spartani,
1299 1586 1341 1616 ut
1373 1578 1497 1618 reddit

837 1636 1243 1687 Schweighaeuserus,
1276 1637 1355 1673 sive
1376 1636 1496 1686 Spar-

835 1695 915 1731 tani
945 1695 1135 1744 Tegeatas
1169 1693 1241 1730 sibi
1283 1693 1493 1742 elegerunt,

835 1752 899 1802 qui
910 1752 996 1801 ipsis
1009 1751 1173 1801 proximi
1191 1756 1332 1787 starent
1351 1750 1390 1785 in
1400 1750 1495 1791 acie,

834 1808 899 1845 Sic
920 1804 1113 1858 προσεχής
1128 1808 1197 1850 ΙΧ,
1222 1808 1301 1847 102
1322 1807 1407 1843 coll.
1422 1808 1492 1850 111,

832 1867 901 1904 73-
942 1866 1009 1905 89-
1039 1866 1104 1903 91.
1147 1866 1220 1909 92,
1280 1863 1346 1898 ubi
1367 1863 1492 1912 finiti—-

831 1922 1139 1969 mum‚proximum
1155 1918 1307 1958 iudicat.
1321 1940 1371 1946 ——-
1387 1919 1492 1963 Quae

832 1983 1069 2028 sequuntur:
1110 1974 1178 2014 καὶ
1215 1978 1330 2026 τιμῆς
1361 1974 1492 2014 εἵνεκα

829 2032 898 2072 καὶ
925 2028 1089 2084 ἀρετῆς,
1117 2030 1253 2069 Matth.
1275 2033 1340 2068 Gr.
1366 2033 1431 2068 Gr.
1454 2033 1491 2077 ξ.

834 2088 915 2128 576
936 2102 975 2137 p.
998 2091 1105 2128 1137
1127 2089 1249 2136 attigit
1275 2088 1488 2137 explicans:

833 2143 973 2180 honoris
991 2157 1100 2180 causa
1111 2147 1142 2180 et
1154 2147 1296 2193 propter
1309 2145 1488 2182 virtutem.

833 2201 1035 2237 Probabile
1056 2207 1110 2236 est
1131 2201 1254 2249 priora
1273 2198 1335 2235 hic
1357 2201 1490 2250 respici

833 2258 1053 2307 Tegeatum
1071 2264 1106 2293 et
1118 2257 1394 2307 Spartanorum
1405 2270 1489 2294 cer-

829 2316 985 2361 tamina,
1007 2315 1046 2349 in
1067 2314 1202 2365 quibus
1222 2313 1305 2349 illos
1315 2314 1489 2363 superio-

829 2383 888 2407 res
918 2371 1031 2407 fuisse
1057 2378 1183 2406 narrat
1211 2368 1352 2407 Herod.
1381 2371 1410 2418 Ι,
1433 2369 1486 2411 65

830 2427 915 2464 coll.
931 2428 1000 2475 IX,
1022 2429 1074 2467 26
1095 2427 1162 2464 fin.

886 2480 1040 2522 τούτων
1069 2479 1107 2522 δ’
1142 2476 1248 2534 ἦσαν
1271 2479 1423 2521 ὁπλῖται
1443 2496 1480 2520 κ.

829 2553 864 2579 τ.
891 2540 942 2588 λ.]
969 2540 1091 2585 Quam
1110 2537 1324 2575 Herodotus
1344 2536 1405 2576 hic
1421 2551 1484 2574 re·-

831 2598 1050 2633 censionem
1071 2595 1134 2633 dat
1155 2596 1396 2646 populorum,
1417 2595 1482 2646 qui

830 2652 878 2689 ad
917 2654 1089 2689 Plataeas
1130 2652 1403 2703 pugnaverint,
1439 2664 1483 2688 ea

828 2721 907 2745 uon
929 2721 1077 2759 prorsus
1094 2709 1367 2747 convenitcum
1379 2709 1482 2744 Pau-

829 2778 908 2804 sau.
930 2766 975 2814 V,
996 2768 1050 2807 23
1080 2767 1115 2812 ξ.
1143 2769 1179 2815 1,
1199 2766 1264 2803 ubi
1295 2766 1480 2817 gentium,

1500 411 1548 439 Re
1565 411 1603 439 ml
1615 411 1777 447 Spartano-

1505 453 1568 472 rum
1587 446 1745 473 arbitrium

1502 481 1627 513 reiecta‚
1659 479 1777 514 'regua-

1502 517 1552 539 tae
1561 513 1777 542 causacadunt.

1505 546 1589 573 Acies
1607 547 1778 581 quom-dine

1501 579 1658 609 instructa.
1688 580 1776 608 Athe-

1504 614 1653 641 ιιίοιιείιιιιι
1672 612 1728 641 dux
1740 615 1776 641 Α-

1504 646 1624 675 ῐίιιῑίἀεῠ
1644 647 1683 683 [8.
1708 648 1776 683 19].
