1996 3238
498 294 554 331 20
900 288 1362 325 HERODOTI

169 397 255 424 τῗθην,
275 397 410 426 Υἶοθοι-ἰη

170 435 239 458 tunc
247 440 338 466 penes
347 432 438 460 Grae-

169 473 229 493 cos.

501 397 714 452 ἐπέλαμψε
745 395 930 452 ἀτρέμας
958 412 1002 441 τε
1034 395 1150 452 εἶχον
1179 396 1254 447 τὰς
1283 395 1408 448 νέας,
1448 397 1521 439 καί
1551 406 1628 451 σφι
1658 393 1760 438 ἀπε-

499 465 643 521 χρὲετο
680 468 824 515 κακῶς
862 464 1107 520 πρήσσουσι
1139 463 1321 520 ἡσυχίην
1352 464 1471 519 ἄγειν
1519 464 1564 506 ἐν
1593 467 1652 519 τῷ
1681 479 1760 504 πα-

472 531 666 584 Ξρεόντι.
725 537 838 575 τοῖσι
868 533 1108 587 δὲ”Ελλησι
1139 531 1386 587 ἐπεβώθεον
1422 531 1512 581 νέες
1541 536 1657 582 τρεῖς
1687 529 1760 572 καὶ
1773 535 1815 570 85

500 597 769 654 πεντήκοντα
792 598 986 643 Ἀττικαί.
1046 594 1173 642 αὗταί
1201 615 1244 642 τε
1275 597 1327 654 δή
1358 609 1493 653 σφεας
1513 599 1761 653 ἔπε’ῤῥωσαν

502 666 775 723 ἀπικόμεναι,
805 669 875 710 καὶ
909 666 996 722 ἅμα
1027 666 1198 722 ἀγγελίη
1229 668 1434 717 ἐλθοῦσα,
1466 664 1525 715 ὥς
1547 671 1634 708 τῶν
1653 668 1761 720 βαρ-

503 735 651 790 βάρων
694 737 737 777 οἱ
771 733 1088 787 περιπλώοντες
1128 732 1208 789 τὴν
1239 731 1438 787 Εὔβοιαν
1475 732 1631 783 πάντες
1667 735 1760 788 εἴη-

474 809 593 845 3σαν
623 801 938 857 διεφθαρμένοι
956 800 1044 845 ὑπὸ
1069 806 1148 844 τοῦ
1167 801 1405 856 γενομένου
1426 804 1644 856 χειμῶνος.
1676 816 1763 855 φυ-

504 869 706 921 λάξαντες
750 868 802 924 δὴ
843 871 924 925 τήν
954 866 1092 924 αὐτήν
1121 868 1266 923 ὤρην,
1304 866 1518 918 πλεόοντες
1557 867 1819 910 ἐπέπεσον90

504 937 632 991 νηυσὶ
666 938 918 993 Κιλίσσῃσι·
948 935 1107 985 ταύτας
1139 936 1184 978 δὲ
1218 937 1573 991 διαφθείραντες,
1605 935 1663 986 ὠς
1694 934 1763 978 εὐ-

507 1003 652 1059 φρόνη
683 1004 861 1058 ἐγένετο,
891 1003 1123 1046 ἀπέπλωον
1153 1001 1290 1046 ὀπίσω
1320 1004 1386 1046 ἐπὶ
1416 1002 1463 1047 τὸ
1490 1002 1761 1058 Ἀρτεμίσιον.

622 1073 753 1127 Τρίτῃ
775 1073 819 1115 δὲ
840 1071 991 1128 ἡμέρῃ,
1025 1070 1171 1114 δεινόν
1193 1088 1234 1113 τι
1263 1070 1547 1126 ποιησάμενοι
1577 1073 1620 1114 οἱ
1641 1084 1766 1124 στρα-

504 1139 630 1195 τηγοὶ
657 1143 746 1182 τῶν
775 1139 1013 1195 βαρβάρων
1041 1138 1142 1189 νέας
1173 1138 1288 1182 οὕτω
1327 1150 1406 1193 σφι
1435 1137 1584 1193 ὀλίγας
1611 1139 1765 1194 λυμαί-

505 1213 680 1256 νεσθαι,
721 1209 794 1251 καὶ
821 1209 869 1251 τό
902 1206 986 1250 ἀπὸ
1018 1207 1183 1261 Ξέρξεω
1213 1208 1524 1263 δειμαίνοντες,
1554 1204 1636 1248 οὐκ
1666 1205 1818 1248 ‹ive-95
1960 1257 1964 1272 Ι

506 1293 659 1332 μειναν
689 1275 750 1319 ἔτι
779 1274 1110 1331 τούς”Ελληνας
1140 1273 1276 1331 μάχης
1308 1274 1455 1330 ἄρξαι·
1495 1273 1600 1318 ἀλλά
1630 1290 1765 1330 παρα·
1822 1278 1902 1317 626

383 1074 446 1119 15

450 1468 734 1523 ἕπε’λαμψε]Α(1
745 1483 857 1507 usum
868 1471 970 1508 vocis
991 1467 1113 1522 ἀσμέ-

451 1541 559 1567 νοισι
570 1529 670 1564 conf.
684 1528 781 1573 VIII,
799 1530 849 1568 18
862 1529 942 1564 init.
965 1535 1001 1565 et
1013 1541 1110 1579 quae

452 1584 500 1620 ad
521 1583 713 1621 Plutarch.
734 1583 974 1635 Philopoem.
996 1598 1032 1635 p.
1056 1587 1109 1625 20

452 1641 672 1689 attulimus3
723 1641 857 1691 quibus
886 1654 988 1677 nunc
1019 1639 1107 1679 add.

450 1698 582 1734 Bremi
614 1699 654 1733 in
689 1698 847 1736 Excurs.
874 1699 931 1734 XI
954 1696 1002 1733 ad
1028 1699 1109 1748 Ly-

450 1755 545 1790 siam
566 1767 603 1804 p.
624 1752 705 1792 449
723 1766 828 1805 seqq.
867 1753 929 1790 Ad
949 1755 1110 1791 verbum

422 1806 425 1809 ⁵
450 1809 653 1861 ἐπέλαμψε
692 1811 792 1847 conf.
823 1817 917 1847 nott.
951 1809 1000 1847 ad
1029 1811 1110 1858 V11,

512 1917 679 1972 ἀτρέμας
698 1935 738 1959 τε
774 1916 879 1972 εἶχον
908 1918 978 1968 τάς
994 1919 1105 1972 νέας]

451 1979 606 2015 Retinui
645 1973 836 2029 ἀτρέμας,
886 1980 991 2015 cuius
1023 1980 1107 2015 loco

451 2036 577 2085 plures
599 2033 709 2073 codd.
732 2029 892 2086 ἀτρέμα.
934 2034 1013 2072 Sed
1033 2034 1110 2072 vid.

453 2092 553 2138 VIII,
579 2092 641 2129 16.
671 2091 716 2135 V,
741 2092 806 2129 19.
863 2091 925 2127 Ad
946 2087 1110 2141 ἀπεχρὲ-

455 2161 516 2186 ετο
541 2146 643 2183 conf.
678 2145 810 2182 Matth.
844 2148 911 2186 Gr.
938 2149 1002 2186 Gr.
1025 2161 1114 2198 pflg-

453 2203 550 2249 497,
583 2209 619 2238 et
648 2209 743 2238 nott.
765 2202 813 2238 ad
842 2204 872 2250 Ι,
898 2206 990 2243 102.
1018 2206 1114 2240 For-

454 2272 561 2296 mam
582 2254 811 2309 ἐπεβιόθεον
829 2258 877 2296 ad
891 2260 988 2308 VIII,
1007 2263 1025 2299 1
1041 2273 1115 2297 110-

452 2317 631 2353 tavimus.

513 2367 758 2421 φυλάξαντες
794 2367 844 2421 δή
879 2367 953 2420 τήν
986 2367 1113 2422 αὕτήν

457 2423 584 2479 ὥρην]
618 2425 728 2471 Quod
750 2440 770 2463 e
790 2429 1010 2464 Florentino
1036 2441 1112 2464 nu-

455 2498 523 2534 per
550 2490 746 2533 receptum
781 2490 836 2520 est
872 2481 913 2522 δὲ
941 2497 1010 2534 pro
1047 2481 1111 2532 δὴ,

453 2541 574 2576 malui
600 2538 778 2591 equidem
798 2553 886 2577 cum
905 2539 1039 2576 Matth.
1077 2547 1113 2577 et

455 2595 635 2632 Bekkero
656 2597 816 2632 retinere
828 2594 890 2646 δή,
904 2596 1007 2648 quod
1023 2595 1111 2634 huic

454 2654 540 2690 loco
575 2652 710 2688 melius
741 2654 942 2690 convenire
983 2653 1109 2690 credo.

454 2709 624 2746 Verbum
663 2706 874 2756 φυλάττειν
921 2711 1026 2759 attigi
1063 2709 1111 2746 ad

457 2766 556 2811 VIII,
578 2766 603 2804 9
633 2762 706 2815 τήν
738 2763 863 2816 αὐτήν
893 2762 1001 2816 ὥρην
1021 2779 1110 2803 cum

456 2819 646 2858 Lai-chero
677 2827 714 2857 et
748 2821 1109 2873 Schweighaeusero

456 2878 504 2914 de
525 2878 639 2916 eodem
655 2877 728 2916 diez·
744 2882 889 2931 tempore
902 2892 978 2932 quo
991 2880 1109 2930 pridie

1169 1472 1326 1521 accipio.
1355 1473 1455 1509 Nam
1469 1471 1719 1522 respiciuntur
1737 1483 1823 1507 ver-

1167 1528 1215 1564 ba
1234 1529 1332 1576 VIII,
1354 1531 1403 1569 9:
1435 1529 1568 1578 δείλην
1599 1522 1724 1578 ὀψίην
1762 1542 1822 1579 γι-

1165 1583 1341 1635 νομένην
1379 1588 1450 1636 τῆς
1499 1583 1651 1637 ἡμέρης
1692 1579 1822 1634 φυλά-

1166 1642 1313 1688 ξαντες.

1389 1729 1483 1781 Cap.
1503 1730 1588 1768 XV.

1223 1804 1355 1848 δεινόν
1373 1824 1409 1848 τι
1428 1805 1710 1859 ποιησάμενοι]
1745 1810 1821 1846 Pro

1165 1879 1202 1903 τι
1224 1867 1343 1905 Koen.
1368 1867 1529 1902 coniecit
1548 1879 1608 1913 τε,
1627 1867 1823 1916 probante

1162 1921 1449 1959 Valckenaerio.
1501 1924 1558 1958 De
1595 1924 1675 1972 ipsa
1716 1923 1824 1959 Iocu-

1164 1979 1268 2014 tioue
1289 1979 1390 2015 conf.
1413 1981 1488 2016 citt.
1512 1977 1557 2015 ad
1570 1980 1650 2025 VII,
1672 1979 1737 2020 35.
1759 1980 1824 2015 Iu-

1165 2035 1222 2071 sra
1242 2036 1340 2082 VIII,
1366 2037 1437 2074 16:
1471 2032 1604 2073 δεινόν
1632 2033 1705 2087 γάρ
1725 2037 1823 2086 χρῆ-

1169 2106 1222 2142 μα
1240 2091 1460 2130 ἐποιεῦντο.
1497 2090 1560 2127 Ad
1580 2093 1695 2128 verba
1714 2105 1822 2144 seqq.

1169 2146 1261 2193 νέας
1285 2144 1387 2187 οὕτω
1412 2159 1484 2196 σφι
1503 2146 1627 2196 (cuius
1647 2149 1731 2185 Ioco
1745 2148 1820 2185 dno

1169 2202 1282 2241 codd.
1304 2201 1444 2252 σφέας)
1473 2224 1529 2230 —
1556 2204 1822 2254 λυμαίνεσθαι

1169 2259 1270 2298 conf.
1290 2257 1425 2295 Matth.
1448 2260 1512 2295 Gr.
1530 2260 1596 2296 Gr.
1626 2262 1662 2306 ξ.
1682 2263 1759 2301 391
1784 2275 1821 2312 p.

1169 2318 1264 2356 718.
1322 2316 1601 2366 VVesselingius
1640 2316 1688 2353 de
1717 2318 1822 2355 verbi

1167 2371 1431 2421 λυμαίνεσθαι
1490 2379 1677 2410 structura
1733 2387 1822 2411 cum

1167 2435 1328 2480 utroque
1358 2441 1445 2465 casu
1466 2431 1692 2466 excitaverat
1723 2432 1823 2468 Gro-

1166 2497 1255 2521 nov.
1278 2484 1325 2521 ad
1346 2485 1488 2522 Herod.
1507 2487 1571 2531 III,
1592 2489 1654 2526 16.
1674 2487 1820 2524 Albert.

1168 2540 1216 2577 acl
1244 2542 1328 2579 Act.
1350 2542 1516 2592 Apostol.
1539 2543 1636 2589 VIII,
1658 2546 1696 2583 3.
1755 2545 1820 2581 Tu

1167 2596 1244 2635 vid.
1265 2599 1379 2634 etiam
1403 2597 1539 2634 Herod.
1570 2599 1668 2647 VIII,
1693 2601 1763 2642 28,

1223 2653 1290 2692 καὶ
1319 2651 1363 2693 τό
1401 2650 1482 2693 ἀπό
1525 2653 1692 2704 Ξέρξεω]
1740 2657 1819 2696 scii.

1164 2707 1380 2761 γενόμενον
1399 2712 1459 2747 vel
1479 2712 1600 2747 simile
1611 2711 1722 2762 quid;
1743 2726 1820 2764 quo

1166 2768 1304 2803 Xerxis
1325 2768 1551 2818 supplicium
1572 2781 1600 2804 s.
1615 2770 1680 2815 ira,
1703 2782 1818 2819 quam

1163 2824 1233 2860 sibi
1254 2825 1448 2871 timebant,
1469 2825 1614 2861 occulte
1633 2826 1820 2875 significa-

1163 2886 1236 2916 tur.
1301 2880 1411 2918 Conf.
1440 2879 1602 2919 Fischer.
1629 2881 1676 2919 ad
1703 2883 1817 2919 We!-
