1879 3222
588 177 1051 219 CALLIOPE.
1108 182 1189 221 IX.
1407 182 1495 224 351

232 286 422 342 νόμενοι,
451 286 660 343 ἐμάχοντο
680 291 795 330 τοῖσι
815 290 897 332 αιέὶ
928 290 970 341 ἐς
997 293 1046 335 τὸ
1076 296 1213 349 τεῖχος
1241 291 1495 337 ἐσπίπτουσι

229 354 456 412 Ἑλλήνων.
513 355 586 396 καὶ
624 358 713 398 τῶν
745 361 996 413 στρατηγῶν
1033 363 1121 403 τῶν
1153 364 1384 414 Περσικῶν
1413 360 1552 405 δύοὲὃ

204 424 312 478 ὃμὲν
348 423 674 478 ἀποφεύγουσι,
727 424 809 468 δύο
851 425 897 469 δὲ
935 431 1175 472 τελευτῶσι.
1235 427 1497 486 Ἀρταΰντης

231 493 310 546 μὲν
348 491 419 534 καὶ
454 488 719 547 Ἰθαμίτρης,
774 484 867 537 τοῦΙ
896 500 1107 539 ναυτικοῦ
1146 497 1494 553 στρατηγέοντες,

234 557 559 614 ἀποφεύγουσι·
592 560 858 617 Μαρδόντης
888 562 934 605 δὲ
963 563 1035 605 καὶ
1065 563 1089 607 ὁ
1120 572 1201 607 τοῦ
1215 568 1347 616 πεζοῦ
1365 577 1496 620 στρα-

64 623 163 669 103
228 627 354 684 τηγός
381 627 599 683 Τιγράνης
629 627 867 684 μαχόμενοι
891 633 1131 673 τελευτῶσι.
1180 630 1272 674 Ἔτι
1286 632 1332 675 δὲ
1361 650 1489 689 μαχο-
1547 657 1625 693 Qum
1658 657 1746 686 nme„
1787 657 1828 685 aa

226 696 370 751 μένων
408 699 496 738 τῶν
534 697 763 751 Περσέων,
804 697 1015 741 ἀπίκοντο
1045 697 1389 754 Λακεδαιμόνιοι
1416 702 1547 744 καὶ30

198 765 267 806 Ξοί
296 762 390 819 μετ’
424 762 594 816 αὐτῶν,
633 766 706 808 καὶ
734 765 786 808 τοὶ
814 766 943 809 λοιποὶ
975 767 1321 821 συνδιεχείριζον.
1369 767 1492 812 Ἔπε-

225 843 306 874 σον
340 833 384 875 δὲ
425 833 498 875 καὶ
542 832 686 875 αὐτῶν
721 838 809 876 τῶν
840 833 1056 889 Ἑλλήνων
1097 835 1246 890 συχνοὶ
1275 835 1494 880 ἐνθαῦτα·

226 901 348 943 ἄλλοι
378 917 443 952 τε,
483 902 556 944 καὶ
598 904 869 951 Σικυώνιοι,
897 903 970 946 καὶ
1001 902 1239 959 στρατηγός
1268 905 1496 958 Περίλεως.

196 975 218 1008 3
237 973 334 1011 Τῶν
365 969 410 1012 δὲ
430 971 613 1023 Σαμίων
645 972 688 1013 οἱ
717 973 1078 1026 στρατευόμενοι,
1110 971 1254 1022 ἐόντες
1284 988 1328 1015 τε
1359 972 1405 1015 ἐν
1434 976 1497 1028 τῷ

225 1037 496 1095 στρατοπέδῳ
514 1042 574 1095 τῷ
599 1040 787 1095 Μηδικῷ
810 1040 882 1083 καὶ
912 1039 1261 1095 ἀπαραιρημένοι
1288 1039 1341 1082 τά
1371 1040 1551 1089 ὅπλα,35

225 1105 284 1157 (ὃς
321 1104 440 1149 εἶδον
479 1104 635 1150 αὐτίκα
680 1107 773 1150 κατ’
819 1106 953 1164 ἀρχάς
990 1109 1224 1166 γινομένην
1264 1108 1493 1163 ἑτεραλκέα

224 1176 302 1232 τὴν
331 1175 489 1232 μάχην,
521 1175 653 1228 ἕρδον
684 1175 790 1219 ὅσον
821 1177 1047 1230 ἐδυνέατο,
1090 1177 1416 1233 προσωφελέειν
1445 1179 1488 1223 ἐ-
1544 1192 1627 1231 739

194 1245 428 1295 4θέλοντες
456 1249 568 1287 τοῖσι
586 1243 773 1300 Ἕλλησι.
832 1247 1032 1300 Σαμίους
1069 1247 1115 1290 δὲ
1153 1246 1320 1298 ἰδόντες
1349 1248 1395 1290 οἱ
1422 1246 1494 1291 ἅλ-

222 1316 293 1355 λοι
311 1311 456 1363 Ἴωνες
487 1311 711 1367 ἄρξαντας,
744 1313 856 1356 οὕτω
888 1314 940 1369 δή
972 1315 1043 1356 καὶ
1076 1312 1204 1357 αὐτοὶ
1226 1313 1492 1366 ἀποστάντες

53 1378 154 1424 104
223 1377 309 1424 ἀπὸ
340 1380 547 1434 Περσέων
576 1381 780 1425 ἐπέθεντο
811 1388 923 1425 τοῖσι
951 1381 1214 1438 βαρβάροισι
1232 1383 1633 1438 Μιλησίοισι4οξοιιίει
1669 1398 1690 1419 a
1723 1389 1825 1418 Persis

1545 1428 1655 1453 nerum
1673 1425 1824 1454 desciscit.

218 1449 264 1492 δὲ
293 1450 608 1504 προσετέτακτο
641 1451 721 1506 μὲν
748 1454 835 1494 τῶν
866 1453 1072 1505 Περσέων
1108 1451 1184 1502 τας
1214 1448 1394 1502 διόδους
1422 1467 1491 1508 τη-

216 1639 454 1696 Ἀρταΰντης
482 1643 554 1696 μὲν
581 1644 650 1685 καὶ
675 1641 828 1698 Ἰθαμί-

159 1703 270 1755 τρης]
305 1703 415 1740 Conf.
438 1704 547 1751 VIII,
583 1706 662 1744 130
695 1705 826 1755 ibique

159 1766 257 1797 nott.
312 1761 370 1796 De
402 1759 603 1798 Mardonta
630 1759 708 1799 vid.
738 1762 826 1806 VII,

161 1817 228 1856 80.
269 1819 380 1865 VIII,
427 1821 526 1865 1303
572 1817 619 1855 de
665 1817 825 1867 Tigrane

160 1873 250 1921 vll,
283 1876 348 1913 62.
378 1875 460 1922 IX,
501 1876 568 1914 96.
627 1875 660 1910 Α
683 1882 825 1912 venatu

161 1927 234 1966 hoc
265 1944 408 1967 nomen
445 1932 564 1981 repeti
588 1945 697 1982 posse
727 1933 824 1968 arbi-

162 1992 282 2023 tratur
327 1989 428 2024 Pott.
465 1988 687 2038 Etymolog.
727 1990 824 2025 For-

158 2042 347 2093 schuugg,
375 2056 462 2094 pag.
472 2045 610 2091 XLIII,
633 2046 699 2096 qui
720 2044 824 2082 idem

158 2113 247 2151 pag.
286 2102 477 2145 XXXVI,
527 2114 664 2138 vocem
700 2104 824 2153 Μαρ-

159 2153 305 2208 δόντης
329 2171 418 2194 cum
437 2157 517 2194 aliis
539 2159 724 2195 similibus
745 2154 822 2210 (A-

159 2210 378 2266 ριόμαρδος
413 2216 506 2262 VII,
537 2216 613 2262 78,
646 2212 820 2268 Μαρδό-

158 2286 246 2318 νιος
279 2272 370 2317 Vll,
407 2272 478 2320 82)
518 2280 736 2322 comparat,
776 2274 817 2309 in

160 2329 296 2378 quibus
319 2329 387 2366 viri
402 2328 513 2379 fortis
526 2341 569 2365 ac
596 2332 730 2368 strenui
743 2343 818 2367 no-

158 2386 211 2422 tio
232 2385 364 2423 subsit.

377 2475 469 2527 Cap.
501 2475 600 2513 CIII.

218 2550 541 2607 ἀπαραιρημένοι
587 2552 635 2595 τά
682 2552 817 2607 ὅπλα]

161 2611 307 2649 Eadem
335 2613 477 2650 locutio
515 2614 590 2660 IX,
631 2614 697 2654 99.
757 2613 820 2650 Ad

164 2665 252 2707 κατ’
274 2665 397 2720 ἀρχάς
419 2669 520 2709 cous.
541 2671 609 2706 VII
626 2700 635 2718 ‚
667 2671 733 2712 88.

218 2724 421 2776 ἑτεραλκέα
446 2724 520 2777 τήν
549 2724 707 2777 μάχην]
747 2727 819 2774 „In

161 2781 308 2820 alteram
317 2787 453 2836 partem
465 2783 702 2834 inclinantem,
726 2797 774 2838 qu
780 2798 818 2822 a-

882 1647 926 1683 lis
943 1643 1067 1697 ’Ἀρης
1091 1642 1302 1697 ἕτεραλκής
1321 1645 1402 1683 sive
1427 1661 1543 1686 νικο-

883 1699 1037 1755 φόρος,
1091 1704 1147 1739 uti
1183 1701 1328 1739 scholia
1361 1703 1544 1756 Aeschyli

881 1761 984 1798 Pers.
1013 1760 1108 1802 956.
1161 1758 1248 1797 Vid.
1271 1758 1456 1798 Valcken.
1492 1759 1542 1798 ad

881 1818 989 1865 VIII,
1033 1817 1124 1857 11.“
1162 1816 1390 1854 I‘Vesselz'n
1406 1830 1445 1867 g.
1480 1817 1543 1855 Ad

879 1875 1045 1911 formam
1077 1872 1287 1921 ἐδυνέατο,
1338 1886 1456 1925 quam
1502 1875 1544 1911 in

880 1927 1085 1983 ’ἠδύναντο
1120 1938 1309 1967 mutatam
1342 1931 1425 1967 vult
1456 1932 1548 1968 Ste-

880 2000 992 2039 gerus
1016 1985 1242 2041 (Ephemer.
1270 1988 1418 2024 lenens.
1443 1989 1549 2029 1828

879 2058 970 2095 pag.
1000 2045 1076 2092 47,
1108 2045 1174 2081 ubi
1211 2045 1350 2080 excitat
1388 2046 1431 2091 Ι,
1480 2047 1547 2085 10.

878 2102 951 2147 1V,
976 2104 1065 2141 110.
1095 2102 1164 2148 IX,
1184 2101 1273 2150 70.)
1290 2100 1392 2138 conf.
1407 2099 1547 2139 Matth.

880 2159 945 2197 Gr.
970 2159 1034 2194 Gr.
1070 2158 1106 2203 §.
1127 2156 1233 2204 204,
1266 2160 1292 2198 7
1331 2170 1421 2208 pag.
1446 2159 1540 2205 378,

879 2216 945 2268 qui
963 2214 1066 2251 idem
1092 2216 1130 2260 ξ.
1153 2215 1231 2253 391
1260 2227 1349 2264 pag.
1374 2217 1456 2256 718
1490 2213 1538 2251 ad

873 2279 1103 2309 structuram
1121 2270 1227 2309 verbi
1244 2270 1539 2322 προσωφελέειν

874 2342 965 2367 cum
986 2328 1113 2367 datiVo
1138 2328 1369 2366 conferatur.

1095 2419 1188 2470 Cap.
1216 2418 1314 2456 CIV.

929 2497 1209 2552 προσετέτακτο
1231 2494 1304 2549 μὲν
1323 2498 1404 2537 ταῖν
1427 2499 1535 2551 Περ-

877 2554 978 2595 σέων
998 2571 1034 2595 κ.
1056 2571 1089 2594 τ.
1112 2554 1164 2606 λ.]
1188 2555 1244 2592 Ob
1272 2554 1389 2592 verba
1409 2556 1535 2592 Hero-

877 2613 955 2650 doti
974 2614 1052 2661 IX,
1084 2614 1158 2651 99:
1193 2609 1263 2657 τάς
1289 2607 1452 2659 διόδους
1477 2633 1535 2640 ——

875 2664 1171 2721 προστάσσουσι
1193 2671 1293 2707 τοῖσι
1317 2668 1534 2719 Μιλησίοι-

876 2740 915 2766 σι
934 2722 1153 2775 φυλάσσειν
1167 2755 1177 2774 ,
1199 2724 1356 2763 haerent
1372 2723 1412 2764 h.
1438 2726 1467 2763 I.
1488 2726 1531 2762 iu

874 2784 1042 2835 genitivo
1072 2785 1153 2823 τῶν
1173 2780 1386 2837 Περσέων,
1415 2783 1468 2820 ita
1488 2789 1530 2820 ut

1549 692 1664 720 cladem
1688 699 1792 720 eorum

1548 725 1719 760 augendam
1757 733 1827 754 con-

1547 760 1684 789 tulerint.
