1879 3222
0 3071 16 3222 W·-

0 2151 20 3080 WV‘
0 2119 1 2144 ⁴⁴⁴

482 210 940 249 CALLIOPE.

997 211 1012 245 1
1025 209 1076 246 X.
1318 207 1404 248 275

150 324 333 384 λη’λοιτο,
362 320 434 365 καὶ
463 317 619 375 ἡσυχίη
647 316 790 361 ἐδόκεε
820 316 932 360 εἶναι
964 334 1049 361 ανα
1093 317 1147 360 τὰ
1174 315 1403 374 στρατόπε-

152 395 231 444 δα,
261 391 332 435 καὶ
359 387 545 444 μάλιστα
576 388 620 431 οἱ
648 385 883 441 ἅνθρωποι
904 384 1014 428 εἶναι
1043 385 1089 429 ἐν
1117 384 1262 444 ὕπνῳ,
1292 400 1407 441 τηνι-

148 464 292 506 καῦτα
320 454 595 512 προσελάσας
621 456 736 512 ἵππῳ
768 452 878 507 πρὸς
906 452 983 504 τὰς
1012 454 1211 510 φυλακάς
1239 455 1318 508 τὰς
1344 455 1406 500 Ἀ-

150 528 347 585 Ιθηναίων
371 521 655 576 Ἀλέξανδρος
686 521 709 566 ὁ
737 519 974 578 Ἀμύντεω,
1005 528 1240 579 στρατηγός
1258 543 1302 570 τε
1322 527 1407 572 ἐῶν

148 596 221 641 καὶ
250 591 451 651 βασιλεύς
470 589 771 641 Μακεδόνων,
802 589 964 646 ἐδίζητο
982 596 1095 634 τοῖσι
1129 600 1404 650 στρατηγοῖσι
1418 603 1464 639 90

119 663 193 714 3ἐς
221 660 379 717 λόγους
410 660 567 703 ἐλθεῖν.
628 664 714 702 τῶν
744 659 789 703 δὲ
818 657 1032 714 φυλάκων
1061 660 1105 702 οἱ
1126 659 1206 715 μὲν
1226 666 1408 716 πλεῦνες

146 730 414 785 παρέμενον,
453 730 497 772 οἱ
527 726 572 771 δ’
615 728 745 771 ἔθεον
773 726 843 770 ἐπὶ
883 725 987 777 τοὺς
1017 727 1305 782 στρατηγούς·
1345 731 1408 774 ἐλ-

144 797 302 849 θόντες
332 797 378 841 δὲ
398 796 569 852 ἔλεγον,
601 794 657 847 ὡς
687 794 952 850 ,,ἅνθρωπος
971 794 1074 851 ἥκοι
1104 792 1168 838 ἐπ’
1200 797 1339 841 ἵππου
1362 798 1409 842 ἐκ

147 870 256 919 ,,τοῦ
286 864 583 921 στρατοπέδου
611 867 693 908 τοῦ
724 863 917 919 Μήδων,
954 861 1002 914 ὃς
1031 862 1135 907 ἄλλο
1167 863 1246 919 μὲν
1276 864 1409 910 οὐδὲν

148 937 462 992 ,,παραγυμνοῖ
486 933 612 986 ἔπος,
644 930 916 988 στρατηγοὺς
946 930 992 976 δὲ
1022 930 1271 988 ὀνομάζων,
1316 933 1465 979 {oe-95

92 1196 180 1235 pag.
201 1182 280 1225 463
301 1213 310 1233 ,
332 1198 449 1237 quem
469 1183 517 1222 ad
537 1182 578 1226 h.
597 1185 623 1222 1.
645 1182 754 1220 affert

95 1241 163 1278 Cr.
185 1239 321 1279 Matth.
342 1243 406 1279 Gr.
427 1243 494 1279 Gr.
516 1243 552 1287 ξ.
569 1241 649 1282 295
664 1254 753 1291 pag.

92 1298 174 1338 592
203 1304 325 1346 recte,
354 1298 441 1335 mest
479 1297 637 1350 quidem
664 1311 754 1334 sen-

91 1352 222 1402 tentia,
244 1356 447 1393 vernacule
467 1354 657 1392 reddidit:
689 1356 754 1391 wie

91 1412 171 1448 weit
195 1424 230 1448 es
247 1414 285 1449 in
308 1413 364 1450 die
384 1411 504 1450 Nacltt
523 1424 610 1451 war.
654 1413 753 1447 Nam

92 1468 307 1505 sensusloci
324 1470 353 1505 is
367 1476 442 1506 est:
469 1482 545 1506 cum
569 1480 639 1505 nox
658 1468 754 1504 mul-

94 1527 167 1560 tum
174 1528 408 1574 processisset,
421 1539 496 1563 cum
509 1524 656 1562 multum
666 1538 753 1574 pro·

92 1585 192 1618 vecta
201 1586 285 1618 esset
297 1595 378 1621 nox.
396 1581 506 1618 Unde
516 1582 753 1631 intelligitur,

91 1638 288 1687 vulgatam
306 1639 512 1675 lectionem
532 1634 754 1690 προελήλα-

90 1708 134 1732 το
155 1696 323 1731 'minime
350 1694 628 1732 sollicitandam
663 1707 756 1731 esse.

92 1751 227 1788 Simile
290 1752 415 1788 attulit
474 1751 755 1801 Wesselingius

91 1809 203 1844 Pauli
243 1809 284 1845 in
316 1809 437 1859 Epist.
484 1807 533 1845 ad
591 1809 756 1845 Roman.

92 1865 208 1912 XIII,
259 1868 331 1912 12,
367 1863 397 1915 ἦ
425 1860 500 1913 νῦξ
527 1862 756 1916 προέκοψεν

95 1927 132 1957 et
152 1920 348 1958 Heliodori
367 1919 547 1972 Aethiop.
567 1922 684 1972 Ipag.
701 1924 755 1962 26

96 1977 199 2027 [cap.
232 1976 301 2025 14]
331 1974 413 2016 τότε
441 1974 515 2030 γὰρ
549 1974 651 2016 πολὺ
684 1979 757 2024 τῆς

95 2030 236 2078 νυκτὸς
281 2032 455 2085 προέβη,
502 2033 669 2070 Sallustii
716 2034 757 2069 in

95 2092 177 2140 Ing.
200 2092 277 2128 21:
309 2091 403 2138 „ubi
422 2089 625 2140 plerumque
647 2090 757 2126 noctis

88 2146 298 2198 processit.“
338 2145 448 2183 Idem
469 2147 549 2183 aliis
571 2146 644 2183 dici
663 2148 757 2184 πολ-

97 2205 170 2254 λῆς
197 2198 338 2250 νυκτὸς
362 2209 399 2239 et
419 2202 509 2253 περὶ
546 2201 665 2254 μέσας
686 2198 756 2242 νύ·

94 2274 190 2306 κτας
211 2259 273 2296 vel
294 2255 493 2310 μεσούσης
520 2256 664 2305 νυκτός
687 2258 758 2295 ad-

97 2316 153 2354 dit
202 2314 453 2355 Valckenaer.
474 2345 486 2364 ,
554 2316 757 2353 observans

97 2378 334 2425 postremum
364 2371 437 2410 hoc
468 2374 508 2408 in
539 2373 675 2410 eadem
695 2371 777 2409 lii-⁷

95 2431 209 2467 storia
244 2442 313 2480 pro
351 2428 575 2467 Herodoteis
613 2428 755 2467 habere

95 2485 347 2524 Plutarchum
367 2488 384 2523 Ι
404 2499 492 2536 pag.
515 2488 595 2527 327
615 2488 664 2524 D.
688 2486 756 2536 [A-

97 2542 215 2581 ristid.
244 2557 327 2594 cap.
351 2542 432 2594 15]¹
454 2543 553 2580 Plat.
583 2545 638 2579 111
665 2557 755 2594 pag.

98 2602 177 2641 217
196 2602 245 2640 D.
266 2599 445 2651 Xenoph.
468 2601 563 2637 Hist.
591 2601 657 2637 Gr.
686 2601 756 2638 VII

100 2667 186 2706 pag.
208 2659 289 2698 367
305 2686 315 2705 ‚
339 2658 389 2697 15
408 2656 503 2707 [vid.
524 2657 623 2694 Hell.
648 2657 688 2705 Ι,
717 2660 757 2706 6,

104 2713 169 2753 28.
201 2714 326 2752 Anah.
364 2715 400 2762 I,
441 2717 491 2763 7,
525 2717 562 2754 1.
599 2714 687 2763 Vll,
718 2717 759 2763 8,

108 2769 190 2816 12].
228 2772 441 2823 „Deinceps
471 2777 666 2807 narratum
693 2771 761 2816 (ita

105 2826 227 2875 pergit
285 2826 400 2864 idem·
448 2826 762 2878 Valckeuaerius)

808 1182 1028 1222 Macedonis
1055 1183 1294 1230 Alexandri,
1316 1186 1469 1223 Graecis

808 1241 989 1290 faventis,
1040 1242 1272 1278 beneficium
1319 1244 1469 1294 respicit

808 1305 940 1335 auctor
959 1297 1079 1349 Epist.
1113 1300 1166 1338 28
1196 1300 1294 1335 iuter
1321 1300 1467 1337 Socrat.

808 1368 847 1405 p.
869 1357 921 1394 60
941 1368 1159 1391 memorans
1181 1353 1255 1406 τήν
1284 1355 1325 1395 ἐν
1353 1358 1468 1395 Πλα-

807 1414 937 1458 ταιαῖς
957 1410 1022 1451 ἐπὶ
1046 1412 1286 1462 Μαρδονίου
1313 1426 1470 1466 γεγενη-

809 1466 933 1518 μένην
951 1466 1190 1519 εὐεργεσίαν.
1206 1470 1352 1506 Similia
1365 1483 1474 1521 quae-

810 1524 900 1561 dam
921 1525 1145 1562 Herodoteis
1162 1525 1317 1563 Aristidi
1340 1525 1471 1564 dicen-

808 1588 888 1618 tem
917 1582 1006 1618 facit
1027 1581 1292 1619 Alexandrum
1319 1584 1472 1620 Plutar-

811 1636 904 1675 chus
932 1639 972 1675 iu
1003 1638 1154 1675 Aristid.
1190 1652 1279 1689 pag.
1314 1642 1394 1680 327
1423 1641 1472 1678 E.

813 1695 916 1745 [cap.
945 1693 1019 1742 15,
1067 1695 1134 1731 ubi
1164 1708 1254 1731 cum
1281 1708 1359 1732 uno
1386 1697 1472 1732 Ari„

809 1750 905 1788 stide
925 1752 965 1787 in
986 1752 1220 1803 colloquium
1250 1753 1380 1790 venire
1402 1766 1472 1790 vo-

809 1809 921 1845 luisse
951 1808 1216 1845 Alexandrum
1256 1809 1473 1859 legimus]“

812 1866 878 1902 Tu
897 1864 985 1903 vide
1010 1864 1057 1901 de
1084 1864 1305 1902 Alexandro
1327 1865 1473 1904 Herod.

812 1921 921 1969 VIII,
956 1923 1030 1962 136
1053 1935 1159 1974 seqq.
1186 1921 1263 1962 140
1284 1935 1391 1974 seqq.

871 1993 923 2025 ως
945 1975 1165 2044 ἅνθρωπος
1200 1975 1313 2030 ηκοι]
1344 1980 1472 2017 Revo-

813 2036 897 2071 cavi
939 2030 1053 2084 ἥκοι,
1096 2037 1202 2072 cuius
1246 2036 1332 2073 loco
1373 2049 1474 2073 unus

814 2089 1042 2128 Schaeserus
1061 2098 1254 2142 receperat
1268 2088 1370 2142 ἥκει.
1393 2091 1473 2130 Sed

814 2147 970 2198 optativi
990 2145 1103 2184 huius
1134 2147 1270 2184 eadem
1296 2149 1392 2185 ratio
1414 2155 1474 2185 at-

813 2217 887 2256 que
916 2204 972 2239 IX
989 2234 998 2252 ,
1030 2203 1079 2244 41
1106 2203 1158 2251 ὥς
1178 2201 1295 2256 χρεὸν
1313 2205 1387 2256 εἴη,
1409 2205 1476 2242 ubi

812 2260 889 2299 vid.
951 2261 1024 2305 Qui
1051 2268 1263 2313 sequuntur
1281 2262 1475 2300 indicativi

813 2319 852 2354 in
905 2318 1075 2354 oratione
1121 2318 1295 2370 obliqua:
1344 2333 1474 2369 παροι-

813 2377 961 2426 γυμνοῖ
978 2381 1092 2426 atque
1113 2373 1232 2426 φησὶ,
1267 2388 1330 2413 eos
1352 2376 1473 2426 attigit

809 2429 946 2468 matth.
986 2432 1054 2468 Gr.
1099 2433 1164 2469 Gr.
1204 2433 1238 2477 ξ.
1261 2432 1342 2473 507
1383 2445 1472 2484 pag.

811 2486 913 2536 964,
945 2489 1010 2540 qni
1038 2487 1141 2526 idem
1174 2501 1262 2539 pag.
1287 2491 1393 2530 1262
1424 2489 1472 2526 de

810 2546 955 2582 ratione
966 2547 1144 2596 palticul
1142 2558 1238 2581 rum
1258 2542 1314 2597 μὲ
1327 2561 1351 2584 ν
1378 2545 1472 2593 (ποι-

810 2599 1023 2668 ραγυμνοῖ)
1043 2624 1098 2630 --
1118 2598 1391 2655 (στρατηγους)
1420 2599 1468 2641 δ
1455 2617 1473 2641 ε

813 2653 1054 2709 (ὄνομαζων)
1077 2659 1263 2710 exposuit.
1301 2659 1471 2697 Verbum

814 2717 1105 2766 παραγνμνοῦν
1153 2716 1287 2753 tralata
1326 2716 1472 2766 signifi-

817 2772 964 2808 catione
983 2773 1168 2823 reperitur
1186 2774 1216 2821 Ι,
1249 2773 1342 2814 126.
1371 2772 1472 2820 VIII,

820 2831 872 2870 19
887 2857 897 2873 ‚
919 2828 983 2866 ubi
999 2828 1075 2870 vid.
1134 2830 1207 2866 Hic
1227 2829 1302 2868 loci
1321 2841 1472 2868 sensus:

1116 2886 1201 2927 18*
