1879 3222
687 135 714 170 Ι.
745 134 905 170 INDEX
932 134 1123 171 RERUM.

215 247 359 288 secu-ata,
383 245 425 288 V,
448 243 493 278 77
516 245 585 276 not.
613 242 750 275 decima
781 254 879 285 pecu-

216 293 353 325 niarum
384 303 425 324 ex
455 289 580 331 praeda
618 289 684 321 diis
707 289 878 329 dedicata,

218 339 275 376 IX,
300 338 355 370 81.
379 337 417 375 V,
441 334 486 368 77
508 339 576 367 not.
602 333 770 372 V11,132.

171 385 320 426 Defectio
339 381 420 414 nolis
444 381 510 413 vid.
534 380 695 423 Eclipsis.

172 431 316 470 Deiooes,
342 426 520 461 Phraortis
544 426 605 465 fit,
630 426 657 463 Ι,
682 425 738 466 16,
763 425 817 459 73.
831 424 877 459 96

215 481 284 508 not.
327 473 380 506 vir
410 472 544 513 sapiens
568 476 600 504 et
633 471 718 504 iuris
741 471 877 505 dicendi

212 521 350 564 peritus,
375 519 400 558 Ι,
424 517 481 551 96.
515 518 643 550 callido
666 530 746 551 ustus
769 518 879 550 consi-

214 567 272 607 lio,
295 575 355 598 rex
379 564 562 596 Medorum
578 564 786 606 declaratus,
809 565 876 596 Ec-

211 613 337 644 batana
360 611 487 651 condit,
512 611 537 648 Ι,
552 609 698 644 96-98.
723 610 757 643 ἰη
781 621 879 643 exer-

211 656 320 689 cenda
346 655 478 690 iustitia
501 667 650 698 severus,
680 666 735 690 res
768 656 878 699 impe-

210 702 255 735 rii
285 701 433 744 ordinat,
457 703 485 745 1,
509 701 555 736 99
577 713 647 745 seq.
680 703 753 735 eius
784 713 880 736 mors

209 753 245 781 et
261 748 340 781 anni
365 748 476 793 regni,
500 749 528 788 Ι,
553 747 620 782 102
642 753 710 781 not.
734 748 879 781 Deiecee

208 798 262 827 eet
279 794 538 828 Dschemschid.
570 794 616 827 T.
642 794 656 827 Ι
681 806 713 838 p.
737 793 816 828 928.
843 795 878 838 'J

164 851 370 931 Delilihoggs,
395 852 519 886 Euenii
551 852 617 894 ΙΙΙ,
640 851 876 896 Apolloniata,

164 924 372 988 Delib'eratio
395 954 581 989 Persarum
611 954 654 988 de
676 955 779 988 rebus
801 965 876 988 ma-

208 1000 300 1080 xirpe
323 1000 421 1036 seriis
450 1001 539 1035 inter
570 1001 708 1045 pocula,
747 1000 777 1042 Ι,
808 1000 878 1036 133

207 1057 251 1079 no
269 1072 279 1081 .

163 1103 257 1137 Delii
274 1103 316 1136 de
338 1101 577 1148 Hyperboreis
599 1102 750 1136 maxime
774 1103 878 1137 fabu-

207 1150 333 1191 lantur,
367 1151 425 1192 lv,
459 1149 506 1182 33
535 1153 606 1183 not.
644 1149 819 1194 fugientes
835 1160 877 1182 ex

206 1195 321 1229 insula
343 1207 365 1229 a
387 1196 502 1229 Persis
525 1195 688 1236 revocati,
713 1196 770 1236 VI,
795 1195 852 1229 97.

161 1253 309 1294 Delium,
344 1252 598 1286 Thebanorum
622 1264 699 1297 opp.
725 1253 784 1296 VI,
808 1251 876 1287 118

208 1303 277 1332 not.
309 1298 372 1339 lx,
397 1298 443 1333 15
466 1303 536 1332 not.

161 1356 288 1400 Delphi
320 1354 378 1399 (oz
403 1354 586 1398 Δελφοὶ),
612 1355 640 1396 Ι,
665 1353 722 1389 51.
756 1366 878 1388 eorum

205 1402 288 1434 urbs
311 1403 427 1446 Pytho
451 1400 723 1446 (Hvacb)‚1‚54
738 1401 878 1444 not.*'¹‘)

206 1447 252 1480 ad
276 1458 334 1481 eos
358 1447 463 1481 missa
487 1448 631 1480 donaria
655 1458 676 1480 a
701 1447 814 1491 Gyge,
847 1447 876 1487 I,

206 1491 263 1526 1-1.
288 1504 310 1526 a
332 1494 472 1534 Croeso,
495 1493 522 1534 I,
547 1492 760 1526 50—52.92.
786 1493 879 1536 apud

206 1540 360 1582 Delphos
391 1539 524 1583 primus
546 1539 622 1583 quis
646 1549 792 1573 munera
815 1551 876 1582 po-

205 1585 325 1627 suerit,
345 1584 436 1627 1,14.
460 1585 586 1618 Croeso
604 1585 777 1630 Lydisque
798 1596 878 1627 per-

204 1634 349 1674 petuum
380 1630 533 1664 civitatis
572 1631 626 1663 ius
663 1631 878 1675 Delphensee

205 1677 374 1717 deferunt,
405 1677 432 1717 I,
457 1676 514 1710 54.
550 1677 730 1710 oraculum
755 1687 816 1718 pro
840 1687 877 1709 se

205 1726 240 1756 et
276 1722 427 1756 Graecia
468 1722 663 1764 consulunt,
699 1722 775 1764 VII,
795 1721 875 1756 178.

204 1769 393 1802 exercitum
417 1768 640 1802 formidantes
659 1768 794 1809 Xerxis,
818 1779 876 1801 ur-

205 1816 287 1847 bem
310 1815 481 1855 deserunt,
505 1814 599 1855 VIII,
624 1814 668 1847 36
691 1818 761 1848 not.
795 1815 878 1847 bar-

207 1861 312 1893 baros
350 1870 372 1892 a
405 1859 468 1892 deo
502 1870 563 1892 suo
601 1860 695 1892 male
719 1860 878 1893 adfectos

207 1906 367 1946 caedunt,
399 1916 429 1939 c.
452 1904 497 1938 37
521 1908 588 1940 not.
617 1916 686 1948 seq.
728 1904 878 1948 Delphi-

208 1963 290 1985 cum
320 1951 512 1991 oraculum,
551 1951 578 1991 Ι,
603 1950 659 1983 46.
696 1962 801 1985 verax
823 1962 876 1984 re-

208 2001 344 2041 pertum
370 2007 391 2030 a
414 1996 552 2036 Croeso,
578 1997 606 2036 Ι,
630 1995 676 2029 48
701 2000 766 2030 etc.
806 1997 877 2031 vid.

212 2043 409 2076 Graculum.
453 2041 614 2085 Delphici
637 2042 771 2075 oraculi
802 2053 877 2075 ma-

208 2089 304 2122 xima
327 2087 517 2122 auctoritas
537 2089 627 2130 apud
650 2089 761 2122 Dones
771 2088 878 2131 Spar-

207 2138 384 2178 tanosque,
407 2134 447 2175 V,
459 2133 505 2167 42
515 2138 585 2166 not.
610 2134 771 2177 Delphici
790 2139 879 2168 tem-

207 2180 258 2224 pli
293 2178 472 2222 antistites,
504 2179 594 2220 VIII,
620 2179 665 2212 36
688 2184 759 2214 not.
791 2180 878 2213 situs

209 2225 358 2267 VIII,37
382 2229 452 2259 not.
478 2225 686 2267 Delphicum
711 2227 877 2269 templum

209 2272 451 2316 conflagravit,
490 2271 518 2311 Ι,
552 2271 598 2304 50
631 2276 700 2305 not.
740 2273 784 2312 ΙΙ,
810 2271 878 2305 180

209 2322 280 2352 not.
313 2317 410 2350 aliud
444 2317 716 2361 Amphictyones
756 2318 878 2351 aedifi-

212 2363 364 2398 candum
395 2363 543 2407 elocant,
578 2363 624 2407 11,
659 2363 727 2399 180
750 2368 820 2399 not.
844 2367 879 2399 et

1565 132 1648 172 487

983 241 1247 277 Alcmaeonidae
1285 241 1489 282 conducunt,
1528 240 1569 282 V,
1601 240 1646 274 62

982 296 1051 323 not.

936 334 1137 377 Delphinus,
1161 334 1188 374 I,
1211 332 1257 367 23
1280 337 1349 367 not.

933 381 1037 413 Delta
1061 381 1325 425 Acgyptiorum,
1348 379 1395 420 II,
1421 378 1529 412 1315
1552 390 1642 422 seqq.

978 427 1025 467 ΙΙ,
1050 428 1095 460 16
1119 434 1186 460 not.
1212 425 1288 459 179.
1322 427 1433 459 solum
1450 426 1555 459 Delta
1577 426 1643 458 Ac-

977 478 1124 515 gyptum
1149 484 1222 505 csse
1244 472 1340 505 aiunt
1357 473 1476 512 lones;
1501 482 1567 505 non
1589 482 1642 504 re-

980 524 1045 557 cte,
1069 519 1112 559 ΙΙ,
1138 518 1192 551 15.

933 564 1120 598 Delnbrum
1161 565 1311 598 Latonae
1349 574 1391 596 ex
1428 574 1495 596 uno
1531 562 1645 607 lapide

980 611 1174 643 confectum
1212 609 1246 642 in
1281 610 1373 642 Buto
1408 609 1557 652 oppido,
1597 609 1644 650 ΙΙ,

979 655 1046 689 155
1069 660 1139 689 not.
1162 655 1256 689 aliud
1281 656 1350 687 tale
1374 655 1558 687 delubrum
1588 656 1645 687 de-

978 702 1150 742 scribitur,
1184 701 1230 742 ΙΙ,
1262 699 1340 734 175.
1373 701 1555 734 delubrum
1592 702 1644 733 Ιο-

979 749 1032 781 vis
1063 748 1126 780 sub
1150 747 1234 791 fago
1266 746 1441 779 conditum
1471 747 1644 787 Dodonae,

980 794 1024 833 Il,
1045 793 1101 827 56.
1137 791 1253 827 Protei
1278 792 1372 837 regis
1391 792 1646 836 Aegyptiorum

979 838 1149 883 Memphi,
1173 840 1219 880 II,
1239 838 1317 872 112.
1345 838 1496 881 Phylaci
1520 842 1553 871 et
1576 839 1645 871 Au-

981 886 1074 919 tonoi
1101 886 1190 928 apud
1207 885 1372 929 Delphos,
1398 883 1488 928 vlu,
1502 883 1559 918 39.
1576 884 1645 917 vid.

981 933 1166 976 Templum.

933 979 1038 1012 Delus
1063 981 1139 1018 ins„
1163 977 1222 1019 IV,
1245 974 1392 1009 33-35.
1417 974 1487 1019 (ibi
1510 974 1648 1008 orbicu-

981 1025 1070 1057 latue
1093 1025 1201 1063 lacus,
1226 1023 1269 1061 11,
1295 1021 1363 1055 170
1386 1023 1478 1065 not.)
1512 1022 1649 1065 expiata

981 1080 1004 1102 a
1035 1069 1228 1107 Pisistrato,
1264 1068 1291 1109 I,
1328 1068 1374 1100 64
1405 1073 1474 1102 not.
1518 1067 1647 1107 tremit,

979 1119 1082 1148 autea
1098 1115 1312 1154 inconcussa,
1325 1113 1435 1155 §Les
1446 1116 1514 1148 not.
1538 1114 1647 1147 Grac-

979 1161 1029 1193 cis
1051 1161 1238 1203 aliquando
1260 1159 1448 1203 navigandi
1472 1160 1649 1200 terminus,

978 1207 1072 1248 wll,
1104 1206 1171 1240 132
1195 1209 1264 1239 not.
1306 1205 1383 1238 Deli
1405 1205 1466 1238 diu
1488 1206 1651 1238 sedebant

979 1253 1105 1286 Graeci
1135 1253 1171 1286 in
1206 1252 1297 1285 bello
1332 1251 1482 1293 Persico,
1517 1252 1580 1290 IX,
1603 1250 1650 1284 90

981 1300 1026 1332 cf.
1055 1299 1148 1339 VIII,
1180 1297 1257 1334 133,
1293 1297 1463 1340 Apollinis
1495 1302 1530 1331 et
1567 1297 1648 1331 Dia·

980 1356 1044 1377 nae
1071 1345 1167 1377 locus
1191 1342 1325 1384 natalis,
1353 1343 1408 1383 vl,
1431 1342 1478 1376 97
1500 1347 1570 1376 not.

935 1392 1144 1425 Demaratus
1169 1390 1335 1422 Corintho
1359 1389 1490 1433 migrat
1520 1389 1556 1422 in
1578 1389 1649 1423 Ita-

981 1438 1078 1477 liam,
1105 1437 1146 1477 V,
1167 1435 1213 1468 92
1238 1438 1269 1477 ἓ.
1295 1434 1318 1468 5
1343 1440 1412 1469 not.

935 1496 1157 1535 Demaratus,
1181 1493 1350 1526 Aristonis
1372 1493 1436 1533 fil„
1458 1503 1519 1526 rex
1542 1491 1649 1534 Spar-

979 1546 1048 1581 tae,
1073 1551 1114 1572 ex
1139 1544 1250 1572 matre
1273 1544 1384 1580 natus,
1408 1549 1496 1581 quae
1508 1549 1549 1571 ex
1574 1539 1650 1571 foe-

978 1586 1120 1619 dissima
1146 1585 1231 1618 olim
1256 1586 1371 1626 puella
1397 1584 1650 1619 formosissima

977 1634 1146 1671 evaserat,
1171 1631 1228 1671 VI,
1250 1630 1295 1663 fil
1318 1642 1389 1672 seq.
1413 1641 1435 1663 a
1458 1634 1555 1672 patre
1577 1630 1649 1672 pri-

978 1688 1038 1711 mo
1073 1676 1209 1720 spurius
1239 1675 1430 1717 iudicatus,
1454 1685 1535 1708 mox
1565 1686 1650 1708 vero

979 1723 1131 1767 agnitus,
1157 1723 1202 1756 ob
1226 1722 1346 1765 populi
1369 1728 1451 1755 vota
1474 1719 1649 1764 Δημάρη-

979 1781 1042 1808 τος
1066 1780 1190 1802 nomen
1215 1768 1355 1812 accipit,
1382 1780 1412 1801 c.
1436 1767 1482 1800 63
1507 1772 1576 1801 not.
1603 1768 1647 1800 cf.

978 1827 1008 1849 c.
1034 1814 1088 1847 65.
1115 1814 1187 1855 vu,
1211 1814 1234 1848 3
1257 1819 1325 1847 not.
1351 1814 1394 1846 T.
1420 1813 1470 1847 III
1502 1824 1536 1856 p.
1568 1812 1649 1847 818.

979 1879 1023 1885 -
1048 1860 1235 1903 Olympica
1258 1860 1405 1893 victoria
1427 1859 1516 1892 inter
1540 1858 1649 1902 Spar-

979 1909 1078 1939 tanos
1103 1907 1228 1942 clarus,
1251 1906 1309 1947 vl,
1333 1905 1379 1938 70
1395 1908 1465 1938 not.
1490 1905 1647 1938 Cleome-

977 1963 1069 1992 nem,
1091 1951 1189 1984 nulla
1212 1950 1384 1984 discordia
1404 1954 1506 1992 ,antea
1519 1950 1648 1984 alicna-

978 2002 1044 2036 tus,
1078 1997 1112 2030 in
1136 1997 1352 2040 expeditione
1384 2001 1503 2030 contra
1534 1997 1647 2030 Athe-

976 2054 1038 2076 nas
1060 2043 1197 2085 deserit,
1222 2043 1262 2083 V,
1279 2042 1335 2077 75.
1361 2053 1508 2085 eumque
1530 2042 1564 2075 in
1583 2044 1647 2076 Ae·

979 2089 1063 2133 gina
1095 2089 1272 2121 absentem
1305 2089 1548 2129 calumniatur,
1581 2089 1647 2121 Ae-

978 2134 1104 2178 ginetis
1137 2135 1276 2177 quidem
1318 2146 1386 2167 non
1420 2135 1552 2176 favens,
1585 2134 1647 2175 VI,

979 2181 1024 2214 50
1048 2191 1117 2223 seq.
1141 2181 1185 2213 cf.
1212 2192 1240 2213 c.
1267 2180 1310 2213 61
1336 2180 1435 2214 etffl.
1462 2192 1524 2223 per
1547 2180 1648 2212 Cleo-

979 2226 1089 2260 menis
1105 2226 1377 2260 machinationes
1392 2238 1413 2259 a
1425 2226 1647 2269 Leotychide,

978 2284 1046 2305 non
1070 2284 1142 2304 esse
1166 2273 1213 2306 fil.
1238 2272 1408 2306 Aristonis
1425 2272 1572 2312 iurante,
1592 2283 1648 2306 re-

979 2319 1039 2362 gia
1073 2323 1194 2351 exutus
1224 2319 1404 2361 dignitate,
1442 2329 1471 2351 c.
1505 2316 1552 2351 65
1575 2329 1648 2361 seq.

980 2370 1014 2401 et
1036 2365 1164 2409 probro
1180 2365 1347 2405 adfectus,
1372 2368 1519 2398 matrem
1543 2369 1646 2399 testa-

266 2545 295 2590 Ι’)
320 2546 408 2580 Add.
433 2547 458 2579 I.
480 2547 524 2579 de
549 2546 719 2580 Hammer.
744 2546 877 2583 Annall.
902 2546 1025 2580 Vienn.
1048 2546 1144 2579 LXII
1167 2558 1204 2590 p.
1229 2546 1273 2580 46
1297 2545 1378 2579 coll.
1394 2547 1647 2591 Pott.Etym01.

167 2594 309 2627 Forsch.
334 2606 368 2637 p.
392 2592 499 2626 LVIII
523 2593 566 2625 de
591 2594 737 2626 nominis
763 2600 892 2637 etymo.

257 2653 304 2695 ¹⁰)
330 2650 502 2693 Reliquias
530 2650 692 2693 quasdam
717 2653 886 2684 moenium
911 2650 1011 2682 molis
1035 2649 1227 2691 grandioris
1252 2649 1405 2682 exhibuit
1428 2650 1594 2683 Dodwell.
1613 2650 1648 2681 in

170 2696 281 2730 Views
305 2697 371 2730 aud
396 2696 630 2738 Descriptions
655 2697 695 2728 of
715 2696 901 2741 Cyclopian
925 2706 965 2728 or
988 2695 1142 2739 Pelasgis
1178 2696 1335 2729 Remains
1364 2696 1398 2729 iu
1428 2698 1558 2730 Greece
1581 2696 1648 2728 and

170 2742 259 2785 Italy
281 2743 368 2783 Tab.
392 2741 439 2777 34
461 2748 497 2774 et
518 2740 561 2775 35
586 2743 636 2787 (p-
650 2743 722 2786 19.)
