1879 3222
525 189 985 229 CALLIOPE.
1043 190 1122 227 IX.
1368 187 1454 228 223

200 303 312 352 λων,
341 301 382 343 εἴ
406 313 491 348 κως
515 295 700 348 τούτους
730 299 906 351 πρῶτον
933 297 1035 341 ἕλοι.
1094 295 1370 352 ὑποστρέψας
1398 296 1445 341 δὲ
1479 293 1784 362 -ξξῑξῗωξζῐζξῗιξῖζᾞ

188 367 270 424 τήν
299 365 499 421 στρατιὴν
531 359 606 420 ἦγε
624 364 693 407 ἐπὶ
720 363 772 407 τὰ
794 365 1003 420 Μέγαρα·
1032 365 1058 421 ἡ
1082 366 1127 409 δὲ
1147 368 1276 417 ἵππος
1294 369 1473 421 προελ-5
1502 365 1669 396 ⁰⁰⁰³⁸¹¹¹¹¹²)

171 438 347 478 3θοῦσα
374 431 670 477 κατιππάσατο
699 432 840 488 χώρην
868 432 947 489 τὴν
976 435 1221 488 Μεγαρίδα.
1280 433 1321 486 ἐς
1351 433 1452 478 ταύ-

199 518 278 557 την
308 501 360 557 δὴ
390 499 607 544 ἑκαστάτω
650 504 725 556 τῆς
755 499 970 557 Εὐρώπης
999 501 1047 544 τὸ
1079 501 1191 554 πρὸς
1218 500 1345 558 ἡλίου
1375 502 1453 546 δυ’-

66 583 130 630 15
197 585 351 620 νοντος
379 567 405 624 ἡ
436 567 626 624 Περσικὴ
656 568 765 625 αὕτη
796 568 972 625 στρατιή
1004 568 1188 612 ἀπίκετο.
1248 570 1373 612 Μετὰ
1404 571 1450 614 δὲ
1507 599 1623 631 sactus,
1656 602 1751 625 mum

1510 633 1741 668 Peloponnesio-

195 639 357 688 ταῦτα,
388 638 631 696 Μαρδονίῳ
661 632 768 695 ἦλθε
799 635 971 694 α’γγελίη
1001 636 1059 688 ὠς
1081 635 1199 687 ἁλέες
1229 638 1377 694 εἴησαν
1407 641 1451 682 οἱ
1464 647 1570 694 1οῐυιη
1605 666 1767 728 3¹f¹⁰ss²⁰¹¹¹

1506 701 1567 728 iam
1585 708 1603 728 a
1656 705 1682 728 et
1705 709 1783 729 mum

1507 565 1560 593 sed
1579 573 1642 593 mox
1671 563 1785 592 certior

136 808 184 846 ad
206 810 347 848 Coloss.
374 812 431 856 11,
466 812 516 851 18
557 809 641 860 (ubi
661 809 792 850 θέλων
850 823 935 848 mos
997 811 1061 847 ille
1110 822 1197 847 eam
1256 810 1304 847 ob
1352 822 1507 848 causam

134 865 259 904 reddit
283 867 406 918 cupide
422 896 432 915 ‚
463 868 624 915 libenter)
662 876 698 905 et
718 870 792 904 Ae·
847 875 992 905 tentare
1011 867 1144 916 voluit,
1166 866 1270 919 quod
1283 879 1361 903 non
1377 868 1510 918 magni

133 922 254 974 schyl.
276 923 449 975 Clioeph.
480 926 559 965 791
594 925 681 962 coll.
709 926 792 961 Ab-
849 926 946 962 inter
981 925 1146 962 Graecos
1176 925 1362 961 aestimati
1400 925 1507 962 nullo

134 979 255 1017 resch.
294 979 577 1017 Animadverss.
614 982 669 1030 11,
727 980 791 1021 14.
847 982 927 1018 fere
957 982 1042 1018 loco
1072 980 1333 1019 habebantur:
1366 979 1413 1017 de
1434 994 1512 1033 quo

132 1035 244 1072 Unde
282 1036 385 1087 apud
417 1036 655 1074 Herodotum
675 1036 793 1089 ἐβου-

132 1088 265 1132 λεύετο
282 1093 413 1132 θέλων
436 1107 514 1130 esse
535 1094 638 1131 vult:
670 1094 792 1144 cupide

132 1149 366 1187 consultabat.
424 1151 476 1187 At
513 1151 619 1187 verbi
659 1150 792 1190 θέλων

130 1206 170 1242 in
200 1207 265 1243 illo
286 1207 427 1244 Sacrae
458 1207 677 1258 Scripturae
706 1208 790 1245 loco

131 1263 245 1299 aliam
281 1276 434 1314 prorsus
473 1277 551 1301 esse
593 1266 791 1302 notionem

130 1321 229 1365 (scil.
269 1320 437 1358 delectari
473 1321 596 1370 aliqua
625 1334 684 1369 re,
724 1323 793 1359 sibi

129 1377 167 1413 in
195 1376 320 1428 aliqua
352 1390 390 1414 re
426 1377 607 1428 placere),
639 1377 791 1415 edocuit

129 1432 245 1469 frater
265 1446 385 1482 meus,
408 1434 564 1470 Carolus
581 1432 727 1482 Baehr,
749 1436 789 1470 in

130 1489 363 1528 Commentt.
415 1488 464 1526 ad
509 1491 619 1527 illum
659 1492 789 1528 locum

129 1558 220 1596 pag.
251 1549 354 1594 2073
393 1545 676 1599 Herodoteique
712 1548 787 1585 loci

127 1616 281 1639 sensum
307 1603 384 1639 iam
405 1602 551 1640 dudum
580 1618 787 1655 perspexe-

127 1666 185 1696 rat
204 1661 252 1698 H.
276 1658 514 1710 Stephanus,
535 1662 695 1697 verbum
716 1659 786 1700 θέ-

127 1718 207 1755 λων
240 1723 430 1753 commate
456 1717 634 1769 utrinque
663 1717 787 1769 adpo-

127 1773 197 1809 sito
218 1785 240 1809 a
260 1774 412 1825 reliquis
424 1775 546 1811 verbis
559 1775 785 1825 seiungens;

128 1828 232 1880 quod
291 1829 396 1866 idem
456 1838 585 1881 postea
644 1833 787 1883 placuit

129 1884 511 1936 Schweighaeuser-o,
558 1888 656 1925 bene
697 1901 787 1926 mo-

129 1943 235 1978 nenti
278 1944 519 1993 participium
547 1943 680 1983 θέλων
710 1946 786 1981 mi-

129 1999 233 2034 nime
263 1999 370 2048 iungi
404 2012 512 2049 posse
539 2014 629 2037 cum
667 2002 784 2039 verbo

129 2051 360 2106 ἐβουλεύετο
388 2055 567 2108 idemque
595 2057 720 2094 valere
741 2070 784 2095 ac

128 2112 160 2148 si
189 2113 324 2148 Noster
351 2111 503 2149 dixisset
531 2111 661 2151 θέλων
689 2109 785 2153 τού-

127 2182 221 2214 τους
235 2169 396 2220 πρῶτον
417 2167 529 2216 ἑλεῖν,
554 2166 782 2220 ἐβουλεύετο

131 2224 169 2264 εἷ’
186 2239 266 2271 κως
287 2232 356 2262 etc.
380 2228 522 2275 cupiens
548 2226 609 2262 hos
629 2228 782 2277 primum

128 2295 267 2331 capere,
299 2281 504 2319 deliberavit
532 2296 599 2332 quo
621 2286 726 2333 pacto
745 2283 782 2320 id

127 2339 291 2388 efficeret.
333 2340 412 2375 Nec
432 2339 538 2375 aliter
557 2340 634 2376 sere
646 2337 780 2378 Matth.

129 2397 196 2432 Gr.
235 2396 300 2432 Gr.
343 2396 381 2440 ξ.
405 2394 481 2436 531
526 2399 653 2437 not.2
691 2410 780 2448 pag,

131 2455 239 2493 1037
261 2452 424 2502 explicat
455 2450 587 2491 θέλων
614 2450 782 2501 τούτους

130 2507 231 2548 ἕλεῖν
271 2503 499 2559 ἐβουλεύετο
547 2505 649 2556 ὅκως
687 2509 780 2550 ἕλοι.

126 2565 235 2610 Quod
255 2579 375 2618 quum
396 2578 518 2602 unum
555 2579 689 2603 verum
711 2565 783 2604 ha-

126 2621 260 2670 beam,
312 2623 450 2659 retinui
498 2636 587 2659 cum
623 2631 782 2662 recentt.

128 2678 211 2718 edd.
231 2679 471 2731 participium
489 2678 634 2718 θέλων.
670 2679 781 2725 Quod

128 2737 256 2773 attinet
293 2735 341 2773 ad
386 2737 461 2773 loci
498 2744 779 2787 argumentum,

128 2791 367 2843 Megarenses*
393 2794 526 2844 procul
556 2792 670 2831 dubio
698 2795 779 2845 pri-

847 1038 925 1075 vid.
966 1037 1126 1075 Suidam
1147 1051 1177 1075 s.
1198 1052 1235 1076 v.
1257 1036 1372 1088 ὑμεῖς
1391 1039 1512 1080 T.1,11

848 1109 887 1146 p.
914 1096 1009 1136 529.
1047 1094 1175 1133 Schol.
1204 1092 1370 1132 Theocr.
1405 1095 1510 1144 XIV,

847 1150 915 1192 48.
949 1153 1085 1191 Tzetz.
1120 1150 1218 1188 Chil.
1238 1153 1317 1199 IX,
1349 1154 1423 1192 291
1453 1165 1510 1190 vs.

847 1210 928 1250 890
967 1222 1046 1261 seq,
1096 1207 1318 1246 Callimach.
1371 1209 1507 1259 Epigr-

847 1267 923 1312 26,
954 1266 992 1306 5.
1027 1269 1065 1307 6.
1119 1266 1224 1312 Quae
1255 1266 1379 1303 attulit
1409 1267 1508 1302 Lar-

848 1319 996 1358 cherus.

902 1372 1189 1425 κατιππάσατο]
1202 1376 1506 1429 Schweighaeu-

845 1446 948 1471 serus
974 1436 1264 1485 interpretatur:
1295 1438 1505 1486 perequita-

845 1503 900 1537 τε,
949 1493 1046 1542 equis
1077 1493 1260 1529 incursare
1307 1494 1503 1541 regionem.

842 1546 939 1584 Mihi
966 1549 1191 1600 praepositio
1230 1545 1328 1587 κατά
1356 1550 1397 1585 in
1426 1548 1502 1587 hoc

842 1605 958 1641 verbo
980 1618 1065 1642 eam
1085 1605 1164 1641 fere
1183 1605 1263 1642 vim
1292 1612 1422 1642 tenere
1442 1606 1504 1642 vi-

842 1659 972 1708 detur,
1002 1675 1117 1713 quam
1137 1663 1176 1698 iu
1206 1662 1287 1698 aliis
1316 1661 1505 1699 eiusmodi

841 1720 1077 1769 compositis,
1098 1725 1140 1756 ut
1167 1715 1503 1768 καταστασιάζειν,

841 1778 1146 1826 καταπολεμεῖν,
1176 1776 1306 1813 notavi
1330 1774 1379 1813 ad
1399 1776 1504 1814 Plut.

842 1831 979 1884 Pyrrh.
1007 1846 1067 1884 cp.
1090 1835 1140 1873 13
1172 1846 1261 1884 pag.
1283 1832 1336 1873 50
1366 1846 1424 1883 cp-
1449 1830 1501 1873 14

841 1902 929 1940 pag.
951 1890 1016 1930 52.

898 1944 938 1993 ἐς
965 1940 1115 1996 ταύτην
1145 1942 1196 1995 δή
1219 1940 1417 1985 ἑκαστάτω
1447 1968 1498 1974 —

843 1995 1048 2052 άπίκετο]ἰ.
1062 2016 1094 2038 e.
1107 2004 1144 2038 in
1156 2002 1248 2054 lianc
1259 2016 1344 2040 sane
1356 2006 1498 2050 terram,

841 2057 1009 2108 Europae
1033 2061 1296 2096 remotissimam
1338 2071 1499 2096 occasum

840 2125 972 2161 versus,
995 2117 1090 2151 venit
1110 2115 1168 2151 laic
1185 2114 1373 2151 Persa-rum
1396 2128 1501 2152 exer-

839 2171 953 2216 cz'tus,·
998 2183 1077 2207 non
1122 2171 1220 2207 ultra
1267 2172 1501 2221 Megaricam

840 2226 1076 2264 occidentem
1097 2240 1224 2264 versus
1244 2228 1284 2264 in
1303 2229 1501 2279 Europam

838 2296 1053 2334 progressos
1082 2297 1160 2321 esse
1180 2286 1313 2322 Persas
1344 2292 1501 2322 senten-

837 2341 889 2377 tia
928 2348 982 2378 est
1020 2340 1217 2379 Herodoti.
1247 2362 1250 2365 ·
1280 2340 1344 2379 Ad
1382 2342 1500 2379 verba

839 2395 1037 2437 ἑκαστάτω
1066 2400 1137 2448 τῆς
1158 2393 1365 2450 Εὕρώττης
1395 2399 1496 2436 cons.

837 2454 970 2496 Matth.
995 2457 1061 2497 Gr.
1083 2457 1148 2493 Gr.
1172 2457 1210 2502 §.
1234 2458 1315 2496 340
1340 2469 1379 2507 p.
1402 2457 1497 2497 649.

1057 2545 1150 2596 Cap.
1178 2545 1266 2583 XV.

891 2617 996 2674 ἦλθε
1019 2619 1204 2677 ἀγγελίη]
1235 2618 1339 2673 ἦλθε
1361 2637 1494 2662 omnes

834 2679 914 2716 fere
937 2679 1048 2720 codd.
1071 2681 1133 2733 (ut
1143 2683 1211 2730 lx,
1236 2680 1286 2722 14
1303 2688 1339 2719 et
1356 2683 1386 2730 Ι,
1407 2681 1493 2733 83),

837 2750 930 2788 quos
951 2751 1041 2774 cum
1061 2745 1217 2776 recentt.
1239 2737 1327 2777 edd.
1342 2746 1493 2776 secutus

833 2807 933 2832 sum.
989 2795 1051 2833 Ex
1088 2794 1227 2834 Aldina
1265 2794 1492 2834 Schaeferus
