1879 3222
303 221 388 262 402
855 219 1232 259 COMMENTATIO

303 330 368 383 qui
391 329 506 382 vulgo
526 337 710 369 vocantur
738 331 982 384 logographi,
1016 334 1082 386 qui
1107 334 1252 372 fabulas
1285 334 1489 387 antiquitus
1513 332 1665 373 traditas
1692 335 1780 374 lite-

302 389 350 424 ris
389 393 432 424 ut
475 389 740 438 consignarent
779 401 901 441 eoque
939 389 1054 428 modo
1098 392 1318 441 posteritatis
1356 392 1562 428 memoriae
1590 390 1779 431 traderent

302 456 423 495 quum
446 445 558 481 unice
582 445 653 482 sibi
672 447 970 497 proposuissent,
1001 448 1039 483 in
1061 448 1184 497 ipsum
1207 461 1335 484 rerum
1355 450 1408 486 sic
1429 448 1647 485 traditarum
1666 461 1778 499 argu.

299 507 475 536 mentum
513 501 672 538 minime
706 503 972 554 inquisierant,
1007 504 1093 540 satis
1122 502 1322 552 habentes,
1374 518 1439 554 ea,
1469 518 1565 557 quae
1596 517 1662 542 ore
1690 511 1780 542 tan-

299 562 383 593 tum
403 555 528 594 adhuc
548 556 683 594 tradita
708 566 834 607 erant,
873 561 1017 610 scripfis
1041 559 1221 597 mandata
1244 563 1399 611 posteris
1437 560 1596 602 tradere.
1653 561 1779 607 Quam

298 612 623 664 logographorum
660 616 843 653 rationem
878 617 955 653 iam
990 617 1221 652 Hecataeum
1253 616 1535 668 quodammodo
1572 617 1778 655 deseruisse

297 669 440 706 indicat
467 671 707 720 prooemium
736 671 829 709 iilud
863 673 984 722 operis
1015 671 1116 722 apud
1145 674 1312 709 Demetr.
1343 672 1389 709 de
1418 675 1567 711 Elocut.
1589 676 1626 720 §.
1653 672 1777 714 12his

296 726 420 763 verbis
441 734 689 778 conceptum:
716 725 928 775 Ἑκαταῖος
956 724 1161 779 Μιλήσιος
1192 723 1268 768 ὦδε
1292 732 1498 778 μυθεῖται·
1527 727 1575 769 ‘coi
1606 727 1649 770 δὲ
1677 726 1778 781 roci·-

297 796 386 832 φω,
416 777 470 829 ὥς
498 797 566 833 μοι
597 778 749 834 ἀληθέα
776 783 903 822 δοκέει
932 780 1056 823 εἶναι·
1090 783 1137 824 ὀἱ
1163 782 1237 836 γάρ
1263 782 1463 835 Ἑλλήνων
1492 783 1601 837 λόγοι
1637 785 1778 826 πολλοί

295 852 336 876 τε
365 836 433 877 καὶ
465 841 632 892 γελοῖοι,
676 838 729 886 ὥς
760 838 849 891 ἐμοὶ
886 840 1119 889 φαίνονται,
1160 839 1274 880 εἰσίν.
1345 842 1450 886 Quae
1487 855 1577 878 sane
1607 841 1778 880 indicant

293 894 482 945 scriptoris
512 896 683 931 animum
713 908 734 932 a
753 897 912 947 receptis
940 898 1263 948 superstitionibus
1282 898 1443 934 liberum
1465 905 1502 935 et
1521 898 1600 936 veri
1624 899 1777 935 inveni-

294 949 385 987 endi
414 949 648 999 studiosum,
697 952 896 1003 ingenium
917 966 1001 990 acre
1022 960 1058 990 et
1078 954 1207 991 sollers
1239 956 1280 991 iu
1307 954 1522 992 fabularum
1550 952 1776 1004 traditarum

293 1006 523 1056 farraginem
560 1008 755 1059 inquirens
791 1022 954 1061 eamque
997 1009 1230 1048 diiudicans:
1270 1010 1365 1048 adeo
1403 1017 1446 1047 ut
1473 1017 1627 1048 auctore
1655 1011 1777 1048 Creu-

293 1075 379 1099 zero
396 1060 437 1112 ³ff)
466 1065 700 1101 Hecataeum
714 1078 842 1102 rerum
861 1067 1081 1118 scriptorem
1101 1069 1260 1105 criticum
1278 1069 1408 1119 utique
1428 1080 1565 1105 vocare
1578 1067 1776 1118 possimus,

291 1120 511 1170 praesertim
540 1134 629 1157 cum
658 1122 730 1158 alia
757 1135 929 1174 quoque,
973 1123 1109 1160 eodem
1139 1123 1299 1161 docente
1329 1125 1514 1161 Creuzero
1531 1152 1541 1171 ,
1579 1122 1775 1172 accedant,

292 1188 314 1211 e
333 1176 470 1227 quibus
488 1177 598 1214 crisin
618 1177 812 1229 quandam
831 1180 939 1216 iilum
969 1178 1144 1217 historiae
1163 1180 1377 1218 adhibuisse
1394 1180 1606 1218 luculenter
1634 1186 1776 1231 pateat.

290 1231 530 1269 Herodotum
546 1233 682 1271 eodem
707 1236 815 1273 titulo
848 1237 940 1288 quin
963 1249 1162 1285 ornemus,
1192 1239 1247 1274 nil
1266 1237 1400 1286 video,
1431 1235 1534 1289 quod
1563 1237 1702 1285 obstet3
1733 1242 1777 1273 ut

291 1288 332 1324 in
353 1301 429 1341 quo
448 1292 628 1341 scriptore
644 1293 773 1328 omnia
793 1301 1045 1342 concurrunt,
1077 1307 1174 1346 quae
1190 1298 1328 1344 patrem
1345 1295 1510 1331 historiae
1531 1293 1640 1329 illum
1665 1305 1776 1330 sum-

290 1357 356 1381 mo
376 1346 457 1382 iure
470 1348 599 1384 vocari
621 1349 812 1389 evincunt.
871 1350 999 1395 Quum
1020 1352 1122 1387 enim
1142 1352 1274 1401 prioris
1295 1352 1424 1388 aetatis
1458 1348 1653 1387 historiam
1685 1362 1775 1400 per-

289 1402 467 1455 scribenti
486 1402 534 1441 ad
553 1405 817 1456 antiquitatem
838 1414 932 1444 esset
951 1406 1248 1457 regrediundum
1261 1436 1271 1456 ,
1302 1420 1399 1459 quae
1432 1419 1511 1443 non
1540 1407 1612 1443 nisi
1632 1418 1653 1442 e
1686 1417 1774 1442 mo-

288 1460 502 1507 numenfis,
530 1462 679 1513 templis
695 1490 705 1510 ,
739 1463 989 1511 carminibus,
1020 1464 1155 1501 fabulis
1181 1464 1359 1514 cognosci
1377 1469 1535 1515 poterat,
1550 1458 1620 1511 Μ’)
1649 1463 1773 1498 Hero·

290 1512 400 1552 dotus
432 1523 615 1567 quatenus
651 1531 749 1570 quae
779 1518 827 1556 de
854 1518 911 1557 his
941 1518 1077 1557 tradita
1096 1521 1240 1558 invenit
1258 1522 1506 1572 accepitque,
1542 1519 1657 1556 literis
1678 1531 1774 1556 con-

288 1571 451 1621 signavit
469 1579 505 1609 et
526 1575 590 1625 qui
610 1574 828 1612 ferebantur
843 1573 965 1628 λόγοι,
998 1590 1060 1614 eos
1086 1577 1126 1613 in
1153 1591 1267 1614 suum
1287 1578 1412 1614 retulit
1433 1589 1548 1627 opus,
1577 1576 1658 1626 ipse
1674 1587 1774 1628 quo-

289 1625 495 1664 dammodo
515 1627 778 1681 λογογρᾶφων
801 1632 841 1667 in
861 1645 1022 1669 numero
1044 1634 1126 1669 iure
1146 1632 1320 1671 habetur.
1375 1635 1508 1684 Neque
1538 1644 1627 1669 vero
1657 1632 1696 1667 iu
1726 1640 1772 1667 eo

288 1684 487 1734 acquievit,
506 1684 546 1720 in
587 1698 663 1736 quo
693 1688 836 1736 priores
864 1685 1139 1739 λογογράφους
1173 1696 1259 1725 ante
1288 1690 1414 1739 ipsum
1432 1688 1634 1724 substitisse
1653 1684 1771 1724 modo

288 1736 475 1788 diximus,
523 1740 590 1778 sed
616 1743 778 1792 amplius
806 1743 846 1779 in
875 1756 1005 1780 rerum
1024 1743 1246 1780 traditarum
1266 1757 1410 1780 nexum
1439 1755 1645 1794 causasque
1675 1744 1770 1780 etin

288 1807 394 1842 eam,
434 1808 533 1847 quae
562 1796 651 1833 inde
679 1799 888 1848 enascitur,
922 1814 1050 1836 rerum
1077 1808 1269 1850 gestarum
1290 1802 1487 1838 veritatem
1521 1798 1771 1851 ordinemque

286 1850 559 1903 inquirendum
579 1860 679 1891 ratus
696 1867 716 1890 a
741 1856 910 1905 priorum
929 1857 1154 1907 scriptorum
1176 1858 1236 1894 via
1256 1858 1421 1893 muitum
1443 1855 1626 1901 discessit,
1647 1868 1771 1907 eoque

289 1907 370 1958 ipso
387 1907 548 1946 ostendit
572 1922 703 1947 veram
724 1909 899 1948 historiae
919 1914 1115 1950 notionem
1133 1927 1172 1950 se
1196 1915 1323 1950 animo
1345 1914 1566 1963 impressam
1581 1910 1769 1950 habuisse.

285 1963 398 2001 Unde
428 1977 519 2002 sane
548 1978 664 2004 nemo
690 1968 887 2005 mirabitur
914 1970 953 2005 in
970 1971 1034 2006 tali
1053 1971 1233 2020 scriptore
1263 1972 1353 2007 artis
1373 1972 1517 2006 criticae
1544 1968 1651 2006 initia
1670 1969 1770 2005 bene

286 2022 463 2071 cognosci
483 2034 604 2072 posse.
661 2023 772 2061 Gonf.
794 2032 890 2062 nott.
911 2025 959 2063 ad
987 2027 1049 2074 IV,
1074 2029 1152 2067 173
1174 2040 1212 2077 p.
1238 2027 1331 2075 583,
1351 2027 1413 2074 IV,
1440 2026 1512 2065 179
1538 2038 1577 2076 p.
1599 2026 1693 2067 591.
1715 2025 1766 2063 Τ.

284 2078 334 2114 Π·
362 2084 399 2114 et
425 2078 506 2126 VII,
535 2081 588 2119 20
621 2093 659 2130 p.
679 2079 761 2120 474
782 2081 833 2119 T.
852 2083 919 2121 111.
977 2082 1075 2120 Cum
1106 2084 1220 2133 igitur
1239 2084 1317 2120 veri
1336 2081 1501 2120 historici
1520 2089 1656 2132 partes,
1692 2079 1767 2119 hoc

285 2131 402 2172 modo
433 2147 522 2174 vera
549 2147 571 2172 a
600 2135 700 2174 falsis
725 2137 951 2190 seiungens‚
983 2140 1136 2192 explere
1165 2138 1348 2178 studuerit
1371 2141 1527 2188 Noster,
1562 2138 1767 2191 quaeritur,

375 2335 500 2416 *35Die
524 2335 643 2372 histor.
667 2337 780 2372 Kunst
801 2337 863 2372 der
879 2339 1020 2377 Griecli.
1038 2350 1116 2385 pag.
1143 2340 1186 2374 86
1211 2339 1283 2372 coli.
1298 2341 1353 2375 78.
1402 2339 1570 2384 Fragmm.
1594 2337 1764 2373 historice.

284 2391 362 2426 pag,
435 2407 442 2414 .

374 2450 418 2494 ⁸')
436 2450 522 2483 Hinc
545 2454 611 2484 tam
635 2451 751 2485 sedulo
774 2451 926 2493 donaria,
950 2456 1119 2496 portenta,
1144 2452 1278 2486 oracula
1303 2452 1412 2486 ubivis
1437 2455 1616 2487 recenset:
1639 2450 1764 2496 quippe

284 2493 371 2528 unde
396 2497 583 2530 narrationi
607 2508 648 2530 ex
673 2501 770 2540 parte
794 2498 878 2532 fides
903 2503 977 2532 erat
1002 2498 1217 2536 adstruenda,
1241 2499 1438 2542 praesertim
1462 2499 1495 2532 in
1526 2499 1627 2532 rebus
1651 2497 1761 2531 dubiis

284 2544 345 2572 aut
368 2542 463 2574 vario
487 2542 582 2575 modo
606 2543 750 2578 traditis.
800 2544 900 2578 Cons.
924 2544 1021 2578 modo
1045 2544 1073 2585 1,
1098 2545 1151 2578 50.
1177 2545 1231 2578 52.
1258 2545 1311 2579 92.
1337 2544 1383 2586 11,
1407 2544 1452 2578 44
1475 2555 1516 2577 ne
1536 2543 1641 2586 plura.
1669 2543 1762 2577 Bene

285 2583 371 2617 dixit
396 2586 575 2621 Meierotto
599 2588 826 2633 inscriptione
849 2601 923 2623 mox
947 2590 1117 2623 laudanda
1140 2603 1172 2635 p.
1194 2591 1272 2630 602,
1297 2591 1384 2624 603:
1409 2590 1501 2631 „Les
1525 2589 1678 2629 Oractes,
1701 2600 1763 2622 ac-

286 2631 421 2674 complis
445 2643 486 2665 ou
511 2644 587 2675 non,
614 2636 689 2667 n'en
715 2635 840 2670 etoient
863 2647 923 2679 pas
946 2636 1050 2669 moins
1075 2636 1116 2669 de
1138 2636 1308 2670 nouvenes
1330 2645 1466 2669 sources
1490 2632 1693 2678 historiques
1716 2633 1760 2667 οὺ

285 2674 350 2708 Pon
373 2675 497 2720 puisoit
520 2689 558 2710 ce
581 2679 636 2722 qui
661 2680 756 2714 avoit
779 2681 822 2714 dn
847 2685 921 2715 ὃτι-ε
944 2693 988 2714 un
1012 2682 1104 2725 objet
1120 2682 1162 2715 de
1184 2681 1365 2714 recherche
1385 2683 1420 2713 et
1436 2678 1575 2713 devenir
1598 2691 1641 2712 un
1666 2679 1761 2724 prin-

286 2719 361 2764 cipe
390 2721 537 2754 d'uction
570 2734 654 2766 pour
683 2725 743 2758 des
767 2729 856 2760 etate
890 2727 1015 2761 entiers
1049 2739 1092 2761 ou
1126 2738 1212 2772 pour
1239 2727 1298 2759 des
1331 2735 1556 2770 personnages
1586 2726 1760 2767 celebresg

286 2768 315 2798 c'
339 2766 463 2800 etoient
486 2766 544 2799 des
569 2772 677 2802 textes
700 2770 934 2806 ‹i'evenemens
957 2773 1108 2816 toujours
1133 2773 1274 2806 έιιοιιοὲε
1298 2771 1379 2803 dans
1403 2770 1434 2804 le
1456 2770 1543 2814 style
1566 2770 1677 2805 favori
1699 2769 1758 2805 des

287 2812 416 2846 Grecs:
439 2812 610 2848 Herodote
634 2826 676 2848 nc
697 2817 833 2860 pouvoit
859 2819 944 2853 donc
965 2818 1014 2852 les
1037 2829 1156 2863 passer
1177 2827 1256 2852 sous
1277 2816 1435 2852 silence.⁴‘
