<?xml version="1.0" encoding="UTF-8"?>
<!DOCTYPE html PUBLIC "-//W3C//DTD XHTML 1.0 Transitional//EN"
    "http://www.w3.org/TR/xhtml1/DTD/xhtml1-transitional.dtd">
<html xmlns="http://www.w3.org/1999/xhtml" xml:lang="en" lang="en">
 <head>
  <title>
</title>
<meta http-equiv="Content-Type" content="text/html;charset=utf-8" />
  <meta name='ocr-system' content='tesseract 3.04.00' />
  <meta name='ocr-capabilities' content='ocr_page ocr_carea ocr_par ocr_line ocrx_word'/>
</head>
<body>
  <div class='ocr_page' id='page_1' title='image "./musaeherodoto04hero_0550.png"; bbox 0 0 1879 3222; ppageno 0'>
   <div class='ocr_carea' id='block_1_1' title="bbox 239 184 323 224">
    <p class='ocr_par' dir='ltr' id='par_1_1' title="bbox 239 184 323 224">
     <span class='ocr_line' id='line_1_1' title="bbox 239 184 323 224; baseline 0 0"><span class='ocrx_word' id='word_1_1' title='bbox 239 184 323 224; x_wconf 70' lang='lat'>534</span> 
     </span>
    </p>
   </div>
   <div class='ocr_carea' id='block_1_2' title="bbox 285 289 961 2442">
    <p class='ocr_par' dir='ltr' id='par_1_2' title="bbox 285 289 961 2442">
     <span class='ocr_line' id='line_1_2' title="bbox 285 289 948 335; baseline 0.006 -11"><span class='ocrx_word' id='word_1_2' title='bbox 285 291 455 330; x_wconf 76' lang='lat' dir='ltr'>Thraces,</span> <span class='ocrx_word' id='word_1_3' title='bbox 475 289 516 331; x_wconf 82' lang='lat' dir='ltr'>V,</span> <span class='ocrx_word' id='word_1_4' title='bbox 533 289 556 323; x_wconf 81' lang='lat'>5</span> <span class='ocrx_word' id='word_1_5' title='bbox 578 291 650 324; x_wconf 83' lang='lat' dir='ltr'>not.</span> <span class='ocrx_word' id='word_1_6' title='bbox 670 290 875 325; x_wconf 85' lang='lat' dir='ltr'>mulieribus</span> <span class='ocrx_word' id='word_1_7' title='bbox 893 302 948 335; x_wconf 79' lang='lat' dir='ltr'>ap.</span> 
     </span>
     <span class='ocr_line' id='line_1_3' title="bbox 287 336 948 372; baseline 0.003 -3"><span class='ocrx_word' id='word_1_8' title='bbox 287 337 462 369; x_wconf 75' lang='lat' dir='ltr'>Gindanes</span> <span class='ocrx_word' id='word_1_9' title='bbox 498 336 621 369; x_wconf 89' lang='lat' dir='ltr'>honori</span> <span class='ocrx_word' id='word_1_10' title='bbox 658 341 709 370; x_wconf 76' lang='lat' dir='ltr'>est</span> <span class='ocrx_word' id='word_1_11' title='bbox 749 348 828 370; x_wconf 87' lang='lat' dir='ltr'>cum</span> <span class='ocrx_word' id='word_1_12' title='bbox 866 338 948 372; x_wconf 81' lang='lat' dir='ltr'>viris</span> 
     </span>
     <span class='ocr_line' id='line_1_4' title="bbox 286 382 948 425; baseline 0.003 -12"><span class='ocrx_word' id='word_1_13' title='bbox 286 394 390 425; x_wconf 84' lang='lat' dir='ltr'>quam</span> <span class='ocrx_word' id='word_1_14' title='bbox 425 382 582 425; x_wconf 85' lang='lat' dir='ltr'>plurimis</span> <span class='ocrx_word' id='word_1_15' title='bbox 607 383 851 425; x_wconf 74' lang='lat' dir='ltr'><strong>concubuisse,</strong></span> <span class='ocrx_word' id='word_1_16' title='bbox 888 384 948 425; x_wconf 81' lang='lat' dir='ltr'>lv,</span> 
     </span>
     <span class='ocr_line' id='line_1_5' title="bbox 286 428 947 472; baseline 0.005 -12"><span class='ocrx_word' id='word_1_17' title='bbox 286 428 354 461; x_wconf 67' lang='lat'>136</span> <span class='ocrx_word' id='word_1_18' title='bbox 377 434 445 461; x_wconf 85' lang='lat' dir='ltr'>not.</span> <span class='ocrx_word' id='word_1_19' title='bbox 473 429 635 461; x_wconf 78' lang='lat' dir='ltr'>mulieres</span> <span class='ocrx_word' id='word_1_20' title='bbox 656 429 847 472; x_wconf 72' lang='lat' dir='ltr'>promiscue</span> <span class='ocrx_word' id='word_1_21' title='bbox 869 441 947 463; x_wconf 89' lang='lat' dir='ltr'>cum</span> 
     </span>
     <span class='ocr_line' id='line_1_6' title="bbox 287 474 947 520; baseline 0.005 -14"><span class='ocrx_word' id='word_1_22' title='bbox 287 475 371 506; x_wconf 76' lang='lat' dir='ltr'>viris</span> <span class='ocrx_word' id='word_1_23' title='bbox 401 475 525 507; x_wconf 65' lang='lat' dir='ltr'>coeunt</span> <span class='ocrx_word' id='word_1_24' title='bbox 552 474 643 516; x_wconf 83' lang='lat' dir='ltr'>apud</span> <span class='ocrx_word' id='word_1_25' title='bbox 668 475 893 520; x_wconf 73' lang='lat' dir='ltr'>Massagetas,</span> <span class='ocrx_word' id='word_1_26' title='bbox 921 476 947 517; x_wconf 88' lang='lat' dir='ltr'>l,</span> 
     </span>
     <span class='ocr_line' id='line_1_7' title="bbox 289 519 947 555; baseline 0.005 -3"><span class='ocrx_word' id='word_1_27' title='bbox 289 519 366 553; x_wconf 69' lang='lat'><strong>126.</strong></span> <span class='ocrx_word' id='word_1_28' title='bbox 387 519 455 552; x_wconf 79' lang='lat' dir='ltr'><strong>vid.</strong></span> <span class='ocrx_word' id='word_1_29' title='bbox 478 520 688 554; x_wconf 77' lang='lat' dir='ltr'><em>Concubitus.</em></span> <span class='ocrx_word' id='word_1_30' title='bbox 707 522 832 554; x_wconf 85' lang='lat' dir='ltr'>mulier</span> <span class='ocrx_word' id='word_1_31' title='bbox 849 532 947 555; x_wconf 72' lang='lat' dir='ltr'>sacra</span> 
     </span>
     <span class='ocr_line' id='line_1_8' title="bbox 288 565 951 608; baseline 0.003 -10"><span class='ocrx_word' id='word_1_32' title='bbox 288 566 322 598; x_wconf 87' lang='lat' dir='ltr'>in</span> <span class='ocrx_word' id='word_1_33' title='bbox 343 565 417 598; x_wconf 81' lang='lat' dir='ltr'>Beli</span> <span class='ocrx_word' id='word_1_34' title='bbox 436 567 565 608; x_wconf 86' lang='lat' dir='ltr'>templo</span> <span class='ocrx_word' id='word_1_35' title='bbox 587 571 620 598; x_wconf 86' lang='lat' dir='ltr'>et</span> <span class='ocrx_word' id='word_1_36' title='bbox 645 567 680 600; x_wconf 88' lang='lat' dir='ltr'>in</span> <span class='ocrx_word' id='word_1_37' title='bbox 701 566 792 599; x_wconf 77' lang='lat' dir='ltr'>Iovis</span> <span class='ocrx_word' id='word_1_38' title='bbox 807 567 951 600; x_wconf 71' lang='lat' dir='ltr'>&#39;rhena-</span> 
     </span>
     <span class='ocr_line' id='line_1_9' title="bbox 287 611 947 655; baseline 0.005 -12"><span class='ocrx_word' id='word_1_39' title='bbox 287 612 322 643; x_wconf 73' lang='lat' dir='ltr'>ni</span> <span class='ocrx_word' id='word_1_40' title='bbox 342 611 474 652; x_wconf 53' lang='lat' dir='ltr'>aeden,</span> <span class='ocrx_word' id='word_1_41' title='bbox 495 611 561 644; x_wconf 82' lang='grc'>182</span> <span class='ocrx_word' id='word_1_42' title='bbox 574 616 641 645; x_wconf 86' lang='lat' dir='ltr'>not.</span> <span class='ocrx_word' id='word_1_43' title='bbox 658 613 874 646; x_wconf 78' lang='lat' dir='ltr'>—mulieres</span> <span class='ocrx_word' id='word_1_44' title='bbox 893 625 947 655; x_wconf 88' lang='lat' dir='ltr'>up.</span> 
     </span>
     <span class='ocr_line' id='line_1_10' title="bbox 287 656 952 700; baseline 0.002 -11"><span class='ocrx_word' id='word_1_45' title='bbox 287 656 501 700; x_wconf 74' lang='lat' dir='ltr'>Babylonios</span> <span class='ocrx_word' id='word_1_46' title='bbox 518 658 624 691; x_wconf 88' lang='lat' dir='ltr'>semel</span> <span class='ocrx_word' id='word_1_47' title='bbox 652 658 686 691; x_wconf 89' lang='lat' dir='ltr'>iu</span> <span class='ocrx_word' id='word_1_48' title='bbox 709 659 847 692; x_wconf 80' lang='lat' dir='ltr'>Veneris</span> <span class='ocrx_word' id='word_1_49' title='bbox 863 663 952 692; x_wconf 82' lang='lat' dir='ltr'>tem-</span> 
     </span>
     <span class='ocr_line' id='line_1_11' title="bbox 289 703 951 747; baseline 0.002 -13"><span class='ocrx_word' id='word_1_50' title='bbox 289 703 345 744; x_wconf 89' lang='lat' dir='ltr'>plo</span> <span class='ocrx_word' id='word_1_51' title='bbox 368 713 448 735; x_wconf 89' lang='lat' dir='ltr'>eum</span> <span class='ocrx_word' id='word_1_52' title='bbox 472 703 547 737; x_wconf 86' lang='lat' dir='ltr'>viro</span> <span class='ocrx_word' id='word_1_53' title='bbox 580 704 761 747; x_wconf 77' lang='lat' dir='ltr'>peregrino</span> <span class='ocrx_word' id='word_1_54' title='bbox 789 715 951 737; x_wconf 85' lang='lat' dir='ltr'>coneum-</span> 
     </span>
     <span class='ocr_line' id='line_1_12' title="bbox 288 748 947 792; baseline 0.003 -12"><span class='ocrx_word' id='word_1_55' title='bbox 288 749 382 789; x_wconf 85' lang='lat' dir='ltr'>bunt,</span> <span class='ocrx_word' id='word_1_56' title='bbox 411 749 439 789; x_wconf 87' lang='grc' dir='ltr'>Ι,</span> <span class='ocrx_word' id='word_1_57' title='bbox 460 748 528 783; x_wconf 91' lang='grc'>199</span> <span class='ocrx_word' id='word_1_58' title='bbox 553 754 623 782; x_wconf 88' lang='lat' dir='ltr'>not.</span> <span class='ocrx_word' id='word_1_59' title='bbox 644 769 687 773; x_wconf 97' lang='lat'><strong>—</strong></span> <span class='ocrx_word' id='word_1_60' title='bbox 708 751 870 783; x_wconf 83' lang='lat' dir='ltr'>mulieres</span> <span class='ocrx_word' id='word_1_61' title='bbox 892 761 947 792; x_wconf 88' lang='lat' dir='ltr'>ap.</span> 
     </span>
     <span class='ocr_line' id='line_1_13' title="bbox 287 794 952 837; baseline 0 -10"><span class='ocrx_word' id='word_1_62' title='bbox 287 794 498 837; x_wconf 76' lang='lat' dir='ltr'>Babylonios</span> <span class='ocrx_word' id='word_1_63' title='bbox 516 801 550 828; x_wconf 88' lang='lat' dir='ltr'>et</span> <span class='ocrx_word' id='word_1_64' title='bbox 566 796 707 828; x_wconf 71' lang='lat' dir='ltr'>Venetos</span> <span class='ocrx_word' id='word_1_65' title='bbox 723 796 756 827; x_wconf 85' lang='lat' dir='ltr'>in</span> <span class='ocrx_word' id='word_1_66' title='bbox 773 796 952 828; x_wconf 83' lang='lat' dir='ltr'>matrimo-</span> 
     </span>
     <span class='ocr_line' id='line_1_14' title="bbox 287 839 949 883; baseline 0.002 -11"><span class='ocrx_word' id='word_1_67' title='bbox 287 839 383 872; x_wconf 90' lang='lat' dir='ltr'>nium</span> <span class='ocrx_word' id='word_1_68' title='bbox 417 851 438 873; x_wconf 84' lang='lat' dir='ltr'>a</span> <span class='ocrx_word' id='word_1_69' title='bbox 474 851 642 883; x_wconf 75' lang='lat' dir='ltr'>praecone</span> <span class='ocrx_word' id='word_1_70' title='bbox 680 842 892 881; x_wconf 75' lang='lat' dir='ltr'>venduntur,</span> <span class='ocrx_word' id='word_1_71' title='bbox 920 841 949 883; x_wconf 90' lang='grc' dir='ltr'>Ι,</span> 
     </span>
     <span class='ocr_line' id='line_1_15' title="bbox 286 886 951 920; baseline 0.003 -2"><span class='ocrx_word' id='word_1_72' title='bbox 286 886 354 918; x_wconf 72' lang='grc'>196</span> <span class='ocrx_word' id='word_1_73' title='bbox 374 891 445 919; x_wconf 87' lang='lat' dir='ltr'>not.</span> <span class='ocrx_word' id='word_1_74' title='bbox 462 905 508 911; x_wconf 91' lang='lat'>—-</span> <span class='ocrx_word' id='word_1_75' title='bbox 529 886 696 918; x_wconf 76' lang='lat' dir='ltr'>Mulieres</span> <span class='ocrx_word' id='word_1_76' title='bbox 723 887 758 919; x_wconf 89' lang='lat' dir='ltr'>in</span> <span class='ocrx_word' id='word_1_77' title='bbox 789 886 951 920; x_wconf 81' lang='lat' dir='ltr'>convivia</span> 
     </span>
     <span class='ocr_line' id='line_1_16' title="bbox 287 931 951 975; baseline 0.002 -11"><span class='ocrx_word' id='word_1_78' title='bbox 287 932 468 971; x_wconf 78' lang='lat' dir='ltr'>adducere,</span> <span class='ocrx_word' id='word_1_79' title='bbox 491 931 606 965; x_wconf 72' lang='lat' dir='ltr'>Persis</span> <span class='ocrx_word' id='word_1_80' title='bbox 633 935 684 964; x_wconf 85' lang='lat' dir='ltr'>est</span> <span class='ocrx_word' id='word_1_81' title='bbox 712 943 798 974; x_wconf 79' lang='lat' dir='ltr'>moS,</span> <span class='ocrx_word' id='word_1_82' title='bbox 830 934 869 975; x_wconf 74' lang='lat' dir='ltr'>V,</span> <span class='ocrx_word' id='word_1_83' title='bbox 895 932 951 966; x_wconf 87' lang='grc'>18.</span> 
     </span>
     <span class='ocr_line' id='line_1_17' title="bbox 286 976 952 1019; baseline 0.005 -11"><span class='ocrx_word' id='word_1_84' title='bbox 286 976 450 1009; x_wconf 84' lang='lat' dir='ltr'>mulieres</span> <span class='ocrx_word' id='word_1_85' title='bbox 466 977 542 1009; x_wconf 78' lang='lat' dir='ltr'>fuso</span> <span class='ocrx_word' id='word_1_86' title='bbox 561 981 593 1009; x_wconf 88' lang='lat' dir='ltr'>et</span> <span class='ocrx_word' id='word_1_87' title='bbox 611 978 698 1019; x_wconf 86' lang='lat' dir='ltr'>colo,</span> <span class='ocrx_word' id='word_1_88' title='bbox 719 989 781 1011; x_wconf 84' lang='lat' dir='ltr'>nec</span> <span class='ocrx_word' id='word_1_89' title='bbox 801 989 881 1011; x_wconf 86' lang='lat' dir='ltr'>vero</span> <span class='ocrx_word' id='word_1_90' title='bbox 897 988 952 1011; x_wconf 82' lang='lat' dir='ltr'>ex-</span> 
     </span>
     <span class='ocr_line' id='line_1_18' title="bbox 287 1022 953 1067; baseline 0.006 -13"><span class='ocrx_word' id='word_1_91' title='bbox 287 1022 397 1055; x_wconf 86' lang='lat' dir='ltr'>ercitu</span> <span class='ocrx_word' id='word_1_92' title='bbox 415 1022 604 1061; x_wconf 84' lang='lat' dir='ltr'>donandae,</span> <span class='ocrx_word' id='word_1_93' title='bbox 620 1023 678 1061; x_wconf 82' lang='lat' dir='ltr'>lV,</span> <span class='ocrx_word' id='word_1_94' title='bbox 697 1024 774 1057; x_wconf 78' lang='grc'><strong>102.</strong></span> <span class='ocrx_word' id='word_1_95' title='bbox 797 1035 851 1067; x_wconf 88' lang='lat' dir='ltr'>ap.</span> <span class='ocrx_word' id='word_1_96' title='bbox 870 1026 953 1058; x_wconf 81' lang='lat' dir='ltr'>Per-</span> 
     </span>
     <span class='ocr_line' id='line_1_19' title="bbox 285 1069 956 1111; baseline 0.006 -11"><span class='ocrx_word' id='word_1_97' title='bbox 285 1079 339 1101; x_wconf 79' lang='lat' dir='ltr'>sas</span> <span class='ocrx_word' id='word_1_98' title='bbox 358 1079 439 1101; x_wconf 86' lang='lat' dir='ltr'>vero</span> <span class='ocrx_word' id='word_1_99' title='bbox 458 1069 548 1101; x_wconf 75' lang='lat' dir='ltr'>alius</span> <span class='ocrx_word' id='word_1_100' title='bbox 560 1080 639 1107; x_wconf 68' lang='grc' dir='ltr'>τηοε,</span> <span class='ocrx_word' id='word_1_101' title='bbox 655 1069 715 1111; x_wconf 80' lang='lat' dir='ltr'>lx,</span> <span class='ocrx_word' id='word_1_102' title='bbox 728 1069 804 1103; x_wconf 87' lang='grc'><strong>109.</strong></span> <span class='ocrx_word' id='word_1_103' title='bbox 817 1090 860 1097; x_wconf 89' lang='grc'>-</span> <span class='ocrx_word' id='word_1_104' title='bbox 876 1081 956 1103; x_wconf 89' lang='lat' dir='ltr'>mu-</span> 
     </span>
     <span class='ocr_line' id='line_1_20' title="bbox 285 1114 954 1159; baseline 0.001 -11"><span class='ocrx_word' id='word_1_105' title='bbox 285 1115 352 1148; x_wconf 82' lang='lat' dir='ltr'>lier</span> <span class='ocrx_word' id='word_1_106' title='bbox 373 1115 510 1155; x_wconf 83' lang='lat' dir='ltr'>vocari,</span> <span class='ocrx_word' id='word_1_107' title='bbox 540 1114 652 1147; x_wconf 58' lang='lat' dir='ltr'>Peras</span> <span class='ocrx_word' id='word_1_108' title='bbox 677 1115 867 1149; x_wconf 79' lang='lat' dir='ltr'>maximum</span> <span class='ocrx_word' id='word_1_109' title='bbox 891 1128 954 1159; x_wconf 85' lang='lat' dir='ltr'>op-</span> 
     </span>
     <span class='ocr_line' id='line_1_21' title="bbox 288 1160 953 1205; baseline 0.008 -14"><span class='ocrx_word' id='word_1_110' title='bbox 288 1160 481 1203; x_wconf 82' lang='lat' dir='ltr'>probrium,</span> <span class='ocrx_word' id='word_1_111' title='bbox 506 1161 564 1200; x_wconf 79' lang='lat' dir='ltr'>lx,</span> <span class='ocrx_word' id='word_1_112' title='bbox 587 1160 662 1192; x_wconf 94' lang='grc'><strong>107.</strong></span> <span class='ocrx_word' id='word_1_113' title='bbox 680 1165 723 1205; x_wconf 80' lang='lat' dir='ltr'>cf,</span> <span class='ocrx_word' id='word_1_114' title='bbox 745 1173 820 1205; x_wconf 81' lang='lat' dir='ltr'>cup.</span> <span class='ocrx_word' id='word_1_115' title='bbox 842 1161 897 1195; x_wconf 82' lang='lat'><strong>20.</strong></span> <span class='ocrx_word' id='word_1_116' title='bbox 920 1166 953 1196; x_wconf 84' lang='lat' dir='ltr'>et</span> 
     </span>
     <span class='ocr_line' id='line_1_22' title="bbox 289 1205 953 1248; baseline 0.006 -11"><span class='ocrx_word' id='word_1_117' title='bbox 289 1205 385 1248; x_wconf 69' lang='lat' dir='ltr'>UH,</span> <span class='ocrx_word' id='word_1_118' title='bbox 413 1205 469 1239; x_wconf 79' lang='grc'>88.</span> <span class='ocrx_word' id='word_1_119' title='bbox 486 1227 531 1232; x_wconf 92' lang='lat'>—-</span> <span class='ocrx_word' id='word_1_120' title='bbox 552 1206 738 1240; x_wconf 77' lang='lat' dir='ltr'>mulierum</span> <span class='ocrx_word' id='word_1_121' title='bbox 762 1209 873 1241; x_wconf 79' lang='lat' dir='ltr'>mutui</span> <span class='ocrx_word' id='word_1_122' title='bbox 896 1219 953 1241; x_wconf 86' lang='lat' dir='ltr'>ra-</span> 
     </span>
     <span class='ocr_line' id='line_1_23' title="bbox 288 1251 955 1294; baseline 0.006 -11"><span class='ocrx_word' id='word_1_123' title='bbox 288 1256 365 1294; x_wconf 76' lang='lat' dir='ltr'>ptus</span> <span class='ocrx_word' id='word_1_124' title='bbox 394 1251 656 1284; x_wconf 71' lang='lat' dir='ltr'>inimicitiarum</span> <span class='ocrx_word' id='word_1_125' title='bbox 687 1254 777 1286; x_wconf 89' lang='lat' dir='ltr'>inter</span> <span class='ocrx_word' id='word_1_126' title='bbox 802 1255 955 1287; x_wconf 83' lang='lat' dir='ltr'>Graecos</span> 
     </span>
     <span class='ocr_line' id='line_1_24' title="bbox 289 1297 954 1343; baseline 0.005 -14"><span class='ocrx_word' id='word_1_127' title='bbox 289 1304 322 1330; x_wconf 83' lang='lat' dir='ltr'>et</span> <span class='ocrx_word' id='word_1_128' title='bbox 347 1297 449 1330; x_wconf 72' lang='lat' dir='ltr'>Asiae</span> <span class='ocrx_word' id='word_1_129' title='bbox 475 1299 621 1340; x_wconf 83' lang='lat' dir='ltr'>populos</span> <span class='ocrx_word' id='word_1_130' title='bbox 646 1299 757 1340; x_wconf 83' lang='lat' dir='ltr'>prima</span> <span class='ocrx_word' id='word_1_131' title='bbox 781 1300 895 1343; x_wconf 69' lang='lat' dir='ltr'>origo,</span> <span class='ocrx_word' id='word_1_132' title='bbox 927 1300 954 1340; x_wconf 86' lang='lat'>1,</span> 
     </span>
     <span class='ocr_line' id='line_1_25' title="bbox 288 1342 956 1386; baseline 0.006 -12"><span class='ocrx_word' id='word_1_133' title='bbox 288 1343 305 1374; x_wconf 86' lang='lat'>1</span> <span class='ocrx_word' id='word_1_134' title='bbox 335 1347 393 1375; x_wconf 89' lang='lat' dir='ltr'>uot</span> <span class='ocrx_word' id='word_1_135' title='bbox 427 1342 460 1376; x_wconf 85' lang='lat'><strong>5.</strong></span> <span class='ocrx_word' id='word_1_136' title='bbox 478 1345 523 1386; x_wconf 83' lang='lat' dir='ltr'>cf.</span> <span class='ocrx_word' id='word_1_137' title='bbox 548 1343 609 1385; x_wconf 88' lang='lat'>111,</span> <span class='ocrx_word' id='word_1_138' title='bbox 631 1344 709 1379; x_wconf 77' lang='lat'><strong>134.</strong></span> <span class='ocrx_word' id='word_1_139' title='bbox 733 1346 778 1379; x_wconf 79' lang='lat' dir='ltr'>ol)</span> <span class='ocrx_word' id='word_1_140' title='bbox 795 1347 956 1379; x_wconf 83' lang='lat' dir='ltr'>mulieres</span> 
     </span>
     <span class='ocr_line' id='line_1_26' title="bbox 291 1389 955 1435; baseline 0.006 -14"><span class='ocrx_word' id='word_1_141' title='bbox 291 1389 420 1421; x_wconf 81' lang='lat' dir='ltr'>bellum</span> <span class='ocrx_word' id='word_1_142' title='bbox 444 1390 627 1422; x_wconf 85' lang='lat' dir='ltr'>Persarum</span> <span class='ocrx_word' id='word_1_143' title='bbox 653 1393 730 1424; x_wconf 84' lang='lat' dir='ltr'>adv.</span> <span class='ocrx_word' id='word_1_144' title='bbox 758 1394 955 1435; x_wconf 75' lang='lat' dir='ltr'>Aegyptum</span> 
     </span>
     <span class='ocr_line' id='line_1_27' title="bbox 290 1436 955 1475; baseline 0.008 -10"><span class='ocrx_word' id='word_1_145' title='bbox 290 1440 521 1475; x_wconf 79' lang='lat' dir='ltr'>commotum,</span> <span class='ocrx_word' id='word_1_146' title='bbox 556 1436 617 1474; x_wconf 80' lang='grc' dir='ltr'>ΙΙΙ,</span> <span class='ocrx_word' id='word_1_147' title='bbox 642 1436 759 1469; x_wconf 83' lang='grc'><strong>1-3.</strong></span> <span class='ocrx_word' id='word_1_148' title='bbox 794 1438 955 1470; x_wconf 82' lang='lat' dir='ltr'>mulieres</span> 
     </span>
     <span class='ocr_line' id='line_1_28' title="bbox 290 1481 958 1526; baseline 0.007 -14"><span class='ocrx_word' id='word_1_149' title='bbox 290 1481 490 1524; x_wconf 71' lang='lat' dir='ltr'>Minyarum</span> <span class='ocrx_word' id='word_1_150' title='bbox 509 1482 653 1515; x_wconf 80' lang='lat' dir='ltr'>maritos</span> <span class='ocrx_word' id='word_1_151' title='bbox 676 1484 849 1526; x_wconf 79' lang='lat' dir='ltr'>supplicio</span> <span class='ocrx_word' id='word_1_152' title='bbox 868 1484 958 1517; x_wconf 83' lang='lat' dir='ltr'>libe-</span> 
     </span>
     <span class='ocr_line' id='line_1_29' title="bbox 291 1526 957 1567; baseline 0.006 -8"><span class='ocrx_word' id='word_1_153' title='bbox 291 1532 389 1567; x_wconf 78' lang='lat' dir='ltr'>rant,</span> <span class='ocrx_word' id='word_1_154' title='bbox 413 1526 471 1567; x_wconf 89' lang='lat' dir='ltr'>IV,</span> <span class='ocrx_word' id='word_1_155' title='bbox 494 1526 561 1560; x_wconf 75' lang='lat'>146</span> <span class='ocrx_word' id='word_1_156' title='bbox 585 1532 653 1561; x_wconf 86' lang='lat' dir='ltr'>not.</span> <span class='ocrx_word' id='word_1_157' title='bbox 689 1530 850 1562; x_wconf 82' lang='lat' dir='ltr'>mulieres</span> <span class='ocrx_word' id='word_1_158' title='bbox 873 1533 957 1565; x_wconf 82' lang='lat' dir='ltr'>vett.</span> 
     </span>
     <span class='ocr_line' id='line_1_30' title="bbox 291 1574 955 1616; baseline 0.008 -13"><span class='ocrx_word' id='word_1_159' title='bbox 291 1583 414 1614; x_wconf 82' lang='lat' dir='ltr'>panem</span> <span class='ocrx_word' id='word_1_160' title='bbox 439 1574 641 1615; x_wconf 84' lang='lat' dir='ltr'>conficiunt,</span> <span class='ocrx_word' id='word_1_161' title='bbox 674 1575 753 1616; x_wconf 74' lang='lat' dir='ltr'>vll,</span> <span class='ocrx_word' id='word_1_162' title='bbox 788 1575 855 1609; x_wconf 91' lang='grc'>187</span> <span class='ocrx_word' id='word_1_163' title='bbox 886 1580 955 1608; x_wconf 87' lang='lat' dir='ltr'>not.</span> 
     </span>
     <span class='ocr_line' id='line_1_31' title="bbox 291 1617 958 1658; baseline 0.007 -10"><span class='ocrx_word' id='word_1_164' title='bbox 291 1618 385 1658; x_wconf 76' lang='lat' dir='ltr'>vm,</span> <span class='ocrx_word' id='word_1_165' title='bbox 410 1617 475 1650; x_wconf 76' lang='lat'>137</span> <span class='ocrx_word' id='word_1_166' title='bbox 499 1623 569 1651; x_wconf 90' lang='lat' dir='ltr'>not.</span> <span class='ocrx_word' id='word_1_167' title='bbox 594 1620 755 1653; x_wconf 72' lang='lat' dir='ltr'>mulieres</span> <span class='ocrx_word' id='word_1_168' title='bbox 775 1621 958 1653; x_wconf 78' lang='lat' dir='ltr'>Athenien-</span> 
     </span>
     <span class='ocr_line' id='line_1_32' title="bbox 292 1663 959 1708; baseline 0.006 -13"><span class='ocrx_word' id='word_1_169' title='bbox 292 1663 382 1695; x_wconf 76' lang='lat' dir='ltr'>sium</span> <span class='ocrx_word' id='word_1_170' title='bbox 415 1664 593 1696; x_wconf 81' lang='lat' dir='ltr'>Braurone</span> <span class='ocrx_word' id='word_1_171' title='bbox 631 1666 768 1707; x_wconf 89' lang='lat' dir='ltr'>rapiunt</span> <span class='ocrx_word' id='word_1_172' title='bbox 807 1666 959 1708; x_wconf 76' lang='lat' dir='ltr'>Pelasgi,</span> 
     </span>
     <span class='ocr_line' id='line_1_33' title="bbox 293 1706 957 1750; baseline 0.006 -11"><span class='ocrx_word' id='word_1_173' title='bbox 293 1709 351 1748; x_wconf 60' lang='lat' dir='ltr'>lv,</span> <span class='ocrx_word' id='word_1_174' title='bbox 372 1706 436 1740; x_wconf 74' lang='lat'>145</span> <span class='ocrx_word' id='word_1_175' title='bbox 448 1713 514 1740; x_wconf 90' lang='lat' dir='ltr'>not.</span> <span class='ocrx_word' id='word_1_176' title='bbox 533 1714 566 1741; x_wconf 87' lang='lat' dir='ltr'>et</span> <span class='ocrx_word' id='word_1_177' title='bbox 582 1716 700 1750; x_wconf 75' lang='lat' dir='ltr'>postea</span> <span class='ocrx_word' id='word_1_178' title='bbox 715 1712 747 1743; x_wconf 92' lang='lat' dir='ltr'>in</span> <span class='ocrx_word' id='word_1_179' title='bbox 762 1712 889 1743; x_wconf 89' lang='lat' dir='ltr'>Lemno</span> <span class='ocrx_word' id='word_1_180' title='bbox 907 1712 957 1743; x_wconf 88' lang='lat' dir='ltr'>in-</span> 
     </span>
     <span class='ocr_line' id='line_1_34' title="bbox 292 1753 960 1793; baseline 0.003 -7"><span class='ocrx_word' id='word_1_181' title='bbox 292 1753 473 1793; x_wconf 82' lang='lat' dir='ltr'>terficiunt,</span> <span class='ocrx_word' id='word_1_182' title='bbox 498 1753 555 1793; x_wconf 89' lang='lat' dir='ltr'>VI,</span> <span class='ocrx_word' id='word_1_183' title='bbox 581 1754 659 1788; x_wconf 80' lang='lat'><strong>138.</strong></span> <span class='ocrx_word' id='word_1_184' title='bbox 674 1775 714 1780; x_wconf 90' lang='lat'>——</span> <span class='ocrx_word' id='word_1_185' title='bbox 738 1756 960 1789; x_wconf 82' lang='lat' dir='ltr'>Lemniorum</span> 
     </span>
     <span class='ocr_line' id='line_1_35' title="bbox 294 1799 959 1842; baseline 0.006 -12"><span class='ocrx_word' id='word_1_186' title='bbox 294 1799 455 1831; x_wconf 73' lang='lat' dir='ltr'>mulieres</span> <span class='ocrx_word' id='word_1_187' title='bbox 478 1799 620 1832; x_wconf 76' lang='lat' dir='ltr'>maritos</span> <span class='ocrx_word' id='word_1_188' title='bbox 643 1813 722 1833; x_wconf 83' lang='lat' dir='ltr'>suos</span> <span class='ocrx_word' id='word_1_189' title='bbox 745 1808 876 1840; x_wconf 87' lang='lat' dir='ltr'>necant,</span> <span class='ocrx_word' id='word_1_190' title='bbox 904 1802 959 1842; x_wconf 73' lang='lat' dir='ltr'>VI,</span> 
     </span>
     <span class='ocr_line' id='line_1_36' title="bbox 293 1844 959 1890; baseline 0.006 -14"><span class='ocrx_word' id='word_1_191' title='bbox 293 1844 371 1877; x_wconf 80' lang='grc'><strong>138.</strong></span> <span class='ocrx_word' id='word_1_192' title='bbox 405 1862 450 1867; x_wconf 86' lang='grc'>-</span> <span class='ocrx_word' id='word_1_193' title='bbox 488 1845 651 1878; x_wconf 86' lang='lat' dir='ltr'>mulieres</span> <span class='ocrx_word' id='word_1_194' title='bbox 684 1847 959 1890; x_wconf 77' lang='lat' dir='ltr'>Babyloniorum</span> 
     </span>
     <span class='ocr_line' id='line_1_37' title="bbox 292 1890 960 1933; baseline 0.003 -10"><span class='ocrx_word' id='word_1_195' title='bbox 292 1890 531 1933; x_wconf 69' lang='lat' dir='ltr'>strangulatae</span> <span class='ocrx_word' id='word_1_196' title='bbox 556 1902 598 1922; x_wconf 87' lang='lat' dir='ltr'>ue</span> <span class='ocrx_word' id='word_1_197' title='bbox 622 1892 832 1925; x_wconf 81' lang='lat' dir='ltr'>frumentum</span> <span class='ocrx_word' id='word_1_198' title='bbox 857 1893 960 1926; x_wconf 84' lang='lat' dir='ltr'>absu-</span> 
     </span>
     <span class='ocr_line' id='line_1_38' title="bbox 295 1934 958 1980; baseline 0.008 -13"><span class='ocrx_word' id='word_1_199' title='bbox 295 1940 437 1976; x_wconf 79' lang='lat' dir='ltr'>merent,</span> <span class='ocrx_word' id='word_1_200' title='bbox 463 1935 525 1976; x_wconf 88' lang='grc' dir='ltr'>ΙΙΙ,</span> <span class='ocrx_word' id='word_1_201' title='bbox 551 1934 628 1969; x_wconf 83' lang='lat'><strong>150.</strong></span> <span class='ocrx_word' id='word_1_202' title='bbox 654 1941 697 1980; x_wconf 85' lang='lat' dir='ltr'>cf.</span> <span class='ocrx_word' id='word_1_203' title='bbox 724 1950 751 1971; x_wconf 86' lang='lat' dir='ltr'>c.</span> <span class='ocrx_word' id='word_1_204' title='bbox 779 1936 855 1971; x_wconf 82' lang='lat'><strong>159.</strong></span> <span class='ocrx_word' id='word_1_205' title='bbox 881 1950 958 1972; x_wconf 87' lang='lat' dir='ltr'>mu-</span> 
     </span>
     <span class='ocr_line' id='line_1_39' title="bbox 295 1981 957 2026; baseline 0.005 -12"><span class='ocrx_word' id='word_1_206' title='bbox 295 1982 363 2014; x_wconf 84' lang='lat' dir='ltr'>lier</span> <span class='ocrx_word' id='word_1_207' title='bbox 386 1981 420 2014; x_wconf 91' lang='lat' dir='ltr'>iu</span> <span class='ocrx_word' id='word_1_208' title='bbox 445 1982 574 2023; x_wconf 85' lang='lat' dir='ltr'>templo</span> <span class='ocrx_word' id='word_1_209' title='bbox 598 1982 690 2016; x_wconf 79' lang='lat' dir='ltr'>Iovis</span> <span class='ocrx_word' id='word_1_210' title='bbox 705 1984 905 2026; x_wconf 73' lang='lat' dir='ltr'>Babylonii,</span> <span class='ocrx_word' id='word_1_211' title='bbox 929 1985 957 2022; x_wconf 91' lang='lat' dir='ltr'>I,</span> 
     </span>
     <span class='ocr_line' id='line_1_40' title="bbox 293 2026 959 2073; baseline 0.006 -14"><span class='ocrx_word' id='word_1_212' title='bbox 293 2026 361 2060; x_wconf 67' lang='lat'>&#39;182</span> <span class='ocrx_word' id='word_1_213' title='bbox 384 2030 453 2060; x_wconf 84' lang='lat' dir='ltr'>not.</span> <span class='ocrx_word' id='word_1_214' title='bbox 477 2028 640 2062; x_wconf 85' lang='lat' dir='ltr'>mulieres</span> <span class='ocrx_word' id='word_1_215' title='bbox 664 2040 684 2062; x_wconf 84' lang='lat' dir='ltr'>a</span> <span class='ocrx_word' id='word_1_216' title='bbox 706 2030 828 2062; x_wconf 71' lang='lat' dir='ltr'>vicinis</span> <span class='ocrx_word' id='word_1_217' title='bbox 853 2042 959 2073; x_wconf 87' lang='lat' dir='ltr'>popu-</span> 
     </span>
     <span class='ocr_line' id='line_1_41' title="bbox 294 2073 960 2116; baseline 0.005 -10"><span class='ocrx_word' id='word_1_218' title='bbox 294 2074 337 2106; x_wconf 73' lang='lat' dir='ltr'>lis</span> <span class='ocrx_word' id='word_1_219' title='bbox 354 2073 571 2116; x_wconf 79' lang='lat' dir='ltr'>Babylonem</span> <span class='ocrx_word' id='word_1_220' title='bbox 593 2075 720 2108; x_wconf 78' lang='lat' dir='ltr'>missae</span> <span class='ocrx_word' id='word_1_221' title='bbox 734 2076 828 2108; x_wconf 84' lang='lat' dir='ltr'>Darii</span> <span class='ocrx_word' id='word_1_222' title='bbox 854 2076 960 2116; x_wconf 69' lang='lat' dir='ltr'>iussu,</span> 
     </span>
     <span class='ocr_line' id='line_1_42' title="bbox 294 2118 960 2155; baseline 0.006 -4"><span class='ocrx_word' id='word_1_223' title='bbox 294 2131 323 2153; x_wconf 89' lang='lat' dir='ltr'>c.</span> <span class='ocrx_word' id='word_1_224' title='bbox 364 2118 442 2153; x_wconf 87' lang='lat'><strong>159.</strong></span> <span class='ocrx_word' id='word_1_225' title='bbox 485 2120 689 2154; x_wconf 84' lang='lat' dir='ltr'>mulieribus</span> <span class='ocrx_word' id='word_1_226' title='bbox 726 2123 960 2155; x_wconf 76' lang='lat' dir='ltr'>Bar-caeorum</span> 
     </span>
     <span class='ocr_line' id='line_1_43' title="bbox 294 2168 961 2209; baseline 0.007 -13"><span class='ocrx_word' id='word_1_227' title='bbox 294 2175 470 2198; x_wconf 79' lang='lat' dir='ltr'>mammae</span> <span class='ocrx_word' id='word_1_228' title='bbox 491 2171 688 2208; x_wconf 80' lang='lat' dir='ltr'>praesectae</span> <span class='ocrx_word' id='word_1_229' title='bbox 710 2178 731 2201; x_wconf 86' lang='lat' dir='ltr'>a</span> <span class='ocrx_word' id='word_1_230' title='bbox 749 2168 961 2209; x_wconf 82' lang='lat' dir='ltr'>Pheretima,</span> 
     </span>
     <span class='ocr_line' id='line_1_44' title="bbox 294 2210 960 2257; baseline 0.006 -15"><span class='ocrx_word' id='word_1_231' title='bbox 294 2210 354 2251; x_wconf 81' lang='lat' dir='ltr'>lv,</span> <span class='ocrx_word' id='word_1_232' title='bbox 387 2211 466 2244; x_wconf 78' lang='lat'><strong>202.</strong></span> <span class='ocrx_word' id='word_1_233' title='bbox 507 2230 545 2235; x_wconf 83' lang='lat'>—</span> <span class='ocrx_word' id='word_1_234' title='bbox 578 2214 739 2246; x_wconf 82' lang='lat' dir='ltr'>mulieres</span> <span class='ocrx_word' id='word_1_235' title='bbox 776 2214 960 2257; x_wconf 74' lang='lat' dir='ltr'>stuprando</span> 
     </span>
     <span class='ocr_line' id='line_1_45' title="bbox 295 2257 961 2297; baseline 0.005 -8"><span class='ocrx_word' id='word_1_236' title='bbox 295 2257 478 2297; x_wconf 82' lang='lat' dir='ltr'>extinctae,</span> <span class='ocrx_word' id='word_1_237' title='bbox 504 2257 593 2293; x_wconf 75' lang='lat' dir='ltr'>wll.</span> <span class='ocrx_word' id='word_1_238' title='bbox 611 2258 667 2291; x_wconf 80' lang='lat'><strong>33.</strong></span> <span class='ocrx_word' id='word_1_239' title='bbox 695 2260 855 2292; x_wconf 87' lang='lat' dir='ltr'>mulieres</span> <span class='ocrx_word' id='word_1_240' title='bbox 872 2259 961 2293; x_wconf 85' lang='lat' dir='ltr'>Atti-</span> 
     </span>
     <span class='ocr_line' id='line_1_46' title="bbox 298 2303 958 2347; baseline 0.008 -14"><span class='ocrx_word' id='word_1_241' title='bbox 298 2313 361 2334; x_wconf 59' lang='grc' dir='ltr'>(τηε</span> <span class='ocrx_word' id='word_1_242' title='bbox 389 2303 631 2336; x_wconf 81' lang='lat' dir='ltr'>vestimentum</span> <span class='ocrx_word' id='word_1_243' title='bbox 663 2311 880 2347; x_wconf 75' lang='lat' dir='ltr'>permutant,</span> <span class='ocrx_word' id='word_1_244' title='bbox 921 2306 958 2346; x_wconf 82' lang='lat' dir='ltr'>V,</span> 
     </span>
     <span class='ocr_line' id='line_1_47' title="bbox 295 2347 959 2384; baseline 0.006 -4"><span class='ocrx_word' id='word_1_245' title='bbox 295 2347 341 2380; x_wconf 84' lang='grc'><strong>87</strong></span> <span class='ocrx_word' id='word_1_246' title='bbox 363 2352 435 2381; x_wconf 86' lang='lat' dir='ltr'>not.</span> <span class='ocrx_word' id='word_1_247' title='bbox 469 2349 669 2384; x_wconf 79' lang='lat' dir='ltr'>Corinthiae</span> <span class='ocrx_word' id='word_1_248' title='bbox 692 2356 814 2384; x_wconf 86' lang='lat' dir='ltr'>ornatu</span> <span class='ocrx_word' id='word_1_249' title='bbox 843 2356 877 2384; x_wconf 87' lang='lat' dir='ltr'>et</span> <span class='ocrx_word' id='word_1_250' title='bbox 900 2363 959 2384; x_wconf 87' lang='lat' dir='ltr'>ve-</span> 
     </span>
     <span class='ocr_line' id='line_1_48' title="bbox 296 2394 958 2442; baseline 0.008 -16"><span class='ocrx_word' id='word_1_251' title='bbox 296 2394 464 2428; x_wconf 74' lang='lat' dir='ltr'>stimentis</span> <span class='ocrx_word' id='word_1_252' title='bbox 476 2402 608 2438; x_wconf 80' lang='lat' dir='ltr'>exutae,</span> <span class='ocrx_word' id='word_1_253' title='bbox 632 2397 671 2438; x_wconf 66' lang='lat' dir='ltr'>V,</span> <span class='ocrx_word' id='word_1_254' title='bbox 688 2397 744 2433; x_wconf 81' lang='lat'><strong>92.</strong></span> <span class='ocrx_word' id='word_1_255' title='bbox 766 2397 958 2442; x_wconf 73' lang='lat' dir='ltr'>Aegyptiu-</span> 
     </span>
    </p>
   </div>
   <div class='ocr_carea' id='block_1_3' title="bbox 310 2517 524 2523">
    <p class='ocr_par' dir='ltr' id='par_1_3' title="bbox 310 2517 524 2523">
     <span class='ocr_line' id='line_1_49' title="bbox 310 2517 524 2523; baseline 0 0"><span class='ocrx_word' id='word_1_256' title='bbox 310 2517 524 2523; x_wconf 95' lang='lat' dir='ltr'> </span> 
     </span>
    </p>
   </div>
   <div class='ocr_carea' id='block_1_4' title="bbox 766 183 1204 224">
    <p class='ocr_par' dir='ltr' id='par_1_4' title="bbox 766 183 1204 224">
     <span class='ocr_line' id='line_1_50' title="bbox 766 183 1204 224; baseline 0.007 -4"><span class='ocrx_word' id='word_1_257' title='bbox 766 183 797 224; x_wconf 90' lang='lat'><strong>1.</strong></span> <span class='ocrx_word' id='word_1_258' title='bbox 826 183 987 221; x_wconf 88' lang='lat' dir='ltr'>INDEX</span> <span class='ocrx_word' id='word_1_259' title='bbox 1013 184 1204 223; x_wconf 87' lang='lat' dir='ltr'><strong>RERUM.</strong></span> 
     </span>
    </p>
   </div>
   <div class='ocr_carea' id='block_1_5' title="bbox 1008 292 1731 2441">
    <p class='ocr_par' dir='ltr' id='par_1_5' title="bbox 1048 292 1724 1023">
     <span class='ocr_line' id='line_1_51' title="bbox 1051 292 1717 336; baseline 0.002 -8"><span class='ocrx_word' id='word_1_260' title='bbox 1051 304 1113 328; x_wconf 85' lang='lat' dir='ltr'>cae</span> <span class='ocrx_word' id='word_1_261' title='bbox 1135 303 1239 327; x_wconf 86' lang='lat' dir='ltr'>unam</span> <span class='ocrx_word' id='word_1_262' title='bbox 1262 292 1390 327; x_wconf 78' lang='lat' dir='ltr'>hahent</span> <span class='ocrx_word' id='word_1_263' title='bbox 1411 295 1563 335; x_wconf 82' lang='lat' dir='ltr'>vestem,</span> <span class='ocrx_word' id='word_1_264' title='bbox 1593 293 1639 336; x_wconf 86' lang='lat' dir='ltr'>n,</span> <span class='ocrx_word' id='word_1_265' title='bbox 1659 294 1717 331; x_wconf 81' lang='grc'>36.</span> 
     </span>
     <span class='ocr_line' id='line_1_52' title="bbox 1048 339 1717 384; baseline 0.003 -11"><span class='ocrx_word' id='word_1_266' title='bbox 1048 340 1213 384; x_wconf 77' lang='lat' dir='ltr'>Libyssae</span> <span class='ocrx_word' id='word_1_267' title='bbox 1238 339 1397 373; x_wconf 88' lang='lat' dir='ltr'>mulieres</span> <span class='ocrx_word' id='word_1_268' title='bbox 1427 339 1512 373; x_wconf 76' lang='lat' dir='ltr'>vesti</span> <span class='ocrx_word' id='word_1_269' title='bbox 1545 339 1717 375; x_wconf 84' lang='lat' dir='ltr'>circumii-</span> 
     </span>
     <span class='ocr_line' id='line_1_53' title="bbox 1050 386 1717 428; baseline 0.004 -11"><span class='ocrx_word' id='word_1_270' title='bbox 1050 386 1145 419; x_wconf 73' lang='lat' dir='ltr'>ciunt</span> <span class='ocrx_word' id='word_1_271' title='bbox 1181 387 1337 418; x_wconf 79' lang='lat' dir='ltr'>thoraces</span> <span class='ocrx_word' id='word_1_272' title='bbox 1369 397 1408 418; x_wconf 84' lang='lat' dir='ltr'>ex</span> <span class='ocrx_word' id='word_1_273' title='bbox 1441 387 1530 428; x_wconf 84' lang='lat' dir='ltr'>pelle</span> <span class='ocrx_word' id='word_1_274' title='bbox 1562 386 1717 428; x_wconf 75' lang='lat' dir='ltr'>caprina,</span> 
     </span>
     <span class='ocr_line' id='line_1_54' title="bbox 1050 431 1718 474; baseline 0.001 -9"><span class='ocrx_word' id='word_1_275' title='bbox 1050 433 1106 470; x_wconf 74' lang='grc' dir='ltr'>Π,</span> <span class='ocrx_word' id='word_1_276' title='bbox 1131 431 1198 465; x_wconf 89' lang='grc'>189</span> <span class='ocrx_word' id='word_1_277' title='bbox 1223 436 1291 465; x_wconf 90' lang='lat' dir='ltr'>not.</span> <span class='ocrx_word' id='word_1_278' title='bbox 1316 442 1372 474; x_wconf 82' lang='lat' dir='ltr'>ap.</span> <span class='ocrx_word' id='word_1_279' title='bbox 1395 431 1566 465; x_wconf 76' lang='lat' dir='ltr'>Gindanes</span> <span class='ocrx_word' id='word_1_280' title='bbox 1590 431 1718 466; x_wconf 75' lang='lat' dir='ltr'>fascias</span> 
     </span>
     <span class='ocr_line' id='line_1_55' title="bbox 1049 476 1721 522; baseline 0.001 -13"><span class='ocrx_word' id='word_1_281' title='bbox 1049 477 1218 521; x_wconf 82' lang='lat' dir='ltr'>plurimas</span> <span class='ocrx_word' id='word_1_282' title='bbox 1241 481 1387 522; x_wconf 71' lang='lat' dir='ltr'>gestant,</span> <span class='ocrx_word' id='word_1_283' title='bbox 1413 478 1468 517; x_wconf 78' lang='lat' dir='ltr'>lv,</span> <span class='ocrx_word' id='word_1_284' title='bbox 1492 476 1570 510; x_wconf 77' lang='lat'><strong>176.</strong></span> <span class='ocrx_word' id='word_1_285' title='bbox 1592 477 1721 510; x_wconf 87' lang='lat' dir='ltr'>mulie-</span> 
     </span>
     <span class='ocr_line' id='line_1_56' title="bbox 1049 521 1720 566; baseline 0.001 -10"><span class='ocrx_word' id='word_1_286' title='bbox 1049 534 1104 556; x_wconf 80' lang='lat' dir='ltr'>res</span> <span class='ocrx_word' id='word_1_287' title='bbox 1137 523 1231 556; x_wconf 73' lang='lat' dir='ltr'>virili</span> <span class='ocrx_word' id='word_1_288' title='bbox 1258 523 1399 566; x_wconf 85' lang='lat' dir='ltr'>virtute,</span> <span class='ocrx_word' id='word_1_289' title='bbox 1425 524 1513 564; x_wconf 70' lang='lat' dir='ltr'>vul,</span> <span class='ocrx_word' id='word_1_290' title='bbox 1537 521 1594 556; x_wconf 85' lang='lat'><strong>88.</strong></span> <span class='ocrx_word' id='word_1_291' title='bbox 1620 523 1666 556; x_wconf 77' lang='lat' dir='ltr'>cf.</span> <span class='ocrx_word' id='word_1_292' title='bbox 1690 523 1720 565; x_wconf 87' lang='lat'>1,</span> 
     </span>
     <span class='ocr_line' id='line_1_57' title="bbox 1053 567 1721 612; baseline 0 -11"><span class='ocrx_word' id='word_1_293' title='bbox 1053 567 1132 602; x_wconf 75' lang='lat'><strong>184.</strong></span> <span class='ocrx_word' id='word_1_294' title='bbox 1156 580 1226 610; x_wconf 78' lang='lat' dir='ltr'>seq.</span> <span class='ocrx_word' id='word_1_295' title='bbox 1252 569 1295 610; x_wconf 92' lang='lat' dir='ltr'>ll,</span> <span class='ocrx_word' id='word_1_296' title='bbox 1310 568 1388 602; x_wconf 88' lang='grc'><strong>100.</strong></span> <span class='ocrx_word' id='word_1_297' title='bbox 1411 570 1488 612; x_wconf 76' lang='grc' dir='ltr'>ΠΙ,</span> <span class='ocrx_word' id='word_1_298' title='bbox 1512 569 1568 602; x_wconf 93' lang='grc'>99.</span> <span class='ocrx_word' id='word_1_299' title='bbox 1595 567 1721 602; x_wconf 86' lang='lat' dir='ltr'>mulie-</span> 
     </span>
     <span class='ocr_line' id='line_1_58' title="bbox 1052 613 1721 658; baseline 0 -11"><span class='ocrx_word' id='word_1_300' title='bbox 1052 614 1100 647; x_wconf 87' lang='lat' dir='ltr'>ris</span> <span class='ocrx_word' id='word_1_301' title='bbox 1124 613 1349 647; x_wconf 78' lang='lat' dir='ltr'>simulacrum</span> <span class='ocrx_word' id='word_1_302' title='bbox 1372 625 1515 649; x_wconf 78' lang='lat' dir='ltr'>aureum</span> <span class='ocrx_word' id='word_1_303' title='bbox 1535 614 1679 658; x_wconf 85' lang='lat' dir='ltr'>Delphis</span> <span class='ocrx_word' id='word_1_304' title='bbox 1698 625 1721 648; x_wconf 82' lang='lat' dir='ltr'>a.</span> 
     </span>
     <span class='ocr_line' id='line_1_59' title="bbox 1053 658 1717 705; baseline 0 -13"><span class='ocrx_word' id='word_1_305' title='bbox 1053 661 1180 692; x_wconf 78' lang='lat' dir='ltr'>Croeso</span> <span class='ocrx_word' id='word_1_306' title='bbox 1213 660 1429 705; x_wconf 85' lang='lat' dir='ltr'>dedicatum,</span> <span class='ocrx_word' id='word_1_307' title='bbox 1464 660 1491 702; x_wconf 97' lang='grc' dir='ltr'>Ι,</span> <span class='ocrx_word' id='word_1_308' title='bbox 1521 659 1578 693; x_wconf 82' lang='lat'><strong>51.</strong></span> <span class='ocrx_word' id='word_1_309' title='bbox 1617 658 1717 694; x_wconf 82' lang='lat' dir='ltr'>Darii</span> 
     </span>
     <span class='ocr_line' id='line_1_60' title="bbox 1051 704 1721 748; baseline 0.001 -11"><span class='ocrx_word' id='word_1_310' title='bbox 1051 704 1207 738; x_wconf 82' lang='lat' dir='ltr'>mulieris</span> <span class='ocrx_word' id='word_1_311' title='bbox 1259 705 1394 748; x_wconf 81' lang='lat' dir='ltr'>efligies</span> <span class='ocrx_word' id='word_1_312' title='bbox 1448 717 1554 740; x_wconf 83' lang='lat' dir='ltr'>aurea</span> <span class='ocrx_word' id='word_1_313' title='bbox 1593 706 1721 739; x_wconf 87' lang='lat' dir='ltr'>malleo</span> 
     </span>
     <span class='ocr_line' id='line_1_61' title="bbox 1051 750 1721 794; baseline 0.001 -11"><span class='ocrx_word' id='word_1_314' title='bbox 1051 751 1163 791; x_wconf 83' lang='lat' dir='ltr'>ducta,</span> <span class='ocrx_word' id='word_1_315' title='bbox 1188 750 1334 792; x_wconf 76' lang='lat' dir='ltr'><strong>v11‚69.</strong></span> <span class='ocrx_word' id='word_1_316' title='bbox 1355 751 1538 784; x_wconf 84' lang='lat' dir='ltr'>muliebria</span> <span class='ocrx_word' id='word_1_317' title='bbox 1563 751 1721 794; x_wconf 81' lang='lat' dir='ltr'>pudenda</span> 
     </span>
     <span class='ocr_line' id='line_1_62' title="bbox 1051 797 1721 841; baseline 0 -11"><span class='ocrx_word' id='word_1_318' title='bbox 1051 808 1072 830; x_wconf 84' lang='lat' dir='ltr'>a</span> <span class='ocrx_word' id='word_1_319' title='bbox 1095 797 1250 830; x_wconf 77' lang='lat' dir='ltr'>Sesostre</span> <span class='ocrx_word' id='word_1_320' title='bbox 1271 797 1439 830; x_wconf 76' lang='lat' dir='ltr'>columnis</span> <span class='ocrx_word' id='word_1_321' title='bbox 1462 797 1651 841; x_wconf 84' lang='lat' dir='ltr'>insculpta,</span> <span class='ocrx_word' id='word_1_322' title='bbox 1675 797 1721 838; x_wconf 84' lang='grc' dir='ltr'>ΙΙ,</span> 
     </span>
     <span class='ocr_line' id='line_1_63' title="bbox 1050 842 1722 887; baseline -0.001 -11"><span class='ocrx_word' id='word_1_323' title='bbox 1050 842 1131 877; x_wconf 81' lang='lat'><strong>102.</strong></span> <span class='ocrx_word' id='word_1_324' title='bbox 1167 842 1330 875; x_wconf 87' lang='lat' dir='ltr'>mulieres</span> <span class='ocrx_word' id='word_1_325' title='bbox 1362 842 1572 887; x_wconf 82' lang='lat' dir='ltr'>Argivorum</span> <span class='ocrx_word' id='word_1_326' title='bbox 1605 844 1722 876; x_wconf 76' lang='lat' dir='ltr'>furore</span> 
     </span>
     <span class='ocr_line' id='line_1_64' title="bbox 1051 887 1722 931; baseline 0 -10"><span class='ocrx_word' id='word_1_327' title='bbox 1051 892 1242 931; x_wconf 85' lang='lat' dir='ltr'>correptae,</span> <span class='ocrx_word' id='word_1_328' title='bbox 1266 888 1326 929; x_wconf 86' lang='lat' dir='ltr'>lx,</span> <span class='ocrx_word' id='word_1_329' title='bbox 1350 887 1408 922; x_wconf 76' lang='lat'><strong>34.</strong></span> <span class='ocrx_word' id='word_1_330' title='bbox 1431 887 1594 921; x_wconf 81' lang='lat' dir='ltr'>mulieres</span> <span class='ocrx_word' id='word_1_331' title='bbox 1614 889 1722 922; x_wconf 81' lang='lat' dir='ltr'>Athe-</span> 
     </span>
     <span class='ocr_line' id='line_1_65' title="bbox 1054 934 1724 978; baseline 0 -10"><span class='ocrx_word' id='word_1_332' title='bbox 1054 935 1223 968; x_wconf 69' lang='lat' dir='ltr'>niomium</span> <span class='ocrx_word' id='word_1_333' title='bbox 1249 934 1388 978; x_wconf 81' lang='lat' dir='ltr'>Lycidis</span> <span class='ocrx_word' id='word_1_334' title='bbox 1411 945 1553 967; x_wconf 85' lang='lat' dir='ltr'>uxorem</span> <span class='ocrx_word' id='word_1_335' title='bbox 1578 937 1611 967; x_wconf 87' lang='lat' dir='ltr'>et</span> <span class='ocrx_word' id='word_1_336' title='bbox 1635 934 1724 972; x_wconf 76' lang='lat' dir='ltr'>libe-</span> 
     </span>
     <span class='ocr_line' id='line_1_66' title="bbox 1053 977 1646 1023; baseline 0.002 -10"><span class='ocrx_word' id='word_1_337' title='bbox 1053 993 1111 1013; x_wconf 77' lang='lat' dir='ltr'>ros</span> <span class='ocrx_word' id='word_1_338' title='bbox 1134 980 1310 1023; x_wconf 65' lang='lat' dir='ltr'>lapidibus</span> <span class='ocrx_word' id='word_1_339' title='bbox 1334 980 1503 1021; x_wconf 85' lang='lat' dir='ltr'>obruunt,</span> <span class='ocrx_word' id='word_1_340' title='bbox 1526 980 1589 1021; x_wconf 78' lang='lat' dir='ltr'>lx,</span> <span class='ocrx_word' id='word_1_341' title='bbox 1613 977 1646 1015; x_wconf 88' lang='lat'>5.</span> 
     </span>
    </p>

    <p class='ocr_par' dir='ltr' id='par_1_6' title="bbox 1009 1026 1724 1113">
     <span class='ocr_line' id='line_1_67' title="bbox 1009 1026 1724 1070; baseline 0 -10"><span class='ocrx_word' id='word_1_342' title='bbox 1009 1027 1140 1061; x_wconf 77' lang='lat' dir='ltr'>Multos</span> <span class='ocrx_word' id='word_1_343' title='bbox 1175 1026 1331 1068; x_wconf 80' lang='lat' dir='ltr'>decipere</span> <span class='ocrx_word' id='word_1_344' title='bbox 1352 1026 1504 1068; x_wconf 48' lang='lat' dir='ltr'>‚facilius</span> <span class='ocrx_word' id='word_1_345' title='bbox 1536 1029 1586 1060; x_wconf 84' lang='lat' dir='ltr'>est·</span> <span class='ocrx_word' id='word_1_346' title='bbox 1617 1035 1724 1070; x_wconf 80' lang='lat' dir='ltr'>quam</span> 
     </span>
     <span class='ocr_line' id='line_1_68' title="bbox 1056 1071 1318 1113; baseline 0.004 -8"><span class='ocrx_word' id='word_1_347' title='bbox 1056 1083 1173 1113; x_wconf 90' lang='lat' dir='ltr'>unum,</span> <span class='ocrx_word' id='word_1_348' title='bbox 1199 1071 1237 1112; x_wconf 88' lang='lat' dir='ltr'>V,</span> <span class='ocrx_word' id='word_1_349' title='bbox 1261 1072 1318 1106; x_wconf 87' lang='grc'>97.</span> 
     </span>
    </p>

    <p class='ocr_par' dir='ltr' id='par_1_7' title="bbox 1008 1117 1438 1158">
     <span class='ocr_line' id='line_1_69' title="bbox 1008 1117 1438 1158; baseline 0 -7"><span class='ocrx_word' id='word_1_350' title='bbox 1008 1119 1173 1158; x_wconf 82' lang='lat' dir='ltr'>Mumiae,</span> <span class='ocrx_word' id='word_1_351' title='bbox 1196 1118 1241 1150; x_wconf 81' lang='lat' dir='ltr'>ef.</span> <span class='ocrx_word' id='word_1_352' title='bbox 1268 1117 1438 1152; x_wconf 81' lang='lat' dir='ltr'>Cadaver.</span> 
     </span>
    </p>

    <p class='ocr_par' dir='ltr' id='par_1_8' title="bbox 1009 1162 1404 1207">
     <span class='ocr_line' id='line_1_70' title="bbox 1009 1162 1404 1207; baseline -0.003 -9"><span class='ocrx_word' id='word_1_353' title='bbox 1009 1165 1208 1207; x_wconf 74' lang='lat' dir='ltr'>Munychia,</span> <span class='ocrx_word' id='word_1_354' title='bbox 1232 1164 1322 1204; x_wconf 71' lang='lat' dir='ltr'>Vm,</span> <span class='ocrx_word' id='word_1_355' title='bbox 1344 1162 1404 1197; x_wconf 72' lang='grc'>70.</span> 
     </span>
    </p>

    <p class='ocr_par' dir='ltr' id='par_1_9' title="bbox 1009 1206 1731 1436">
     <span class='ocr_line' id='line_1_71' title="bbox 1009 1206 1724 1252; baseline -0.004 -9"><span class='ocrx_word' id='word_1_356' title='bbox 1009 1212 1125 1246; x_wconf 81' lang='lat' dir='ltr'>Mures</span> <span class='ocrx_word' id='word_1_357' title='bbox 1142 1209 1295 1243; x_wconf 80' lang='lat' dir='ltr'>Africani</span> <span class='ocrx_word' id='word_1_358' title='bbox 1320 1208 1469 1252; x_wconf 84' lang='lat' dir='ltr'>bipedes,</span> <span class='ocrx_word' id='word_1_359' title='bbox 1491 1206 1516 1242; x_wconf 84' lang='lat' dir='ltr'>i.</span> <span class='ocrx_word' id='word_1_360' title='bbox 1533 1217 1563 1240; x_wconf 86' lang='lat' dir='ltr'>e.</span> <span class='ocrx_word' id='word_1_361' title='bbox 1586 1206 1724 1247; x_wconf 85' lang='lat' dir='ltr'>Ierboa,</span> 
     </span>
     <span class='ocr_line' id='line_1_72' title="bbox 1055 1252 1725 1298; baseline -0.007 -9"><span class='ocrx_word' id='word_1_362' title='bbox 1055 1256 1111 1297; x_wconf 87' lang='lat' dir='ltr'>IV,</span> <span class='ocrx_word' id='word_1_363' title='bbox 1137 1255 1203 1289; x_wconf 77' lang='lat'>192</span> <span class='ocrx_word' id='word_1_364' title='bbox 1227 1259 1296 1287; x_wconf 89' lang='lat' dir='ltr'>not.</span> <span class='ocrx_word' id='word_1_365' title='bbox 1309 1256 1339 1298; x_wconf 81' lang='lat'>’)</span> <span class='ocrx_word' id='word_1_366' title='bbox 1365 1264 1480 1287; x_wconf 85' lang='lat' dir='ltr'>mures</span> <span class='ocrx_word' id='word_1_367' title='bbox 1503 1252 1634 1287; x_wconf 85' lang='lat' dir='ltr'>auxilio</span> <span class='ocrx_word' id='word_1_368' title='bbox 1658 1263 1725 1285; x_wconf 81' lang='lat' dir='ltr'>ve-</span> 
     </span>
     <span class='ocr_line' id='line_1_73' title="bbox 1054 1298 1725 1335; baseline -0.006 0"><span class='ocrx_word' id='word_1_369' title='bbox 1054 1302 1153 1335; x_wconf 85' lang='lat' dir='ltr'>niunt</span> <span class='ocrx_word' id='word_1_370' title='bbox 1175 1300 1318 1333; x_wconf 72' lang='lat' dir='ltr'>Semoni</span> <span class='ocrx_word' id='word_1_371' title='bbox 1343 1300 1377 1332; x_wconf 86' lang='lat' dir='ltr'>in</span> <span class='ocrx_word' id='word_1_372' title='bbox 1400 1300 1492 1332; x_wconf 84' lang='lat' dir='ltr'>bello</span> <span class='ocrx_word' id='word_1_373' title='bbox 1514 1304 1633 1332; x_wconf 86' lang='lat' dir='ltr'>eontra</span> <span class='ocrx_word' id='word_1_374' title='bbox 1657 1298 1725 1332; x_wconf 84' lang='lat' dir='ltr'>Sa.-</span> 
     </span>
     <span class='ocr_line' id='line_1_74' title="bbox 1056 1344 1725 1387; baseline -0.006 -7"><span class='ocrx_word' id='word_1_375' title='bbox 1056 1347 1306 1387; x_wconf 76' lang='lat' dir='ltr'>nacharibum,</span> <span class='ocrx_word' id='word_1_376' title='bbox 1331 1347 1373 1385; x_wconf 92' lang='grc' dir='ltr'>ΙΙ,</span> <span class='ocrx_word' id='word_1_377' title='bbox 1399 1346 1465 1379; x_wconf 70' lang='lat'>141</span> <span class='ocrx_word' id='word_1_378' title='bbox 1490 1349 1557 1379; x_wconf 86' lang='lat' dir='ltr'>not.</span> <span class='ocrx_word' id='word_1_379' title='bbox 1576 1344 1621 1387; x_wconf 59' lang='lat' dir='ltr'>u)</span> <span class='ocrx_word' id='word_1_380' title='bbox 1645 1355 1725 1377; x_wconf 69' lang='lat' dir='ltr'>mtr-</span> 
     </span>
     <span class='ocr_line' id='line_1_75' title="bbox 1056 1389 1731 1436; baseline -0.006 -10"><span class='ocrx_word' id='word_1_381' title='bbox 1056 1405 1111 1426; x_wconf 83' lang='lat' dir='ltr'>res</span> <span class='ocrx_word' id='word_1_382' title='bbox 1135 1393 1168 1426; x_wconf 90' lang='lat' dir='ltr'>iu</span> <span class='ocrx_word' id='word_1_383' title='bbox 1186 1393 1399 1436; x_wconf 81' lang='lat' dir='ltr'>Scytharum</span> <span class='ocrx_word' id='word_1_384' title='bbox 1424 1391 1533 1431; x_wconf 80' lang='lat' dir='ltr'>donis,</span> <span class='ocrx_word' id='word_1_385' title='bbox 1558 1391 1615 1430; x_wconf 79' lang='lat' dir='ltr'>IV,</span> <span class='ocrx_word' id='word_1_386' title='bbox 1646 1389 1731 1434; x_wconf 21' lang='lat'><strong>131.-</strong></span> 
     </span>
    </p>

    <p class='ocr_par' dir='ltr' id='par_1_10' title="bbox 1011 1434 1727 1709">
     <span class='ocr_line' id='line_1_76' title="bbox 1011 1434 1723 1481; baseline -0.006 -9"><span class='ocrx_word' id='word_1_387' title='bbox 1011 1439 1108 1472; x_wconf 76' lang='lat' dir='ltr'>Muri</span> <span class='ocrx_word' id='word_1_388' title='bbox 1147 1439 1254 1481; x_wconf 71' lang='lat' dir='ltr'>lignei</span> <span class='ocrx_word' id='word_1_389' title='bbox 1286 1438 1520 1477; x_wconf 81' lang='lat' dir='ltr'>Budinorum,</span> <span class='ocrx_word' id='word_1_390' title='bbox 1561 1437 1617 1477; x_wconf 79' lang='lat' dir='ltr'>IV,</span> <span class='ocrx_word' id='word_1_391' title='bbox 1644 1434 1723 1469; x_wconf 90' lang='grc'><strong>108.</strong></span> 
     </span>
     <span class='ocr_line' id='line_1_77' title="bbox 1059 1483 1726 1529; baseline -0.006 -11"><span class='ocrx_word' id='word_1_392' title='bbox 1059 1485 1139 1520; x_wconf 81' lang='grc'><strong>123.</strong></span> <span class='ocrx_word' id='word_1_393' title='bbox 1170 1485 1286 1529; x_wconf 84' lang='lat' dir='ltr'>ligneo</span> <span class='ocrx_word' id='word_1_394' title='bbox 1311 1495 1411 1517; x_wconf 86' lang='lat' dir='ltr'>muro</span> <span class='ocrx_word' id='word_1_395' title='bbox 1432 1483 1577 1525; x_wconf 60' lang='lat' dir='ltr'>jsepiunt</span> <span class='ocrx_word' id='word_1_396' title='bbox 1601 1483 1726 1515; x_wconf 78' lang='lat' dir='ltr'>Persae</span> 
     </span>
     <span class='ocr_line' id='line_1_78' title="bbox 1059 1529 1727 1573; baseline -0.007 -9"><span class='ocrx_word' id='word_1_397' title='bbox 1059 1535 1194 1573; x_wconf 84' lang='lat' dir='ltr'>castra,</span> <span class='ocrx_word' id='word_1_398' title='bbox 1217 1531 1277 1571; x_wconf 82' lang='lat' dir='ltr'>lx,</span> <span class='ocrx_word' id='word_1_399' title='bbox 1301 1529 1356 1564; x_wconf 79' lang='lat'>65.</span> <span class='ocrx_word' id='word_1_400' title='bbox 1379 1529 1438 1563; x_wconf 77' lang='lat'><strong>70.</strong></span> <span class='ocrx_word' id='word_1_401' title='bbox 1464 1529 1498 1562; x_wconf 91' lang='lat' dir='ltr'>in</span> <span class='ocrx_word' id='word_1_402' title='bbox 1522 1538 1727 1573; x_wconf 83' lang='lat' dir='ltr'>oppugnan-</span> 
     </span>
     <span class='ocr_line' id='line_1_79' title="bbox 1058 1573 1726 1618; baseline -0.003 -11"><span class='ocrx_word' id='word_1_403' title='bbox 1058 1577 1110 1609; x_wconf 85' lang='lat' dir='ltr'>dis</span> <span class='ocrx_word' id='word_1_404' title='bbox 1136 1576 1243 1609; x_wconf 88' lang='lat' dir='ltr'>muris</span> <span class='ocrx_word' id='word_1_405' title='bbox 1266 1575 1489 1608; x_wconf 75' lang='lat' dir='ltr'>Athenienses</span> <span class='ocrx_word' id='word_1_406' title='bbox 1512 1573 1634 1618; x_wconf 84' lang='lat' dir='ltr'>periti,</span> <span class='ocrx_word' id='word_1_407' title='bbox 1662 1573 1726 1613; x_wconf 74' lang='grc' dir='ltr'>ΙΧ,</span> 
     </span>
     <span class='ocr_line' id='line_1_80' title="bbox 1058 1618 1724 1660; baseline -0.006 -6"><span class='ocrx_word' id='word_1_408' title='bbox 1058 1621 1115 1654; x_wconf 73' lang='grc'>70.</span> <span class='ocrx_word' id='word_1_409' title='bbox 1141 1623 1187 1654; x_wconf 81' lang='lat' dir='ltr'>ct&#39;.</span> <span class='ocrx_word' id='word_1_410' title='bbox 1212 1633 1241 1654; x_wconf 93' lang='lat' dir='ltr'>c.</span> <span class='ocrx_word' id='word_1_411' title='bbox 1267 1621 1347 1654; x_wconf 78' lang='lat'><strong>102.</strong></span> <span class='ocrx_word' id='word_1_412' title='bbox 1386 1621 1509 1653; x_wconf 87' lang='lat' dir='ltr'>Murus</span> <span class='ocrx_word' id='word_1_413' title='bbox 1532 1620 1666 1660; x_wconf 71' lang='lat' dir='ltr'>lig-neus</span> <span class='ocrx_word' id='word_1_414' title='bbox 1688 1618 1724 1650; x_wconf 90' lang='lat' dir='ltr'>in</span> 
     </span>
     <span class='ocr_line' id='line_1_81' title="bbox 1061 1663 1722 1709; baseline 0 -12"><span class='ocrx_word' id='word_1_415' title='bbox 1061 1667 1194 1699; x_wconf 82' lang='lat' dir='ltr'>oraculi</span> <span class='ocrx_word' id='word_1_416' title='bbox 1221 1676 1403 1709; x_wconf 76' lang='lat' dir='ltr'>responso,</span> <span class='ocrx_word' id='word_1_417' title='bbox 1438 1666 1511 1706; x_wconf 75' lang='lat' dir='ltr'>Vll,</span> <span class='ocrx_word' id='word_1_418' title='bbox 1536 1663 1615 1698; x_wconf 75' lang='lat'><strong>142.</strong></span> <span class='ocrx_word' id='word_1_419' title='bbox 1641 1663 1722 1697; x_wconf 71' lang='lat'><strong>143.</strong></span> 
     </span>
    </p>

    <p class='ocr_par' dir='ltr' id='par_1_11' title="bbox 1014 1753 1664 1800">
     <span class='ocr_line' id='line_1_82' title="bbox 1014 1753 1664 1800; baseline -0.003 -11"><span class='ocrx_word' id='word_1_420' title='bbox 1014 1757 1232 1800; x_wconf 81' lang='lat' dir='ltr'>Mnryckides</span> <span class='ocrx_word' id='word_1_421' title='bbox 1257 1754 1524 1797; x_wconf 79' lang='lat' dir='ltr'>Hellespontius,</span> <span class='ocrx_word' id='word_1_422' title='bbox 1545 1754 1609 1795; x_wconf 85' lang='lat' dir='ltr'>lx,</span> <span class='ocrx_word' id='word_1_423' title='bbox 1630 1753 1664 1787; x_wconf 80' lang='grc'>4.</span> 
     </span>
    </p>

    <p class='ocr_par' dir='ltr' id='par_1_12' title="bbox 1012 1799 1726 1934">
     <span class='ocr_line' id='line_1_83' title="bbox 1012 1799 1725 1843; baseline -0.003 -8"><span class='ocrx_word' id='word_1_424' title='bbox 1012 1803 1191 1835; x_wconf 77' lang='lat' dir='ltr'>Musarum</span> <span class='ocrx_word' id='word_1_425' title='bbox 1215 1801 1411 1833; x_wconf 83' lang='lat' dir='ltr'>nominibus</span> <span class='ocrx_word' id='word_1_426' title='bbox 1433 1801 1547 1842; x_wconf 82' lang='lat' dir='ltr'>plures</span> <span class='ocrx_word' id='word_1_427' title='bbox 1575 1799 1725 1843; x_wconf 81' lang='lat' dir='ltr'>antiqui-</span> 
     </span>
     <span class='ocr_line' id='line_1_84' title="bbox 1058 1845 1726 1890; baseline -0.001 -10"><span class='ocrx_word' id='word_1_428' title='bbox 1058 1852 1112 1881; x_wconf 85' lang='lat' dir='ltr'>tus</span> <span class='ocrx_word' id='word_1_429' title='bbox 1136 1858 1240 1890; x_wconf 84' lang='lat' dir='ltr'>opera</span> <span class='ocrx_word' id='word_1_430' title='bbox 1256 1857 1320 1879; x_wconf 80' lang='lat' dir='ltr'>sua</span> <span class='ocrx_word' id='word_1_431' title='bbox 1337 1845 1598 1889; x_wconf 82' lang='lat' dir='ltr'>inscripserunt:</span> <span class='ocrx_word' id='word_1_432' title='bbox 1622 1847 1726 1880; x_wconf 87' lang='lat' dir='ltr'>Com-</span> 
     </span>
     <span class='ocr_line' id='line_1_85' title="bbox 1059 1891 1302 1934; baseline -0.008 -8"><span class='ocrx_word' id='word_1_433' title='bbox 1059 1898 1163 1926; x_wconf 87' lang='lat' dir='ltr'>ment.</span> <span class='ocrx_word' id='word_1_434' title='bbox 1189 1894 1220 1934; x_wconf 78' lang='lat'><strong>§.</strong></span> <span class='ocrx_word' id='word_1_435' title='bbox 1248 1891 1302 1925; x_wconf 83' lang='lat'><strong>13.</strong></span> 
     </span>
    </p>

    <p class='ocr_par' dir='ltr' id='par_1_13' title="bbox 1013 1936 1727 2070">
     <span class='ocr_line' id='line_1_86' title="bbox 1013 1936 1727 1979; baseline -0.003 -7"><span class='ocrx_word' id='word_1_436' title='bbox 1013 1939 1176 1972; x_wconf 84' lang='lat' dir='ltr'>Musaeus</span> <span class='ocrx_word' id='word_1_437' title='bbox 1199 1937 1342 1971; x_wconf 87' lang='lat' dir='ltr'>oracula.</span> <span class='ocrx_word' id='word_1_438' title='bbox 1362 1937 1445 1978; x_wconf 85' lang='lat' dir='ltr'>edit,</span> <span class='ocrx_word' id='word_1_439' title='bbox 1471 1937 1561 1978; x_wconf 75' lang='lat' dir='ltr'>vm,</span> <span class='ocrx_word' id='word_1_440' title='bbox 1584 1936 1640 1971; x_wconf 79' lang='grc'>90.</span> <span class='ocrx_word' id='word_1_441' title='bbox 1663 1937 1727 1979; x_wconf 78' lang='lat' dir='ltr'>lx,</span> 
     </span>
     <span class='ocr_line' id='line_1_87' title="bbox 1058 1983 1727 2027; baseline -0.001 -10"><span class='ocrx_word' id='word_1_442' title='bbox 1058 1984 1115 2018; x_wconf 78' lang='lat'>43.</span> <span class='ocrx_word' id='word_1_443' title='bbox 1140 1985 1213 2017; x_wconf 83' lang='lat' dir='ltr'>eius</span> <span class='ocrx_word' id='word_1_444' title='bbox 1236 1983 1400 2016; x_wconf 80' lang='lat' dir='ltr'>vaticinia</span> <span class='ocrx_word' id='word_1_445' title='bbox 1423 1983 1616 2027; x_wconf 79' lang='lat' dir='ltr'>corrumpit</span> <span class='ocrx_word' id='word_1_446' title='bbox 1634 1983 1727 2018; x_wconf 87' lang='lat' dir='ltr'>Ono-</span> 
     </span>
     <span class='ocr_line' id='line_1_88' title="bbox 1060 2028 1556 2070; baseline -0.002 -7"><span class='ocrx_word' id='word_1_447' title='bbox 1060 2030 1238 2070; x_wconf 84' lang='lat' dir='ltr'>macritus,</span> <span class='ocrx_word' id='word_1_448' title='bbox 1261 2029 1337 2070; x_wconf 73' lang='lat' dir='ltr'>Vll,</span> <span class='ocrx_word' id='word_1_449' title='bbox 1360 2028 1392 2062; x_wconf 83' lang='grc'>6.</span> <span class='ocrx_word' id='word_1_450' title='bbox 1416 2030 1462 2065; x_wconf 75' lang='lat' dir='ltr'>cf.</span> <span class='ocrx_word' id='word_1_451' title='bbox 1485 2034 1556 2063; x_wconf 84' lang='lat' dir='ltr'>not.</span> 
     </span>
    </p>

    <p class='ocr_par' dir='ltr' id='par_1_14' title="bbox 1015 2073 1666 2119">
     <span class='ocr_line' id='line_1_89' title="bbox 1015 2073 1666 2119; baseline -0.003 -9"><span class='ocrx_word' id='word_1_452' title='bbox 1015 2077 1139 2110; x_wconf 74' lang='lat' dir='ltr'>Musici</span> <span class='ocrx_word' id='word_1_453' title='bbox 1164 2075 1285 2119; x_wconf 78' lang='lat' dir='ltr'>Argivi</span> <span class='ocrx_word' id='word_1_454' title='bbox 1309 2075 1478 2118; x_wconf 85' lang='lat' dir='ltr'>primarii,</span> <span class='ocrx_word' id='word_1_455' title='bbox 1503 2075 1563 2116; x_wconf 88' lang='grc' dir='ltr'>ΙΙΙ,</span> <span class='ocrx_word' id='word_1_456' title='bbox 1587 2073 1666 2108; x_wconf 83' lang='grc'><strong>131.</strong></span> 
     </span>
    </p>

    <p class='ocr_par' dir='ltr' id='par_1_15' title="bbox 1015 2120 1633 2165">
     <span class='ocr_line' id='line_1_90' title="bbox 1015 2120 1633 2165; baseline -0.002 -10"><span class='ocrx_word' id='word_1_457' title='bbox 1015 2123 1183 2155; x_wconf 81' lang='lat' dir='ltr'>Mustelae</span> <span class='ocrx_word' id='word_1_458' title='bbox 1208 2122 1370 2165; x_wconf 71' lang='lat' dir='ltr'>Libycae,</span> <span class='ocrx_word' id='word_1_459' title='bbox 1390 2121 1447 2164; x_wconf 92' lang='lat' dir='ltr'>lV,</span> <span class='ocrx_word' id='word_1_460' title='bbox 1473 2120 1540 2153; x_wconf 79' lang='grc'>192</span> <span class='ocrx_word' id='word_1_461' title='bbox 1561 2125 1633 2154; x_wconf 85' lang='lat' dir='ltr'>not.</span> 
     </span>
    </p>

    <p class='ocr_par' dir='ltr' id='par_1_16' title="bbox 1015 2165 1727 2347">
     <span class='ocr_line' id='line_1_91' title="bbox 1015 2165 1726 2211; baseline 0 -11"><span class='ocrx_word' id='word_1_462' title='bbox 1015 2169 1156 2211; x_wconf 76' lang='lat' dir='ltr'>Mycale</span> <span class='ocrx_word' id='word_1_463' title='bbox 1180 2166 1472 2208; x_wconf 80' lang='lat' dir='ltr'>promontorium,</span> <span class='ocrx_word' id='word_1_464' title='bbox 1509 2167 1536 2207; x_wconf 91' lang='grc'>1,</span> <span class='ocrx_word' id='word_1_465' title='bbox 1564 2165 1642 2200; x_wconf 80' lang='grc'><strong>148.</strong></span> <span class='ocrx_word' id='word_1_466' title='bbox 1667 2167 1726 2207; x_wconf 85' lang='lat' dir='ltr'>Vl,</span> 
     </span>
     <span class='ocr_line' id='line_1_92' title="bbox 1060 2211 1726 2256; baseline 0 -10"><span class='ocrx_word' id='word_1_467' title='bbox 1060 2215 1116 2246; x_wconf 83' lang='lat'><strong>16.</strong></span> <span class='ocrx_word' id='word_1_468' title='bbox 1145 2213 1216 2255; x_wconf 72' lang='lat' dir='ltr'>Vll,</span> <span class='ocrx_word' id='word_1_469' title='bbox 1242 2212 1298 2246; x_wconf 84' lang='grc'>80.</span> <span class='ocrx_word' id='word_1_470' title='bbox 1322 2213 1381 2252; x_wconf 81' lang='lat' dir='ltr'>lx,</span> <span class='ocrx_word' id='word_1_471' title='bbox 1403 2212 1450 2246; x_wconf 92' lang='grc'><strong>90</strong></span> <span class='ocrx_word' id='word_1_472' title='bbox 1473 2216 1541 2245; x_wconf 89' lang='lat' dir='ltr'>not.</span> <span class='ocrx_word' id='word_1_473' title='bbox 1564 2211 1621 2246; x_wconf 83' lang='grc'>96.</span> <span class='ocrx_word' id='word_1_474' title='bbox 1646 2213 1726 2256; x_wconf 80' lang='lat' dir='ltr'>My-</span> 
     </span>
     <span class='ocr_line' id='line_1_93' title="bbox 1059 2257 1727 2301; baseline -0.001 -9"><span class='ocrx_word' id='word_1_475' title='bbox 1059 2260 1156 2292; x_wconf 86' lang='lat' dir='ltr'>calae</span> <span class='ocrx_word' id='word_1_476' title='bbox 1179 2257 1369 2299; x_wconf 83' lang='lat' dir='ltr'>cacumina,</span> <span class='ocrx_word' id='word_1_477' title='bbox 1390 2259 1448 2299; x_wconf 72' lang='lat' dir='ltr'>lx,</span> <span class='ocrx_word' id='word_1_478' title='bbox 1469 2257 1546 2293; x_wconf 67' lang='lat'><strong>10⁴.</strong></span> <span class='ocrx_word' id='word_1_479' title='bbox 1566 2257 1644 2291; x_wconf 87' lang='grc'><strong>107.</strong></span> <span class='ocrx_word' id='word_1_480' title='bbox 1663 2269 1727 2301; x_wconf 85' lang='lat' dir='ltr'>pu-</span> 
     </span>
     <span class='ocr_line' id='line_1_94' title="bbox 1057 2303 1656 2347; baseline 0.002 -11"><span class='ocrx_word' id='word_1_481' title='bbox 1057 2316 1127 2347; x_wconf 75' lang='lat' dir='ltr'>gna</span> <span class='ocrx_word' id='word_1_482' title='bbox 1151 2305 1193 2337; x_wconf 87' lang='lat' dir='ltr'>ad</span> <span class='ocrx_word' id='word_1_483' title='bbox 1220 2305 1392 2347; x_wconf 71' lang='lat' dir='ltr'>Mycalen,</span> <span class='ocrx_word' id='word_1_484' title='bbox 1411 2305 1472 2343; x_wconf 83' lang='lat' dir='ltr'>lx,</span> <span class='ocrx_word' id='word_1_485' title='bbox 1496 2303 1553 2337; x_wconf 83' lang='grc'>98.</span> <span class='ocrx_word' id='word_1_486' title='bbox 1580 2303 1656 2337; x_wconf 76' lang='lat'><strong>1⁰4.</strong></span> 
     </span>
    </p>

    <p class='ocr_par' dir='ltr' id='par_1_17' title="bbox 1012 2350 1724 2441">
     <span class='ocr_line' id='line_1_95' title="bbox 1012 2350 1724 2394; baseline -0.004 -10"><span class='ocrx_word' id='word_1_487' title='bbox 1012 2351 1189 2394; x_wconf 78' lang='lat' dir='ltr'>Mycenaei</span> <span class='ocrx_word' id='word_1_488' title='bbox 1218 2350 1423 2383; x_wconf 78' lang='lat' dir='ltr'>Heraclidas</span> <span class='ocrx_word' id='word_1_489' title='bbox 1457 2350 1491 2383; x_wconf 89' lang='lat' dir='ltr'>in</span> <span class='ocrx_word' id='word_1_490' title='bbox 1522 2350 1724 2383; x_wconf 85' lang='lat' dir='ltr'>servitutem</span> 
     </span>
     <span class='ocr_line' id='line_1_96' title="bbox 1057 2394 1721 2441; baseline -0.003 -11"><span class='ocrx_word' id='word_1_491' title='bbox 1057 2397 1217 2441; x_wconf 82' lang='lat' dir='ltr'>redigere</span> <span class='ocrx_word' id='word_1_492' title='bbox 1239 2399 1378 2437; x_wconf 85' lang='lat' dir='ltr'>tentant,</span> <span class='ocrx_word' id='word_1_493' title='bbox 1399 2396 1458 2438; x_wconf 85' lang='grc' dir='ltr'>ΙΧ,</span> <span class='ocrx_word' id='word_1_494' title='bbox 1485 2394 1529 2429; x_wconf 81' lang='grc'>27</span> <span class='ocrx_word' id='word_1_495' title='bbox 1551 2398 1623 2431; x_wconf 81' lang='lat' dir='ltr'>not.</span> <span class='ocrx_word' id='word_1_496' title='bbox 1637 2394 1721 2438; x_wconf 76' lang='lat' dir='ltr'>My-</span> 
     </span>
    </p>
   </div>
   <div class='ocr_carea' id='block_1_6' title="bbox 342 2587 1017 2633">
    <p class='ocr_par' dir='ltr' id='par_1_18' title="bbox 342 2587 1017 2633">
     <span class='ocr_line' id='line_1_97' title="bbox 342 2587 1017 2633; baseline 0.006 -14"><span class='ocrx_word' id='word_1_497' title='bbox 342 2587 371 2629; x_wconf 76' lang='lat'>‘)</span> <span class='ocrx_word' id='word_1_498' title='bbox 392 2587 478 2621; x_wconf 81' lang='lat' dir='ltr'>Add.</span> <span class='ocrx_word' id='word_1_499' title='bbox 497 2588 619 2621; x_wconf 83' lang='lat' dir='ltr'>Clarke</span> <span class='ocrx_word' id='word_1_500' title='bbox 645 2587 787 2621; x_wconf 86' lang='lat' dir='ltr'>Travels</span> <span class='ocrx_word' id='word_1_501' title='bbox 803 2589 818 2620; x_wconf 94' lang='lat'>1</span> <span class='ocrx_word' id='word_1_502' title='bbox 841 2599 921 2633; x_wconf 82' lang='lat' dir='ltr'>pag.</span> <span class='ocrx_word' id='word_1_503' title='bbox 939 2587 1017 2623; x_wconf 88' lang='grc'><strong>471.</strong></span> 
     </span>
    </p>
   </div>
   <div class='ocr_carea' id='block_1_7' title="bbox 260 2640 1723 2780">
    <p class='ocr_par' dir='ltr' id='par_1_19' title="bbox 260 2640 1723 2780">
     <span class='ocr_line' id='line_1_98' title="bbox 344 2640 1720 2689; baseline 0.001 -14"><span class='ocrx_word' id='word_1_504' title='bbox 344 2644 395 2685; x_wconf 71' lang='grc'>’*)</span> <span class='ocrx_word' id='word_1_505' title='bbox 414 2645 507 2677; x_wconf 81' lang='lat' dir='ltr'>Hanc</span> <span class='ocrx_word' id='word_1_506' title='bbox 534 2644 765 2677; x_wconf 85' lang='lat' dir='ltr'>narrationem</span> <span class='ocrx_word' id='word_1_507' title='bbox 791 2656 832 2678; x_wconf 89' lang='lat' dir='ltr'>eo</span> <span class='ocrx_word' id='word_1_508' title='bbox 866 2645 990 2678; x_wconf 82' lang='lat' dir='ltr'>referri</span> <span class='ocrx_word' id='word_1_509' title='bbox 1016 2655 1120 2689; x_wconf 86' lang='lat' dir='ltr'>posse</span> <span class='ocrx_word' id='word_1_510' title='bbox 1144 2650 1242 2689; x_wconf 84' lang='lat' dir='ltr'>putat</span> <span class='ocrx_word' id='word_1_511' title='bbox 1261 2642 1378 2688; x_wconf 77' lang='lat' dir='ltr'>Hitzig</span> <span class='ocrx_word' id='word_1_512' title='bbox 1407 2642 1450 2676; x_wconf 82' lang='lat' dir='ltr'>ad</span> <span class='ocrx_word' id='word_1_513' title='bbox 1465 2640 1607 2675; x_wconf 80' lang='lat' dir='ltr'>Iesaiam</span> <span class='ocrx_word' id='word_1_514' title='bbox 1639 2652 1720 2686; x_wconf 83' lang='lat' dir='ltr'>pag.</span> 
     </span>
     <span class='ocr_line' id='line_1_99' title="bbox 269 2687 1723 2735; baseline -0.001 -15"><span class='ocrx_word' id='word_1_515' title='bbox 269 2688 332 2722; x_wconf 60' lang='lat'><strong>235.</strong></span> <span class='ocrx_word' id='word_1_516' title='bbox 353 2690 446 2731; x_wconf 82' lang='lat' dir='ltr'>quod</span> <span class='ocrx_word' id='word_1_517' title='bbox 474 2696 585 2722; x_wconf 83' lang='lat' dir='ltr'>statua</span> <span class='ocrx_word' id='word_1_518' title='bbox 606 2691 767 2723; x_wconf 85' lang='lat' dir='ltr'>Sethonis</span> <span class='ocrx_word' id='word_1_519' title='bbox 796 2691 830 2723; x_wconf 84' lang='lat' dir='ltr'>in</span> <span class='ocrx_word' id='word_1_520' title='bbox 846 2691 991 2725; x_wconf 86' lang='lat' dir='ltr'>Vulcani</span> <span class='ocrx_word' id='word_1_521' title='bbox 1022 2691 1149 2735; x_wconf 85' lang='lat' dir='ltr'>templo</span> <span class='ocrx_word' id='word_1_522' title='bbox 1178 2703 1305 2724; x_wconf 90' lang='lat' dir='ltr'>murem</span> <span class='ocrx_word' id='word_1_523' title='bbox 1332 2690 1366 2721; x_wconf 88' lang='lat' dir='ltr'>in</span> <span class='ocrx_word' id='word_1_524' title='bbox 1393 2687 1544 2720; x_wconf 76' lang='lat' dir='ltr'>manibus</span> <span class='ocrx_word' id='word_1_525' title='bbox 1560 2688 1723 2728; x_wconf 85' lang='lat' dir='ltr'>tenuerit,</span> 
     </span>
     <span class='ocr_line' id='line_1_100' title="bbox 260 2733 1722 2780; baseline 0.002 -15"><span class='ocrx_word' id='word_1_526' title='bbox 260 2745 319 2767; x_wconf 64' lang='lat' dir='ltr'>uec</span> <span class='ocrx_word' id='word_1_527' title='bbox 337 2734 435 2767; x_wconf 87' lang='lat' dir='ltr'>aliam</span> <span class='ocrx_word' id='word_1_528' title='bbox 456 2746 529 2767; x_wconf 78' lang='lat' dir='ltr'>esse</span> <span class='ocrx_word' id='word_1_529' title='bbox 548 2735 621 2767; x_wconf 87' lang='lat' dir='ltr'>vult</span> <span class='ocrx_word' id='word_1_530' title='bbox 643 2736 809 2777; x_wconf 83' lang='lat' dir='ltr'>originem</span> <span class='ocrx_word' id='word_1_531' title='bbox 827 2737 964 2772; x_wconf 80' lang='lat' dir='ltr'>fabulae</span> <span class='ocrx_word' id='word_1_532' title='bbox 975 2737 1206 2780; x_wconf 54' lang='lat' dir='ltr'>Herodotum,</span> <span class='ocrx_word' id='word_1_533' title='bbox 1225 2737 1271 2779; x_wconf 91' lang='grc' dir='ltr'>ΙΙ,</span> <span class='ocrx_word' id='word_1_534' title='bbox 1292 2736 1354 2770; x_wconf 82' lang='grc'>131</span> <span class='ocrx_word' id='word_1_535' title='bbox 1373 2734 1416 2767; x_wconf 83' lang='lat' dir='ltr'>de</span> <span class='ocrx_word' id='word_1_536' title='bbox 1433 2733 1591 2767; x_wconf 77' lang='lat' dir='ltr'>abscissis</span> <span class='ocrx_word' id='word_1_537' title='bbox 1610 2733 1722 2768; x_wconf 84' lang='lat' dir='ltr'>mani-</span> 
     </span>
    </p>
   </div>
   <div class='ocr_carea' id='block_1_8' title="bbox 261 2779 726 2824">
    <p class='ocr_par' dir='ltr' id='par_1_20' title="bbox 261 2779 726 2824">
     <span class='ocr_line' id='line_1_101' title="bbox 261 2779 726 2824; baseline 0.006 -13"><span class='ocrx_word' id='word_1_538' title='bbox 261 2782 319 2813; x_wconf 82' lang='lat' dir='ltr'>bus</span> <span class='ocrx_word' id='word_1_539' title='bbox 337 2779 531 2814; x_wconf 80' lang='lat' dir='ltr'>ancillarum</span> <span class='ocrx_word' id='word_1_540' title='bbox 550 2781 726 2824; x_wconf 85' lang='lat' dir='ltr'>Mycerini.</span> 
     </span>
    </p>
   </div>
   <div class='ocr_carea' id='block_1_9' title="bbox 1794 0 1875 2571">
    <p class='ocr_par' dir='ltr' id='par_1_21' title="bbox 1794 0 1875 2571">
     <span class='ocr_line' id='line_1_102' title="bbox 1794 0 1875 2571; baseline 0 0"><span class='ocrx_word' id='word_1_541' title='bbox 1794 0 1875 2571; x_wconf 95' lang='lat' dir='ltr'> </span> 
     </span>
    </p>
   </div>
  </div>
 </body>
</html>
