1996 3238
497 247 582 289 142
893 247 1355 288 HERODOTl

166 353 316 383 Pedem.-
303 363 352 383 nes
368 354 419 383 ubi

166 389 225 416 niti.
245 389 391 417 Sacerdos

164 421 440 526 &zzz-5:235*

497 370 601 410 τερα
619 357 708 399 τῶν
737 354 961 413 εὐνούχων
986 354 1104 412 παρὰ
1136 357 1313 413 βασιλέϊ.
1377 358 1431 401 Οἱ
1460 357 1505 402 δὲ
1532 359 1750 414 Πηδασέες

468 420 692 466 Ξοίκέουσι
719 421 828 481 ὑπὲρ
854 422 1201 482 Ἁλικαρνησσοῦ.
1231 425 1278 469 έν
1308 426 1354 469 δὲ
1381 430 1494 471 τοῖσι
1528 426 1750 483 Πηδάσοι-

438 585 538 621 σθαι
591 582 664 629 VI,
708 578 800 619 100.
860 576 949 620 VII,
1003 576 1094 616 168.

440 638 590 683 Quanta
648 643 776 674 autem
831 630 1095 670 eunuchorum

439 694 552 731 fuerit
572 695 771 731 auctoritas
801 697 913 741 atque
933 694 1094 738 potestas

438 750 542 802 apud
565 752 766 788 Persarum
786 759 904 796 reges,
927 746 991 796 qui
1011 745 1094 781 illos

436 808 630 860 quibusvis
679 808 719 842 in
763 803 875 840 rebus
917 801 1095 851 gravissi-

435 866 509 901 mis
557 862 788 900 adhibebant
825 858 886 896 vel
925 864 1096 894 auctores

435 921 499 958 vei
512 919 762 963 administros,
782 916 868 952 satis
885 927 929 950 ea
944 913 1094 961 docent,

436 990 536 1029 quae
571 975 617 1013 de
655 976 857 1012 Persarum
890 970 1045 1008 historia
1074 983 1095 1006 e

437 1033 618 1070 Ctesianis
639 1030 822 1081 excerptis
842 1027 891 1065 ad
920 1041 989 1065 nos
1010 1040 1095 1078 per-

435 1095 624 1127 venerunt
663 1087 815 1125 tradita.
871 1086 946 1122 Ubi
979 1097 1095 1121 accu-

434 1153 514 1183 rate
566 1144 776 1191 indicatur,
828 1143 985 1194 quinam
1031 1142 1092 1176 in-

433 1209 493 1240 ter
531 1200 724 1239 eunuchos
754 1200 962 1251 plurimum
993 1195 1095 1248 apud

435 1271 754 1311 unumquemque
779 1269 911 1306 regem
930 1255 1095 1291 auctori-

435 1322 512 1353 tate
550 1316 723 1353 valuerit.
781 1311 867 1351 Vid.
910 1318 1006 1349 nott.
1046 1310 1095 1347 ad

438 1372 538 1409 ctes.
577 1384 665 1422 pag.
699 1373 792 1411 120.
839 1369 940 1405 Hinc
979 1368 1095 1404 etiam

437 1427 680 1466 diiudicanda
709 1433 818 1473 sunt,
862 1438 960 1477 quae
994 1425 1094 1471 ml,

439 1484 598 1525 105f1n.
620 1485 817 1535 leguntur:
839 1478 1095 1521 πάντωντῶν

438 1536 644 1592 εὐνούχων
701 1535 871 1590 ἐτιμήθη
929 1534 1094 1587 μάλιστα

435 1595 544 1647 παραὶ
576 1597 713 1651 Ξέρξῃ.
743 1618 796 1624 —-
837 1596 895 1632 De
917 1593 1095 1632 Pedasen-

435 1654 532 1692 sibus
550 1653 628 1690 vid.
662 1654 773 1689 allata
804 1651 851 1689 ad
870 1652 903 1688 V
917 1680 927 1697 ‚
951 1653 1042 1691 121.

491 1708 544 1748 Οἱ
560 1707 604 1749 δὲ
626 1706 829 1760 Πηδασέες
850 1705 1023 1747 οἰκέουσι
1052 1721 1089 1744 κ.

426 1779 460 1803 τ.
480 1766 534 1814 λ.]
571 1767 670 1814 „Hic
706 1763 842 1802 tradita
882 1764 1022 1814 [usque
1043 1760 1092 1798 ad

429 1822 548 1858 verba
595 1835 678 1872 cap.
746 1819 825 1861 105
884 1818 906 1860 ό
950 1815 1092 1869 Ἑρμό-

432 1892 544 1928 τιμος
616 1873 670 1929 ἦν
733 1877 900 1925 incius]
966 1877 1093 1926 spuria

435 1933 629 1972 videntur:
679 1935 868 1985 primum,
901 1931 1006 1984 quod
1033 1933 1095 1967 in—

435 1998 523 2028 sunt
559 1991 743 2028 nonnulla
790 1991 836 2026 ab
877 1987 1094 2026 Herodotea

434 2046 624 2084 scribendi
643 2048 738 2084 facie
758 2045 925 2093 diversa3
945 2044 1095 2089 deinde,

436 2106 526 2155 quia
546 2105 642 2140 libro
663 2105 787 2155 primo
806 2104 925 2154 posita
946 2109 1095 2139 tantum

437 2160 572 2210 legisse
592 2159 742 2197 videtur
761 2160 898 2197 Strabo
929 2159 1036 2210 [XIII
1056 2172 1095 2209 p.

438 2219 515 2258 611
539 2231 566 2254 5.
588 2231 624 2268 p.
647 2217 772 2266 909],·
801 2215 977 2263 tandem,
1006 2217 1096 2267 quia

437 2286 487 2309 ex
515 2273 698 2310 Herodoti
718 2272 990 2310 consuetudine
1020 2273 1096 2309 illic

437 2341 505 2366 suo
526 2331 705 2380 leguntur
736 2331 845 2378 loco,
883 2331 948 2366 ubi
969 2328 1096 2365 Peda-

438 2388 603 2423 sensium
620 2387 660 2423 fit
680 2386 823 2424 ecaria
838 2387 1005 2422 mentio:
1028 2386 1097 2422 ista

438 2443 527 2479 talia
548 2442 720 2495 denique»
730 2444 784 2480 sic
803 2455 882 2480 non
902 2443 997 2480 solet
1015 2442 1097 2478 No-

439 2505 514 2535 ster
534 2499 668 2536 eadem
694 2506 876 2550 repetere.
926 2499 968 2536 Si
1000 2496 1095 2534 adeo

441 2563 546 2593 erant
567 2555 693 2606 digna,
714 2569 811 2608 quae
827 2561 1096 2607 repeterentur,

440 2624 508 2648 cur
540 2626 619 2649 non
647 2613 711 2649 ina
731 2614 954 2663 reposuisset
974 2612 1097 2662 potius

439 2667 513 2715 VI,
544 2671 596 2709 20
610 2697 620 2715 ,
652 2669 717 2705 ubi
736 2668 966 2706 Pedasenses
987 2681 1006 2704 e
1028 2668 1098 2704 Ca-

440 2724 495 2760 ria
551 2725 688 2761 iterum
736 2730 1098 2763 commemorantur.

440 2778 552 2825 Quod
591 2781 756 2831 primum
807 2781 1001 2825 dicebam,
1034 2793 1098 2817 me

440 2836 565 2875 iudice
584 2849 668 2874 rem
688 2839 860 2877 conficit:
891 2837 1098 2889 interpola-

1149 579 1210 610 tor
1227 585 1297 610 suo
1317 571 1490 610 fraudem
1509 572 1634 625 prodit
1652 573 1805 614 indicio.

1151 629 1386 674 Herodotea‚
1414 634 1512 669 τοῐσ’
1535 646 1639 677 οκως
1657 647 1693 671 τι
1712 631 1807 684 μέλ-

1150 689 1211 725 λοι
1240 682 1501 737 ἀνεπιτήδεον
1532 686 1713 737 ἔσεσθαι,
1751 690 1806 726 sic

1150 743 1248 779 lecta
1276 743 1476 791 Straboni,
1516 746 1650 781 Noster
1686 746 1808 782 inter-

1150 806 1320 850 pretatur
1339 798 1458 839 {univ
1485 804 1582 839 τοῖσι
1607 823 1657 829 -
1687 800 1807 854 μέλλῃ

1150 871 1187 894 τι
1207 853 1317 902 ἐντός
1344 851 1493 906 χρόνου
1514 856 1675 895 ἔσεσθαι
1697 861 1809 908 χαλε-

1157 908 1244 951 πόν.
1290 909 1342 951 Τό
1368 911 1529 950 ἔσεσθαι
1550 911 1725 951 videlicet
1745 927 1808 950 re-

1151 969 1325 1020 quirebat
1355 967 1585 1005 adiectnm'
1569 967 1679 1016 εντός
1714 966 1811 1020 χρό-

1150 1040 1236 1065 νου.
1266 1025 1379 1062 Velut
1397 1027 1681 1075 grammaticus,
1702 1021 1809 1065 Ἀνε-
1835 1025 1838 1027 Δ

1150 1078 1360 1132 πιτήδεον,
1384 1079 1564 1131 χαλεπόν.
1590 1079 1708 1135 Ἴσχει
1723 1078 1808 1122 πιό-

1151 1153 1259 1191 γωνα
1297 1137 1460 1176 reddidit
1507 1135 1614 1188 φύει.
1673 1140 1807 1176 Priora

1149 1197 1263 1232 missa
1294 1196 1411 1243 facio,
1462 1193 1505 1234 ἔν
1532 1200 1634 1234 τοῖσι
1669 1196 1809 1246 Πηδα-

1151 1251 1300 1291 σέοισιε
1349 1258 1387 1288 et
1452 1247 1608 1291 τοιόνδε
1647 1251 1808 1304 φέρεται

1149 1311 1312 1360 πρῆγμα
1329 1309 1540 1360 γίνεσθαυ
1553 1308 1688 1359 fertur,
1716 1309 1811 1346 Val-

1150 1365 1233 1413 lae3
1255 1364 1360 1417 quod
1378 1366 1519 1401 mutari
1537 1373 1667 1415 postea
1686 1367 1809 1416 potuit

1150 1422 1191 1457 in
1223 1420 1461 1472 συμφέρεται
1487 1425 1650 1474 πρῆγμα
1685 1420 1809 1474 [quod

1150 1477 1255 1515 idem
1297 1479 1562 1526 Florentium,
1601 1477 1808 1526 Mediceus,

1150 1535 1213 1571 alii
1243 1535 1407 1583 tenentJ.
1446 1533 1526 1572 Sed
1555 1536 1692 1587 quibus
1720 1541 1812 1572 tan-

1151 1590 1241 1628 dem
1270 1590 1343 1628 hoc
1372 1598 1518 1628 ostento
1545 1592 1692 1628 malum
1719 1604 1807 1642 por·

1150 1644 1406 1684 tendebatur?
1427 1661 1476 1684 an
1495 1660 1574 1685 non
1593 1649 1680 1699 ipsis
1692 1649 1807 1685 etiam

1146 1703 1420 1741 Pedasensibus
1441 1704 1555 1741 barba
1574 1717 1664 1741 suae
1682 1717 1808 1742 sacer-

1148 1759 1244 1797 dotis
1281 1767 1503 1811 portentum
1532 1768 1610 1798 erat
1645 1762 1808 1812 expian-

1148 1813 1273 1854 dum?
1298 1817 1371 1854 hoc
1391 1819 1523 1869 utique
1551 1818 1808 1868 significatum

1147 1874 1267 1910 voluit
1281 1872 1506 1912 Herodotus.
1539 1875 1590 1910 Et
1610 1873 1702 1925 quid
1719 1880 1808 1911 tan-

1150 1928 1240 1966 dem
1268 1927 1544 1980 interpolator:
1573 1943 1694 1998 quum
1721 1943 1810 1967 ma-

1149 1987 1232 2023 lmn
1252 1987 1467 2024 immineret
1479 2000 1579 2026 τοισι
1595 1983 1810 2037 Amantio-

1152 2056 1190 2082 σι
1208 2045 1306 2082 πᾶσι
1326 2047 1428 2082 τοῖσι
1449 2039 1553 2094 α’μφὶ
1574 2040 1721 2095 ταύτης
1750 2042 1810 2083 σι’-

1151 2100 1285 2139 κέουσι
1311 2102 1382 2150 τῆς
1407 2096 1570 2147 aditos:
1599 2113 1698 2153 quae
1716 2112 1810 2138 sane

1150 2169 1230 2193 non
1279 2157 1471 2207 eleganter
1512 2164 1600 2194 sunt
1636 2163 1809 2204 tornata3

1153 2214 1282 2250 Vallae
1323 2212 1490 2250 reddita:
1524 2213 1811 2264 Amphictyon&-

1153 2270 1238 2316 bus,
1269 2273 1332 2319 qui
1355 2272 1449 2306 circa
1472 2281 1546 2306 eam
1568 2270 1684 2306 urbem
1702 2269 1811 2306 laabi-

1153 2330 1252 2363 tant:
1274 2327 1484 2363 Palmerius
1497 2355 1507 2373 ‚
1526 2326 1810 2377 Amphictyonas,

1154 2384 1225 2429 ait,
1266 2395 1290 2418 a
1323 2381 1462 2433 Pylae-a
1493 2396 1559 2419 sua
1591 2384 1629 2420 in
1662 2382 1811 2420 median

1156 2439 1300 2476 Can'am
1332 2443 1406 2476 sine
1432 2441 1518 2476 navi
1546 2439 1809 2489 transfretavit.

1153 2495 1334 2546 Suspicor
1354 2497 1541 2547 primum,
1565 2494 1677 2533 huius
1695 2501 1811 2532 notae

1154 2560 1349 2588 auctorem
1397 2565 1466 2603 pro
1505 2553 1741 2601 περιοίκοισι
1778 2551 1809 2599 l,

1157 2609 1387 2660 1751egisse
1417 2610 1456 2645 in
1488 2621 1556 2646 suo
1587 2607 1674 2646 cod.
1701 2621 1809 2659 περι·

1153 2666 1302 2704 uriom:
1351 2672 1508 2702 noverat
1545 2666 1724 2716 magister
1761 2676 1811 2700 ex

1155 2723 1271 2759 Hom.
1302 2721 1374 2760 Od.
1393 2723 1449 2769 11,
1483 2722 1536 2762 65
1557 2721 1812 2772 περικτίονας

1155 2774 1404 2828 ἀνθρώπους
1418 2773 1786 2828 οἷπεριναιετιὶουσι
1796 2788 1809 2814 z

1155 2835 1233 2872 iam
1256 2834 1344 2873 vide
1377 2847 1493 2888 quam
1513 2832 1623 2872 docte
1650 2835 1810 2886 scripse-
