1879 3222
308 278 375 325 65

432 167 515 208 304

433 275 507 326 τός
539 291 584 319 τε
613 272 802 318 ἀπέθανε
839 274 911 318 καὶ
941 275 984 318 οἱ
1009 274 1260 331 τριηκόσιοι.

826 165 1276 204 HERODOTI

1312 277 1389 319 Ἐν
1422 278 1465 320 δὲ
1497 280 1683 322 Πλαται-

430 346 504 400 ῇσι
534 344 577 385 οἱ
606 342 772 396 Πέρσαι
806 341 864 393 ὥς
893 341 1128 398 ἐτράποντο
1167 342 1253 386 ὑπὸ
1291 346 1379 385 τῶν
1419 346 1683 400 Λακεδαιμο-

429 410 558 460 νίων,
588 409 775 465 ἔφευγον
806 407 962 453 οὐδένα
995 409 1161 464 κόσμον
1191 411 1233 461 ἐς
1261 410 1309 454 τὸ
1342 411 1608 464 σρατόπεδον
1636 411 1685 455 τὸ

431 476 628 530 ἑωυτῶν,
659 477 733 521 καὶ
761 477 802 528 ἐς
821 477 868 521 τὸ
889 483 1024 534 τεῖχος
1052 478 1100 520 τὸ
1130 477 1318 530 ξύλινον,
1348 477 1398 521 τὸ
1425 479 1684 534 ἐποιήσαντο

402 543 482 587 Ξέν
510 545 644 601 μοίρῃ
674 547 728 602 τῇ
759 548 955 601 Θηβαΐδι.

1017 543 1180 599 Θώυμα
1209 543 1254 587 δέ
1282 561 1383 598 μοι,
1430 546 1542 596 ὅκως
1568 545 1685 598 παρὰ
1697 553 1743 586 20

433 615 511 668 τῆς
540 611 769 667 Δήμητρος
806 613 854 656 τό
888 613 1018 662 ἄλσος
1047 612 1316 665 μαχομένων,
1361 611 1462 655 οὐδὲ
1493 610 1552 663 εἷς
1581 613 1686 668 ἐφά-

432 696 488 734 νη
515 683 600 722 τῶν
630 679 833 734 Περσέων
868 679 967 723 οὔτε
996 676 1186 720 ἐσελθών
1217 677 1259 728 ἐς
1291 677 1338 720 τὸ
1369 677 1553 732 τέμενος,
1586 682 1686 724 οὔτε

432 746 738 799 ἐναποθανών,
768 748 867 799 περί
892 762 936 789 τε
966 746 1014 788 τό
1045 744 1143 798 ἱρόν
1171 745 1214 786 οἱ
1241 749 1430 787 πλεῖστοι
1460 746 1505 788 ἐν
1533 751 1591 804 τῷ
1620 752 1685 802 βε-

406 813 558 870 Ββὴλῳ
590 815 754 857 ἔπεσον.
793 813 930 856 δοκέω
962 814 1030 863 δὲ,
1062 815 1156 856 εἴτι
1178 814 1269 868 περὶ
1302 817 1389 856 τῶν
1405 816 1539 857 θείων
1555 830 1685 869 πρηγ-

432 881 581 937 μα’των
611 880 776 924 δοκέειν
805 883 888 930 δεῖ,
919 879 946 934 ἡ
974 879 1078 930 θεός
1107 880 1215 936 αὐτή
1238 893 1372 937 σφεας
1402 883 1484 924 οὐκ
1506 881 1742 933 ἐδέξατο,25

431 948 731 1005 ἐμπρήσαντας
768 947 817 991 τὸ
857 947 953 1002 ἱρὸν
990 947 1038 992 τὸ
1080 948 1127 991 ἐν
1160 949 1367 993 Ἐλευσῖνι
1414 949 1687 1005 ἅνακτόριον.
1749 953 1752 955 ’

432 1016 552 1073 Αὕτη
581 1017 658 1072 μέν
687 1033 769 1060 νυν
797 1013 824 1071 ἡ
854 1015 965 1072 μάχη
994 1015 1062 1060 ἐπὶ
1092 1021 1273 1061 τοσοῦτο
1299 1016 1477 1073 ἐγένετο.

375 1232 526 1277 ponunt
572 1227 681 1272 Binter
734 1223 955 1263 ,Mavromati
998 1231 1034 1262 et

376 1283 483 1320 Kkan
498 1281 542 1333 of
557 1282 719 1319 Sakona.

583 1339 675 1390 Cap.
704 1338 822 1376 LXV.

384 1426 387 1429 .
433 1390 579 1434 ου’δένα
597 1392 765 1446 κόσμον]
799 1394 908 1433 conf.
923 1394 1033 1430 allata

377 1449 425 1487 ad
454 1453 563 1500 VIII,
592 1455 644 1492 60
674 1454 708 1497 ς.
735 1455 772 1491 3.
831 1451 934 1488 Infra
961 1452 1031 1498 IX,

374 1510 451 1547 66:
489 1506 555 1548 τὸν
590 1504 712 1547 αὐτόν
740 1503 887 1558 κόσμον
910 1522 1032 1557 κατη-

373 1563 494 1614 γέετο.
531 1566 588 1600 De
609 1577 707 1600 muro
731 1565 845 1612 ligneo
865 1563 939 1601 vid.
962 1565 1030 1610 IX,

376 1618 429 1657 15
451 1621 536 1655 coll.
552 1623 605 1659 70
623 1627 659 1655 et
680 1619 726 1656 de
739 1620 873 1656 Cereris
884 1621 1029 1669 templo

371 1675 451 1722 IX,
483 1675 548 1715 57.
582 1677 649 1714 62.

432 1731 522 1781 περί
541 1744 581 1768 τε
601 1728 643 1768 τὸ
663 1726 749 1780 ἷρόν
777 1729 818 1768 οἱ
837 1730 1029 1777 πλεῖστοι]

373 1788 431 1823 Ita
462 1800 482 1822 e
513 1785 597 1822 cod.
616 1787 833 1822 Florentino
864 1799 953 1822 cum
975 1800 1032 1822 re-

375 1849 491 1880 centt.
522 1841 705 1881 dedimus,
745 1843 951 1892 Vulgatum
965 1856 1032 1881 πε-

376 1898 416 1950 ρὶ
445 1896 488 1938 τό
521 1895 629 1950 ἷρόν,
660 1898 701 1937 οἵ
719 1896 761 1937 δὲ
782 1902 953 1937 πλεῖστοι
971 1912 1032 1934 re-

375 1957 570 1992 tinuerunt
599 1954 791 1993 Schaesffl.
833 1962 869 1991 et
898 1954 1030 1991 Matth.

375 2013 426 2048 At
454 2013 668 2062 iunguntur
697 2010 769 2048 hoc
810 2012 894 2048 loco
936 2007 1032 2051 ου’δὲ

377 2064 450 2114 εἷς
481 2093 532 2098 -
554 2083 627 2116 τε,
658 2069 763 2105 cuius
789 2069 910 2105 simile
940 2067 1032 2120 quid

375 2126 583 2175 reperimus
620 2126 770 2172 V1,9
810 2126 895 2161 coll.
935 2132 1031 2162 nott.

376 2181 425 2217 ad
453 2183 525 2228 Vl,
570 2185 605 2222 1.
653 2182 750 2219 Gall.
789 2182 863 2227 (Le
900 2180 1029 2232 philol.

374 2239 425 2274 IV
466 2250 550 2288 pag.
590 2239 670 2277 289
711 2241 808 2288 seq.)
858 2237 948 2288 περὶ
985 2234 1029 2276 τὸ

377 2291 462 2344 ἷρόν
492 2294 682 2343 intelligit:
734 2294 823 2331 (lans
860 2294 1031 2330 l’e‘tenclue

377 2351 418 2386 de
458 2351 481 2386 Γ
516 2349 662 2388 Hieron.
692 2371 748 2377 —
803 2351 864 2386 Ex
894 2349 1029 2386 eodem

373 2408 591 2443 Florentino
621 2419 714 2443 mox
759 2405 846 2444 dedi
877 2405 1028 2453 ἐδέξατο

373 2475 441 2511 pro
463 2462 624 2510 ἐδέκετο,
655 2462 758 2515 quod
781 2470 863 2514 post
883 2462 1029 2500 Sohae-

373 2518 495 2554 serum
538 2521 773 2556 retinuerunt
808 2518 945 2556 Matth.
993 2525 1030 2556 et

373 2573 540 2611 Bekixeiu

434 2627 475 2668 τὸ
497 2627 581 2679 ἱρὸν
596 2629 639 2670 to*
663 2630 705 2670 ἐν
720 2626 913 2670 Ἐλευσῖνι
931 2627 1030 2670 εἷνα-

377 2683 679 2737 utthokulgo
694 2684 1030 2739 ct’vcinvopov,quae

377 2755 465 2779 sane
493 2744 625 2780 usitata
660 2750 713 2779 est
742 2744 884 2790 forma,
913 2758 1029 2797 quam

1089 1223 1127 1261 h.
1166 1226 1192 1266 l.
1239 1223 1451 1275 Mediceus,
1506 1226 1743 1262 Florentinus

1089 1282 1185 1318 liber
1195 1295 1280 1318 cum
1294 1282 1372 1319 aliis
1382 1283 1549 1333 praebet.
1579 1283 1611 1318 E
1643 1282 1743 1318 San-

1090 1338 1199 1375 crofti
1262 1339 1358 1375 libro
1431 1340 1586 1389 aliisquo
1655 1351 1740 1374 cum

1091 1393 1309 1445 Schweigh.
1367 1402 1403 1432 et
1450 1395 1565 1432 Gaisf.
1618 1396 1743 1444 recepi

1089 1447 1351 1501 οἷνακτόριον,
1397 1464 1493 1502 quae
1522 1451 1644 1487 forma
1673 1450 1743 1487 ad-

1086 1509 1212 1544 iectivi
1234 1509 1347 1544 etiam
1367 1509 1496 1545 nititur
1525 1508 1742 1544 auctoritate

1088 1564 1230 1601 Suidae
1266 1566 1302 1610 (Ι
1332 1578 1368 1614 p.
1401 1567 1480 1605 167
1517 1578 1546 1601 s.
1576 1577 1614 1600 v.
1643 1561 1744 1602 ἰένα-

1087 1617 1192 1671 κτες)
1218 1627 1254 1656 et
1270 1619 1449 1670 Hesychii
1470 1621 1518 1658 T.
1542 1621 1558 1655 I
1578 1633 1615 1669 p.
1639 1621 1742 1665 3293

1086 1676 1138 1711 ita
1179 1682 1220 1711 ut
1259 1675 1431 1710 additum
1469 1676 1743 1712 substantivum

1088 1728 1130 1769 τὸ
1164 1727 1246 1779 ἷρὸν
1284 1731 1463 1778 minime⁷
1509 1738 1551 1767 ut
1578 1730 1744 1767 Valcke-

1087 1789 1216 1823 naerIO
1253 1788 1375 1824 visum
1417 1794 1515 1834 erat,
1561 1800 1743 1837 superva-

1089 1856 1203 1879 cuum
1232 1841 1363 1879 haberi
1382 1843 1547 1894 indeque
1577 1844 1656 1880 elici
1673 1843 1742 1880 de-

1088 1900 1194 1947 beat,
1243 1906 1425 1950 tanquam
1469 1913 1490 1935 e
1542 1901 1743 1950 marginali

1087 1957 1211 2006 glossa
1246 1955 1667 1995 adscitum.Vocatu1
1700 1953 1743 1996 τὸ

1089 2008 1314 2081 α’νακτορον
1354 2026 1383 2049 s.
1422 2028 1464 2052 το
1503 2007 1742 2079 ἀνακτόρων

1090 2065 1198 2119 ἷερόν
1227 2070 1305 2105 sive
1333 2071 1445 2106 etiam
1476 2083 1518 2107 το
1555 2064 1742 2107 α’νάκειον

1089 2123 1154 2176 (cf.
1184 2124 1441 2161 llemsterhus.
1472 2130 1508 2160 et
1536 2123 1663 2160 Solan.
1695 2123 1742 2160 ad

1087 2182 1245 2218 Lucian.
1283 2182 1386 2216 Tim.
1425 2182 1477 2220 23
1534 2192 1620 2230 pag.
1660 2182 1740 2220 387

1085 2239 1135 2275 T.
1176 2238 1193 2272 I
1231 2238 1343 2287 Bip.)
1382 2236 1567 2286 templum
1597 2236 1740 2272 Cereris

1085 2294 1299 2330 Ele-asinina
1329 2306 1395 2330 sua
1425 2294 1574 2343 propria
1603 2305 1645 2329 ac
1675 2304 1740 2328 so—

1084 2351 1485 2400 lemniappellatioue3
1508 2361 1739 2400 quamquam

1086 2409 1199 2443 eliam
1221 2406 1266 2443 de
1287 2408 1446 2442 aliorum
1469 2404 1625 2442 deorum
1647 2404 1738 2441 dea-

1086 2476 1220 2499 rumve
1256 2464 1405 2513 templis
1445 2460 1482 2498 id
1513 2462 1737 2499 vocabulmn

1088 2518 1258 2556 adhiberi
1311 2517 1514 2556 ostendunt
1549 2516 1737 2566 Euripidis

1086 2577 1159 2613 loci
1189 2577 1225 2611 in
1248 2573 1505 2612 Andromach.
1520 2572 1586 2614 43.
1622 2576 1736 2614 1157.

1085 2631 1260 2683 lphigen.
1280 2634 1399 2669 Taur.
1421 2629 1486 2669 41.
1507 2632 1572 2670 66.
1593 2629 1736 2665 Troad.

1089 2690 1153 2728 15.
1193 2691 1275 2725 Ion.
1324 2688 1376 2729 55
1414 2699 1434 2722 a
1465 2683 1735 2722 Valckenaerio

1085 2746 1248 2782 excitati.
1290 2746 1347 2781 De
1370 2743 1501 2781 Cereris
1519 2741 1642 2792 templo
1659 2742 1736 2781 vid.
