<?xml version="1.0" encoding="UTF-8"?>
<!DOCTYPE html PUBLIC "-//W3C//DTD XHTML 1.0 Transitional//EN"
    "http://www.w3.org/TR/xhtml1/DTD/xhtml1-transitional.dtd">
<html xmlns="http://www.w3.org/1999/xhtml" xml:lang="en" lang="en">
 <head>
  <title>
</title>
<meta http-equiv="Content-Type" content="text/html;charset=utf-8" />
  <meta name='ocr-system' content='tesseract 3.04.00' />
  <meta name='ocr-capabilities' content='ocr_page ocr_carea ocr_par ocr_line ocrx_word'/>
</head>
<body>
  <div class='ocr_page' id='page_1' title='image "./musaeherodoto04hero/musaeherodoto04hero_0441.png"; bbox 0 0 1879 3222; ppageno 0'>
   <div class='ocr_carea' id='block_1_1' title="bbox 401 191 1588 240">
    <p class='ocr_par' dir='ltr' id='par_1_1' title="bbox 401 191 1588 240">
     <span class='ocr_line' id='line_1_1' title="bbox 401 191 1588 240; baseline 0 0"><span class='ocrx_word' id='word_1_1' title='bbox 401 191 469 240; x_wconf 68' lang='lat' dir='ltr'><strong>im</strong></span> <span class='ocrx_word' id='word_1_2' title='bbox 499 201 625 240; x_wconf 85' lang='lat' dir='ltr'><strong>vrrA</strong></span> <span class='ocrx_word' id='word_1_3' title='bbox 655 201 729 238; x_wconf 81' lang='lat' dir='ltr'><strong>ET</strong></span> <span class='ocrx_word' id='word_1_4' title='bbox 758 200 992 240; x_wconf 84' lang='lat' dir='ltr'>SCRIPTIS</span> <span class='ocrx_word' id='word_1_5' title='bbox 1021 200 1294 238; x_wconf 74' lang='grc' dir='ltr'><em>ΗΕΒοοοΤι.</em></span> <span class='ocrx_word' id='word_1_6' title='bbox 1504 199 1588 240; x_wconf 79' lang='lat'><strong>425</strong></span> 
     </span>
    </p>
   </div>
   <div class='ocr_carea' id='block_1_2' title="bbox 109 310 1588 426">
    <p class='ocr_par' dir='ltr' id='par_1_2' title="bbox 109 310 1588 426">
     <span class='ocr_line' id='line_1_2' title="bbox 109 310 1588 365; baseline -0.005 -10"><span class='ocrx_word' id='word_1_7' title='bbox 109 317 222 355; x_wconf 90' lang='lat' dir='ltr'><strong>stoire</strong></span> <span class='ocrx_word' id='word_1_8' title='bbox 243 323 279 354; x_wconf 91' lang='lat' dir='ltr'><strong>et</strong></span> <span class='ocrx_word' id='word_1_9' title='bbox 294 315 449 353; x_wconf 77' lang='lat' dir='ltr'><strong>matiere</strong></span> <span class='ocrx_word' id='word_1_10' title='bbox 469 311 516 350; x_wconf 88' lang='lat' dir='ltr'><strong>de</strong></span> <span class='ocrx_word' id='word_1_11' title='bbox 536 311 656 363; x_wconf 83' lang='lat' dir='ltr'>grand</span> <span class='ocrx_word' id='word_1_12' title='bbox 674 313 880 363; x_wconf 81' lang='lat' dir='ltr'><strong>louange.“</strong></span> <span class='ocrx_word' id='word_1_13' title='bbox 910 312 1090 365; x_wconf 87' lang='lat' dir='ltr'><strong>(Buchon</strong></span> <span class='ocrx_word' id='word_1_14' title='bbox 1112 313 1268 351; x_wconf 84' lang='lat' dir='ltr'><strong>Collect.</strong></span> <span class='ocrx_word' id='word_1_15' title='bbox 1288 311 1326 354; x_wconf 84' lang='lat' dir='ltr'><strong>d.</strong></span> <span class='ocrx_word' id='word_1_16' title='bbox 1361 310 1588 365; x_wconf 82' lang='lat' dir='ltr'><strong>chroniques</strong></span> 
     </span>
     <span class='ocr_line' id='line_1_3' title="bbox 109 370 582 426; baseline -0.013 -14"><span class='ocrx_word' id='word_1_17' title='bbox 109 374 161 412; x_wconf 88' lang='lat' dir='ltr'><strong>T.</strong></span> <span class='ocrx_word' id='word_1_18' title='bbox 189 375 207 411; x_wconf 96' lang='lat' dir='ltr'>I</span> <span class='ocrx_word' id='word_1_19' title='bbox 235 387 274 426; x_wconf 87' lang='lat' dir='ltr'><strong>p.</strong></span> <span class='ocrx_word' id='word_1_20' title='bbox 298 376 335 415; x_wconf 87' lang='lat'><strong>1.</strong></span> <span class='ocrx_word' id='word_1_21' title='bbox 361 370 582 421; x_wconf 86' lang='lat' dir='ltr'><strong>Prologue.)</strong></span> 
     </span>
    </p>
   </div>
   <div class='ocr_carea' id='block_1_3' title="bbox 772 516 916 562">
    <p class='ocr_par' dir='ltr' id='par_1_3' title="bbox 772 516 916 562">
     <span class='ocr_line' id='line_1_4' title="bbox 772 516 916 562; baseline -0.042 -1"><span class='ocrx_word' id='word_1_22' title='bbox 772 516 810 562; x_wconf 58' lang='grc' dir='ltr'><strong>ξ.</strong></span> <span class='ocrx_word' id='word_1_23' title='bbox 850 516 916 557; x_wconf 89' lang='grc'><strong>16.</strong></span> 
     </span>
    </p>
   </div>
   <div class='ocr_carea' id='block_1_4' title="bbox 90 617 1588 2029">
    <p class='ocr_par' dir='ltr' id='par_1_4' title="bbox 90 617 1588 2029">
     <span class='ocr_line' id='line_1_5' title="bbox 216 617 1587 669; baseline -0.001 -13"><span class='ocrx_word' id='word_1_24' title='bbox 216 619 293 656; x_wconf 88' lang='lat' dir='ltr'><strong>Tot</strong></span> <span class='ocrx_word' id='word_1_25' title='bbox 326 618 440 669; x_wconf 83' lang='lat' dir='ltr'><strong>igitur</strong></span> <span class='ocrx_word' id='word_1_26' title='bbox 460 617 608 656; x_wconf 89' lang='lat' dir='ltr'><strong>dotibus</strong></span> <span class='ocrx_word' id='word_1_27' title='bbox 629 631 718 655; x_wconf 90' lang='lat' dir='ltr'><strong>cum</strong></span> <span class='ocrx_word' id='word_1_28' title='bbox 737 624 890 656; x_wconf 89' lang='lat' dir='ltr'><strong>ornatae</strong></span> <span class='ocrx_word' id='word_1_29' title='bbox 910 623 1032 654; x_wconf 87' lang='lat' dir='ltr'><strong>essent</strong></span> <span class='ocrx_word' id='word_1_30' title='bbox 1060 618 1191 654; x_wconf 86' lang='lat' dir='ltr'><strong>Musae</strong></span> <span class='ocrx_word' id='word_1_31' title='bbox 1219 617 1477 667; x_wconf 87' lang='lat' dir='ltr'><strong>Herodoteae,</strong></span> <span class='ocrx_word' id='word_1_32' title='bbox 1507 631 1587 656; x_wconf 85' lang='lat' dir='ltr'><strong>non</strong></span> 
     </span>
     <span class='ocr_line' id='line_1_6' title="bbox 106 673 1586 726; baseline -0.001 -13"><span class='ocrx_word' id='word_1_33' title='bbox 106 676 246 713; x_wconf 88' lang='lat' dir='ltr'><strong>mirum</strong></span> <span class='ocrx_word' id='word_1_34' title='bbox 275 682 354 722; x_wconf 90' lang='lat' dir='ltr'><strong>est,</strong></span> <span class='ocrx_word' id='word_1_35' title='bbox 394 675 474 712; x_wconf 70' lang='lat' dir='ltr'><strong>illas</strong></span> <span class='ocrx_word' id='word_1_36' title='bbox 502 674 748 712; x_wconf 85' lang='lat' dir='ltr'><strong>vehementer</strong></span> <span class='ocrx_word' id='word_1_37' title='bbox 775 675 955 726; x_wconf 83' lang='lat' dir='ltr'><strong>placuisse</strong></span> <span class='ocrx_word' id='word_1_38' title='bbox 979 675 1132 711; x_wconf 87' lang='lat' dir='ltr'><strong>Graecis</strong></span> <span class='ocrx_word' id='word_1_39' title='bbox 1160 673 1195 723; x_wconf 87' lang='lat'><strong>*)</strong></span> <span class='ocrx_word' id='word_1_40' title='bbox 1226 675 1467 726; x_wconf 88' lang='lat' dir='ltr'><strong>multumque</strong></span> <span class='ocrx_word' id='word_1_41' title='bbox 1496 675 1586 712; x_wconf 85' lang='lat' dir='ltr'><strong>inde</strong></span> 
     </span>
     <span class='ocr_line' id='line_1_7' title="bbox 105 731 1585 780; baseline -0.001 -11"><span class='ocrx_word' id='word_1_42' title='bbox 105 733 284 769; x_wconf 84' lang='lat' dir='ltr'><strong>lectitatas</strong></span> <span class='ocrx_word' id='word_1_43' title='bbox 296 739 332 768; x_wconf 90' lang='lat' dir='ltr'><strong>et</strong></span> <span class='ocrx_word' id='word_1_44' title='bbox 344 733 525 770; x_wconf 85' lang='lat' dir='ltr'><strong>iuvenum</strong></span> <span class='ocrx_word' id='word_1_45' title='bbox 546 739 641 769; x_wconf 89' lang='lat' dir='ltr'><strong>artes</strong></span> <span class='ocrx_word' id='word_1_46' title='bbox 661 733 831 769; x_wconf 88' lang='lat' dir='ltr'><strong>liberales</strong></span> <span class='ocrx_word' id='word_1_47' title='bbox 852 731 1125 768; x_wconf 77' lang='lat' dir='ltr'><strong>aemulantium</strong></span> <span class='ocrx_word' id='word_1_48' title='bbox 1144 731 1318 768; x_wconf 88' lang='lat' dir='ltr'><strong>manibus</strong></span> <span class='ocrx_word' id='word_1_49' title='bbox 1334 732 1436 768; x_wconf 89' lang='lat' dir='ltr'><strong>tritas</strong></span> <span class='ocrx_word' id='word_1_50' title='bbox 1452 732 1585 780; x_wconf 86' lang='lat' dir='ltr'><strong>fuisse3</strong></span> 
     </span>
     <span class='ocr_line' id='line_1_8' title="bbox 103 786 1586 840; baseline 0.001 -16"><span class='ocrx_word' id='word_1_51' title='bbox 103 787 205 825; x_wconf 90' lang='lat' dir='ltr'><strong>unde</strong></span> <span class='ocrx_word' id='word_1_52' title='bbox 225 789 391 837; x_wconf 88' lang='lat' dir='ltr'><strong>factum,</strong></span> <span class='ocrx_word' id='word_1_53' title='bbox 423 796 466 826; x_wconf 91' lang='lat' dir='ltr'><strong>ut</strong></span> <span class='ocrx_word' id='word_1_54' title='bbox 494 787 770 840; x_wconf 86' lang='lat' dir='ltr'>Theopompus</span> <span class='ocrx_word' id='word_1_55' title='bbox 798 790 944 826; x_wconf 85' lang='lat' dir='ltr'><strong>iuvenis</strong></span> <span class='ocrx_word' id='word_1_56' title='bbox 975 789 1070 824; x_wconf 88' lang='lat' dir='ltr'><strong>mira</strong></span> <span class='ocrx_word' id='word_1_57' title='bbox 1093 788 1214 838; x_wconf 87' lang='lat' dir='ltr'><strong>operis</strong></span> <span class='ocrx_word' id='word_1_58' title='bbox 1235 786 1436 824; x_wconf 84' lang='lat' dir='ltr'><strong>dulcedine</strong></span> <span class='ocrx_word' id='word_1_59' title='bbox 1457 795 1586 838; x_wconf 85' lang='lat' dir='ltr'><strong>captus</strong></span> 
     </span>
     <span class='ocr_line' id='line_1_9' title="bbox 103 843 1587 897; baseline -0.001 -16"><span class='ocrx_word' id='word_1_60' title='bbox 103 857 189 881; x_wconf 88' lang='lat' dir='ltr'><strong>eam</strong></span> <span class='ocrx_word' id='word_1_61' title='bbox 217 859 333 896; x_wconf 86' lang='lat' dir='ltr'><strong>quam</strong></span> <span class='ocrx_word' id='word_1_62' title='bbox 372 845 536 883; x_wconf 82' lang='lat' dir='ltr'>diximus</span> <span class='ocrx_word' id='word_1_63' title='bbox 566 848 756 897; x_wconf 82' lang='lat' dir='ltr'>epitomen</span> <span class='ocrx_word' id='word_1_64' title='bbox 791 846 993 883; x_wconf 82' lang='lat' dir='ltr'><strong>conficeret</strong></span> <span class='ocrx_word' id='word_1_65' title='bbox 1022 844 1168 881; x_wconf 92' lang='lat' dir='ltr'><strong>duobus</strong></span> <span class='ocrx_word' id='word_1_66' title='bbox 1194 845 1298 881; x_wconf 84' lang='lat' dir='ltr'><strong>libris</strong></span> <span class='ocrx_word' id='word_1_67' title='bbox 1332 843 1587 894; x_wconf 86' lang='lat' dir='ltr'><strong>comprehen-</strong></span> 
     </span>
     <span class='ocr_line' id='line_1_10' title="bbox 100 899 1588 954; baseline -0.002 -15"><span class='ocrx_word' id='word_1_68' title='bbox 100 913 206 949; x_wconf 72' lang='lat' dir='ltr'><strong>samt,</strong></span> <span class='ocrx_word' id='word_1_69' title='bbox 229 901 280 953; x_wconf 84' lang='lat'><strong>**)</strong></span> <span class='ocrx_word' id='word_1_70' title='bbox 313 902 403 954; x_wconf 87' lang='lat' dir='ltr'><strong>quid</strong></span> <span class='ocrx_word' id='word_1_71' title='bbox 424 902 528 954; x_wconf 85' lang='lat' dir='ltr'><strong>quod</strong></span> <span class='ocrx_word' id='word_1_72' title='bbox 548 904 725 953; x_wconf 82' lang='lat' dir='ltr'><strong>Hegesias</strong></span> <span class='ocrx_word' id='word_1_73' title='bbox 745 901 876 940; x_wconf 89' lang='lat' dir='ltr'><strong>histrio</strong></span> <span class='ocrx_word' id='word_1_74' title='bbox 901 900 1084 939; x_wconf 85' lang='lat' dir='ltr'>Herodoti</span> <span class='ocrx_word' id='word_1_75' title='bbox 1107 903 1233 938; x_wconf 89' lang='lat' dir='ltr'><strong>Musas</strong></span> <span class='ocrx_word' id='word_1_76' title='bbox 1249 930 1260 949; x_wconf 89' lang='lat'><strong>,</strong></span> <span class='ocrx_word' id='word_1_77' title='bbox 1289 907 1331 938; x_wconf 88' lang='lat' dir='ltr'><strong>ut</strong></span> <span class='ocrx_word' id='word_1_78' title='bbox 1360 899 1588 951; x_wconf 86' lang='lat' dir='ltr'><strong>Herophau-</strong></span> 
     </span>
     <span class='ocr_line' id='line_1_11' title="bbox 100 957 1587 1009; baseline -0.001 -15"><span class='ocrx_word' id='word_1_79' title='bbox 100 964 161 995; x_wconf 87' lang='lat' dir='ltr'><strong>tus</strong></span> <span class='ocrx_word' id='word_1_80' title='bbox 189 960 346 995; x_wconf 84' lang='lat' dir='ltr'>Homeri</span> <span class='ocrx_word' id='word_1_81' title='bbox 378 960 567 1007; x_wconf 86' lang='lat' dir='ltr'><strong>carmina,</strong></span> <span class='ocrx_word' id='word_1_82' title='bbox 596 961 636 995; x_wconf 89' lang='lat' dir='ltr'><strong>in</strong></span> <span class='ocrx_word' id='word_1_83' title='bbox 669 972 810 1009; x_wconf 82' lang='lat' dir='ltr'><strong>niagno</strong></span> <span class='ocrx_word' id='word_1_84' title='bbox 841 958 989 996; x_wconf 88' lang='lat' dir='ltr'><strong>theatro</strong></span> <span class='ocrx_word' id='word_1_85' title='bbox 1009 959 1182 996; x_wconf 84' lang='lat' dir='ltr'><strong>recitasse</strong></span> <span class='ocrx_word' id='word_1_86' title='bbox 1202 958 1334 997; x_wconf 88' lang='lat' dir='ltr'><strong>fertur.</strong></span> <span class='ocrx_word' id='word_1_87' title='bbox 1354 957 1428 1008; x_wconf 79' lang='lat'><strong>***)</strong></span> <span class='ocrx_word' id='word_1_88' title='bbox 1487 959 1587 994; x_wconf 89' lang='lat' dir='ltr'><strong>Pro-</strong></span> 
     </span>
     <span class='ocr_line' id='line_1_12' title="bbox 100 1013 1587 1068; baseline -0.001 -17"><span class='ocrx_word' id='word_1_89' title='bbox 100 1015 193 1051; x_wconf 86' lang='lat' dir='ltr'><strong>bant</strong></span> <span class='ocrx_word' id='word_1_90' title='bbox 223 1028 376 1068; x_wconf 88' lang='lat' dir='ltr'><strong>quoque</strong></span> <span class='ocrx_word' id='word_1_91' title='bbox 415 1017 759 1052; x_wconf 79' lang='lat' dir='ltr'><strong>Grammaticorum</strong></span> <span class='ocrx_word' id='word_1_92' title='bbox 791 1015 991 1053; x_wconf 88' lang='lat' dir='ltr'><strong>doctorum</strong></span> <span class='ocrx_word' id='word_1_93' title='bbox 1012 1028 1147 1066; x_wconf 90' lang='lat' dir='ltr'><strong>opera,</strong></span> <span class='ocrx_word' id='word_1_94' title='bbox 1180 1013 1226 1051; x_wconf 91' lang='lat' dir='ltr'><strong>de</strong></span> <span class='ocrx_word' id='word_1_95' title='bbox 1253 1013 1446 1051; x_wconf 86' lang='lat' dir='ltr'>Herodoto</span> <span class='ocrx_word' id='word_1_96' title='bbox 1470 1021 1506 1051; x_wconf 90' lang='lat' dir='ltr'><strong>et</strong></span> <span class='ocrx_word' id='word_1_97' title='bbox 1537 1013 1587 1050; x_wconf 89' lang='lat' dir='ltr'><strong>de</strong></span> 
     </span>
     <span class='ocr_line' id='line_1_13' title="bbox 99 1070 1586 1122; baseline 0 -15"><span class='ocrx_word' id='word_1_98' title='bbox 99 1070 228 1108; x_wconf 89' lang='lat' dir='ltr'><strong>indole</strong></span> <span class='ocrx_word' id='word_1_99' title='bbox 249 1085 292 1109; x_wconf 87' lang='lat' dir='ltr'><strong>ac</strong></span> <span class='ocrx_word' id='word_1_100' title='bbox 311 1079 445 1109; x_wconf 88' lang='lat' dir='ltr'><strong>natura</strong></span> <span class='ocrx_word' id='word_1_101' title='bbox 466 1073 686 1109; x_wconf 81' lang='lat' dir='ltr'><strong>elocutionis</strong></span> <span class='ocrx_word' id='word_1_102' title='bbox 702 1071 939 1109; x_wconf 88' lang='lat' dir='ltr'><strong>Herodoteae</strong></span> <span class='ocrx_word' id='word_1_103' title='bbox 950 1072 1314 1118; x_wconf 77' lang='lat' dir='ltr'><strong>commentantium3</strong></span> <span class='ocrx_word' id='word_1_104' title='bbox 1345 1084 1442 1122; x_wconf 89' lang='lat' dir='ltr'><strong>quae</strong></span> <span class='ocrx_word' id='word_1_105' title='bbox 1455 1078 1586 1108; x_wconf 88' lang='lat' dir='ltr'><strong>tamen</strong></span> 
     </span>
     <span class='ocr_line' id='line_1_14' title="bbox 100 1126 1586 1179; baseline -0.001 -15"><span class='ocrx_word' id='word_1_106' title='bbox 100 1127 149 1164; x_wconf 86' lang='lat' dir='ltr'><strong>ad</strong></span> <span class='ocrx_word' id='word_1_107' title='bbox 169 1136 336 1165; x_wconf 87' lang='lat' dir='ltr'><strong>nostram</strong></span> <span class='ocrx_word' id='word_1_108' title='bbox 363 1136 524 1166; x_wconf 88' lang='lat' dir='ltr'><strong>aetatem</strong></span> <span class='ocrx_word' id='word_1_109' title='bbox 553 1142 632 1166; x_wconf 86' lang='lat' dir='ltr'><strong>non</strong></span> <span class='ocrx_word' id='word_1_110' title='bbox 653 1130 865 1179; x_wconf 86' lang='lat' dir='ltr'><strong>pervenisse</strong></span> <span class='ocrx_word' id='word_1_111' title='bbox 887 1128 1071 1166; x_wconf 87' lang='lat' dir='ltr'><strong>dolemus.</strong></span> <span class='ocrx_word' id='word_1_112' title='bbox 1127 1129 1261 1179; x_wconf 88' lang='lat' dir='ltr'><strong>Neque</strong></span> <span class='ocrx_word' id='word_1_113' title='bbox 1291 1126 1339 1164; x_wconf 83' lang='lat' dir='ltr'><strong>ad</strong></span> <span class='ocrx_word' id='word_1_114' title='bbox 1358 1141 1428 1164; x_wconf 88' lang='lat' dir='ltr'><strong>nos</strong></span> <span class='ocrx_word' id='word_1_115' title='bbox 1448 1141 1586 1178; x_wconf 86' lang='lat' dir='ltr'><strong>perve-</strong></span> 
     </span>
     <span class='ocr_line' id='line_1_15' title="bbox 99 1183 1586 1235; baseline -0.001 -14"><span class='ocrx_word' id='word_1_116' title='bbox 99 1192 237 1222; x_wconf 87' lang='lat' dir='ltr'><strong>nerunt</strong></span> <span class='ocrx_word' id='word_1_117' title='bbox 252 1185 405 1223; x_wconf 80' lang='lat' dir='ltr'><strong>Salustii</strong></span> <span class='ocrx_word' id='word_1_118' title='bbox 427 1187 667 1235; x_wconf 79' lang='lat' dir='ltr'><strong>grammatici</strong></span> <span class='ocrx_word' id='word_1_119' title='bbox 702 1193 737 1222; x_wconf 91' lang='lat' dir='ltr'><strong>et</strong></span> <span class='ocrx_word' id='word_1_120' title='bbox 756 1187 918 1223; x_wconf 87' lang='lat' dir='ltr'><strong>Heronis</strong></span> <span class='ocrx_word' id='word_1_121' title='bbox 941 1186 1225 1232; x_wconf 86' lang='lat' dir='ltr'><strong>commentarii,</strong></span> <span class='ocrx_word' id='word_1_122' title='bbox 1255 1183 1302 1220; x_wconf 90' lang='lat' dir='ltr'><strong>de</strong></span> <span class='ocrx_word' id='word_1_123' title='bbox 1333 1185 1468 1235; x_wconf 87' lang='lat' dir='ltr'><strong>quibus</strong></span> <span class='ocrx_word' id='word_1_124' title='bbox 1493 1184 1586 1221; x_wconf 85' lang='lat' dir='ltr'><strong>Sui-</strong></span> 
     </span>
     <span class='ocr_line' id='line_1_16' title="bbox 90 1238 1586 1293; baseline -0.005 -16"><span class='ocrx_word' id='word_1_125' title='bbox 90 1239 165 1277; x_wconf 66' lang='lat' dir='ltr'><strong>&#39;das</strong></span> <span class='ocrx_word' id='word_1_126' title='bbox 185 1254 215 1278; x_wconf 89' lang='lat' dir='ltr'><strong>s.</strong></span> <span class='ocrx_word' id='word_1_127' title='bbox 235 1255 271 1279; x_wconf 90' lang='lat' dir='ltr'><strong>v.</strong></span> <span class='ocrx_word' id='word_1_128' title='bbox 302 1240 544 1288; x_wconf 79' lang='grc' dir='ltr'><em>Σαλούστιος</em></span> <span class='ocrx_word' id='word_1_129' title='bbox 565 1244 615 1281; x_wconf 86' lang='grc' dir='ltr'><strong>Τ.</strong></span> <span class='ocrx_word' id='word_1_130' title='bbox 644 1244 698 1279; x_wconf 94' lang='lat' dir='ltr'><strong>III</strong></span> <span class='ocrx_word' id='word_1_131' title='bbox 717 1257 755 1293; x_wconf 89' lang='lat' dir='ltr'><strong>p.</strong></span> <span class='ocrx_word' id='word_1_132' title='bbox 779 1245 860 1283; x_wconf 79' lang='grc'><strong>276</strong></span> <span class='ocrx_word' id='word_1_133' title='bbox 887 1249 923 1279; x_wconf 90' lang='lat' dir='ltr'><strong>et</strong></span> <span class='ocrx_word' id='word_1_134' title='bbox 942 1256 970 1279; x_wconf 92' lang='lat' dir='ltr'><strong>s.</strong></span> <span class='ocrx_word' id='word_1_135' title='bbox 1000 1238 1182 1293; x_wconf 70' lang='lat' dir='ltr'><strong>v.‘&#39;&#39;H9wv</strong></span> <span class='ocrx_word' id='word_1_136' title='bbox 1203 1242 1251 1278; x_wconf 90' lang='lat' dir='ltr'><strong>T.</strong></span> <span class='ocrx_word' id='word_1_137' title='bbox 1267 1242 1302 1277; x_wconf 95' lang='lat' dir='ltr'><strong>II</strong></span> <span class='ocrx_word' id='word_1_138' title='bbox 1322 1254 1362 1291; x_wconf 93' lang='lat' dir='ltr'><strong>p.</strong></span> <span class='ocrx_word' id='word_1_139' title='bbox 1382 1243 1449 1281; x_wconf 88' lang='lat'><strong>79.</strong></span> <span class='ocrx_word' id='word_1_140' title='bbox 1507 1241 1586 1278; x_wconf 80' lang='lat' dir='ltr'><strong>Su-</strong></span> 
     </span>
     <span class='ocr_line' id='line_1_17' title="bbox 97 1297 1586 1351; baseline 0 -18"><span class='ocrx_word' id='word_1_141' title='bbox 97 1305 253 1348; x_wconf 88' lang='lat' dir='ltr'><strong>persunt</strong></span> <span class='ocrx_word' id='word_1_142' title='bbox 291 1305 438 1335; x_wconf 88' lang='lat' dir='ltr'><strong>tautum</strong></span> <span class='ocrx_word' id='word_1_143' title='bbox 466 1299 611 1349; x_wconf 79' lang='lat' dir='ltr'><strong>glossae</strong></span> <span class='ocrx_word' id='word_1_144' title='bbox 633 1298 842 1351; x_wconf 84' lang='lat' dir='ltr'><strong>quaedam,</strong></span> <span class='ocrx_word' id='word_1_145' title='bbox 889 1312 910 1335; x_wconf 93' lang='lat' dir='ltr'><strong>a</strong></span> <span class='ocrx_word' id='word_1_146' title='bbox 936 1299 1122 1349; x_wconf 86' lang='lat' dir='ltr'><strong>prioribus</strong></span> <span class='ocrx_word' id='word_1_147' title='bbox 1148 1297 1351 1334; x_wconf 89' lang='lat' dir='ltr'><strong>editoribus</strong></span> <span class='ocrx_word' id='word_1_148' title='bbox 1382 1298 1586 1348; x_wconf 85' lang='lat' dir='ltr'><strong>separatim</strong></span> 
     </span>
     <span class='ocr_line' id='line_1_18' title="bbox 98 1352 1584 1408; baseline 0.001 -19"><span class='ocrx_word' id='word_1_149' title='bbox 98 1352 242 1402; x_wconf 88' lang='lat' dir='ltr'><strong>editae,</strong></span> <span class='ocrx_word' id='word_1_150' title='bbox 273 1368 364 1406; x_wconf 88' lang='lat' dir='ltr'><strong>quas</strong></span> <span class='ocrx_word' id='word_1_151' title='bbox 394 1369 463 1393; x_wconf 84' lang='lat' dir='ltr'><strong>nos</strong></span> <span class='ocrx_word' id='word_1_152' title='bbox 482 1369 549 1392; x_wconf 90' lang='lat' dir='ltr'><strong>suo</strong></span> <span class='ocrx_word' id='word_1_153' title='bbox 580 1369 748 1408; x_wconf 85' lang='lat' dir='ltr'><strong>quasque</strong></span> <span class='ocrx_word' id='word_1_154' title='bbox 765 1357 854 1403; x_wconf 68' lang='lat' dir='ltr'><strong>locox</strong></span> <span class='ocrx_word' id='word_1_155' title='bbox 868 1357 907 1392; x_wconf 85' lang='lat' dir='ltr'><strong>in</strong></span> <span class='ocrx_word' id='word_1_156' title='bbox 928 1356 1172 1392; x_wconf 78' lang='lat' dir='ltr'><strong>annotatione</strong></span> <span class='ocrx_word' id='word_1_157' title='bbox 1188 1355 1584 1391; x_wconf 84' lang='lat' dir='ltr'><strong>commemoravimus.</strong></span> 
     </span>
     <span class='ocr_line' id='line_1_19' title="bbox 96 1409 1585 1462; baseline 0 -16"><span class='ocrx_word' id='word_1_158' title='bbox 96 1411 155 1446; x_wconf 93' lang='lat' dir='ltr'><strong>De</strong></span> <span class='ocrx_word' id='word_1_159' title='bbox 181 1409 239 1448; x_wconf 85' lang='lat' dir='ltr'><strong>his</strong></span> <span class='ocrx_word' id='word_1_160' title='bbox 255 1425 345 1448; x_wconf 84' lang='lat' dir='ltr'><strong>vero</strong></span> <span class='ocrx_word' id='word_1_161' title='bbox 365 1412 417 1448; x_wconf 83' lang='lat' dir='ltr'><strong>ita</strong></span> <span class='ocrx_word' id='word_1_162' title='bbox 435 1413 563 1448; x_wconf 86' lang='lat' dir='ltr'><strong>statuit</strong></span> <span class='ocrx_word' id='word_1_163' title='bbox 580 1413 876 1462; x_wconf 73' lang='lat' dir='ltr'><strong>VVesselingius:</strong></span> <span class='ocrx_word' id='word_1_164' title='bbox 907 1412 1033 1460; x_wconf 89' lang='lat' dir='ltr'><strong>„Cum</strong></span> <span class='ocrx_word' id='word_1_165' title='bbox 1055 1410 1238 1448; x_wconf 86' lang='lat' dir='ltr'><strong>Herodoti</strong></span> <span class='ocrx_word' id='word_1_166' title='bbox 1264 1412 1395 1447; x_wconf 87' lang='lat' dir='ltr'><strong>Musae</strong></span> <span class='ocrx_word' id='word_1_167' title='bbox 1416 1412 1487 1447; x_wconf 89' lang='lat' dir='ltr'><strong>alio</strong></span> <span class='ocrx_word' id='word_1_168' title='bbox 1507 1424 1585 1447; x_wconf 89' lang='lat' dir='ltr'><strong>ser-</strong></span> 
     </span>
     <span class='ocr_line' id='line_1_20' title="bbox 96 1468 1586 1519; baseline 0 -16"><span class='ocrx_word' id='word_1_169' title='bbox 96 1479 216 1503; x_wconf 88' lang='lat' dir='ltr'><strong>mone</strong></span> <span class='ocrx_word' id='word_1_170' title='bbox 238 1480 280 1504; x_wconf 91' lang='lat' dir='ltr'><strong>ac</strong></span> <span class='ocrx_word' id='word_1_171' title='bbox 301 1469 436 1519; x_wconf 89' lang='lat' dir='ltr'><strong>reliqui</strong></span> <span class='ocrx_word' id='word_1_172' title='bbox 452 1470 685 1505; x_wconf 85' lang='lat' dir='ltr'><strong>Graecorum</strong></span> <span class='ocrx_word' id='word_1_173' title='bbox 704 1469 942 1516; x_wconf 84' lang='lat' dir='ltr'><strong>fabulentur,</strong></span> <span class='ocrx_word' id='word_1_174' title='bbox 971 1482 1050 1505; x_wconf 85' lang='lat' dir='ltr'><strong>non</strong></span> <span class='ocrx_word' id='word_1_175' title='bbox 1071 1469 1123 1504; x_wconf 91' lang='lat' dir='ltr'><strong>illi</strong></span> <span class='ocrx_word' id='word_1_176' title='bbox 1153 1469 1281 1504; x_wconf 87' lang='lat' dir='ltr'><strong>sollers</strong></span> <span class='ocrx_word' id='word_1_177' title='bbox 1303 1468 1586 1504; x_wconf 86' lang='lat' dir='ltr'><strong>Grammatico-</strong></span> 
     </span>
     <span class='ocr_line' id='line_1_21' title="bbox 95 1521 1586 1576; baseline 0.002 -17"><span class='ocrx_word' id='word_1_178' title='bbox 95 1536 183 1560; x_wconf 88' lang='lat' dir='ltr'><strong>rum</strong></span> <span class='ocrx_word' id='word_1_179' title='bbox 216 1537 306 1561; x_wconf 89' lang='lat' dir='ltr'><strong>cura</strong></span> <span class='ocrx_word' id='word_1_180' title='bbox 336 1523 384 1561; x_wconf 87' lang='lat' dir='ltr'><strong>ad</strong></span> <span class='ocrx_word' id='word_1_181' title='bbox 405 1525 689 1576; x_wconf 84' lang='lat' dir='ltr'><strong>explanandum</strong></span> <span class='ocrx_word' id='word_1_182' title='bbox 721 1525 852 1564; x_wconf 87' lang='lat' dir='ltr'><strong>defuit.</strong></span> <span class='ocrx_word' id='word_1_183' title='bbox 911 1525 1047 1563; x_wconf 79' lang='lat' dir='ltr'><strong>suidas</strong></span> <span class='ocrx_word' id='word_1_184' title='bbox 1076 1525 1251 1561; x_wconf 85' lang='lat' dir='ltr'><strong>meminit</strong></span> <span class='ocrx_word' id='word_1_185' title='bbox 1269 1521 1586 1574; x_wconf 62' lang='grc' dir='ltr'><strong>ιὙπομνημάτων</strong></span> 
     </span>
     <span class='ocr_line' id='line_1_22' title="bbox 95 1577 1582 1633; baseline -0.001 -15"><span class='ocrx_word' id='word_1_186' title='bbox 95 1579 154 1626; x_wconf 82' lang='grc' dir='ltr'><strong>εἰς</strong></span> <span class='ocrx_word' id='word_1_187' title='bbox 170 1577 393 1631; x_wconf 72' lang='grc' dir='ltr'><em>“”Ηρόδοτον</em></span> <span class='ocrx_word' id='word_1_188' title='bbox 413 1582 568 1619; x_wconf 87' lang='lat' dir='ltr'><strong>Salustii</strong></span> <span class='ocrx_word' id='word_1_189' title='bbox 593 1581 792 1633; x_wconf 89' lang='lat' dir='ltr'><strong>Sophistae</strong></span> <span class='ocrx_word' id='word_1_190' title='bbox 807 1590 843 1619; x_wconf 89' lang='lat' dir='ltr'><strong>et</strong></span> <span class='ocrx_word' id='word_1_191' title='bbox 855 1583 1014 1619; x_wconf 89' lang='lat' dir='ltr'><strong>Heronis</strong></span> <span class='ocrx_word' id='word_1_192' title='bbox 1030 1582 1145 1618; x_wconf 87' lang='lat' dir='ltr'><strong>Attici</strong></span> <span class='ocrx_word' id='word_1_193' title='bbox 1160 1580 1332 1627; x_wconf 86' lang='lat' dir='ltr'><strong>rhetoris,</strong></span> <span class='ocrx_word' id='word_1_194' title='bbox 1355 1581 1582 1630; x_wconf 87' lang='lat' dir='ltr'><strong>argumenti,</strong></span> 
     </span>
     <span class='ocr_line' id='line_1_23' title="bbox 94 1636 1584 1687; baseline 0 -15"><span class='ocrx_word' id='word_1_195' title='bbox 94 1637 151 1673; x_wconf 84' lang='lat' dir='ltr'><strong>uti</strong></span> <span class='ocrx_word' id='word_1_196' title='bbox 169 1638 357 1687; x_wconf 90' lang='lat' dir='ltr'><strong>suspicor,</strong></span> <span class='ocrx_word' id='word_1_197' title='bbox 394 1639 512 1675; x_wconf 78' lang='lat' dir='ltr'><strong>critici</strong></span> <span class='ocrx_word' id='word_1_198' title='bbox 532 1646 569 1676; x_wconf 88' lang='lat' dir='ltr'><strong>et</strong></span> <span class='ocrx_word' id='word_1_199' title='bbox 588 1638 766 1678; x_wconf 89' lang='lat' dir='ltr'><strong>historici.</strong></span> <span class='ocrx_word' id='word_1_200' title='bbox 823 1637 1092 1675; x_wconf 89' lang='lat' dir='ltr'><strong>Philemonem</strong></span> <span class='ocrx_word' id='word_1_201' title='bbox 1112 1638 1412 1674; x_wconf 88' lang='lat' dir='ltr'><strong>Grammaticum</strong></span> <span class='ocrx_word' id='word_1_202' title='bbox 1432 1636 1474 1676; x_wconf 81' lang='grc' dir='ltr'><strong>ἐν</strong></span> <span class='ocrx_word' id='word_1_203' title='bbox 1484 1650 1584 1687; x_wconf 84' lang='grc' dir='ltr'>συμ-</span> 
     </span>
     <span class='ocr_line' id='line_1_24' title="bbox 94 1692 1582 1745; baseline -0.001 -14"><span class='ocrx_word' id='word_1_204' title='bbox 94 1692 247 1744; x_wconf 77' lang='grc' dir='ltr'><em>μίκτοις</em></span> <span class='ocrx_word' id='word_1_205' title='bbox 266 1707 346 1731; x_wconf 86' lang='lat' dir='ltr'><strong>non</strong></span> <span class='ocrx_word' id='word_1_206' title='bbox 367 1693 587 1732; x_wconf 87' lang='lat' dir='ltr'><strong>dissimilem</strong></span> <span class='ocrx_word' id='word_1_207' title='bbox 605 1697 806 1733; x_wconf 89' lang='lat' dir='ltr'><strong>instituisse</strong></span> <span class='ocrx_word' id='word_1_208' title='bbox 837 1708 1010 1745; x_wconf 90' lang='lat' dir='ltr'><strong>operam,</strong></span> <span class='ocrx_word' id='word_1_209' title='bbox 1040 1693 1254 1745; x_wconf 90' lang='lat' dir='ltr'><strong>Porphyrio</strong></span> <span class='ocrx_word' id='word_1_210' title='bbox 1286 1694 1436 1738; x_wconf 80' lang='lat' dir='ltr'><strong>Quaest.</strong></span> <span class='ocrx_word' id='word_1_211' title='bbox 1465 1695 1582 1733; x_wconf 86' lang='lat' dir='ltr'><strong>Hom.</strong></span> 
     </span>
     <span class='ocr_line' id='line_1_25' title="bbox 92 1746 1583 1803; baseline 0.001 -16"><span class='ocrx_word' id='word_1_212' title='bbox 92 1748 442 1788; x_wconf 88' lang='lat' dir='ltr'><strong>VIIIhaudtemere</strong></span> <span class='ocrx_word' id='word_1_213' title='bbox 454 1751 657 1790; x_wconf 84' lang='lat' dir='ltr'><strong>credimus.</strong></span> <span class='ocrx_word' id='word_1_214' title='bbox 684 1753 891 1803; x_wconf 88' lang='lat' dir='ltr'><strong>Apollonii,</strong></span> <span class='ocrx_word' id='word_1_215' title='bbox 909 1751 1042 1788; x_wconf 87' lang='lat' dir='ltr'><strong>itidem</strong></span> <span class='ocrx_word' id='word_1_216' title='bbox 1064 1751 1323 1798; x_wconf 87' lang='lat' dir='ltr'><strong>Grammatici,</strong></span> <span class='ocrx_word' id='word_1_217' title='bbox 1346 1746 1583 1802; x_wconf 76' lang='grc' dir='ltr'>Ἐξηγήσεις</span> 
     </span>
     <span class='ocr_line' id='line_1_26' title="bbox 92 1802 1580 1860; baseline 0.001 -16"><span class='ocrx_word' id='word_1_218' title='bbox 92 1808 281 1857; x_wconf 77' lang='grc' dir='ltr'><em>γλωσσῶν</em></span> <span class='ocrx_word' id='word_1_219' title='bbox 300 1804 526 1857; x_wconf 64' lang='grc' dir='ltr'><em>Ἠροδότου</em></span> <span class='ocrx_word' id='word_1_220' title='bbox 542 1810 998 1860; x_wconf 83' lang='lat' dir='ltr'><strong>exscripsitEtymologus</strong></span> <span class='ocrx_word' id='word_1_221' title='bbox 1012 1810 1051 1844; x_wconf 89' lang='lat' dir='ltr'><strong>iu</strong></span> <span class='ocrx_word' id='word_1_222' title='bbox 1075 1803 1229 1857; x_wconf 81' lang='grc' dir='ltr'><em>Κωφός</em></span> <span class='ocrx_word' id='word_1_223' title='bbox 1257 1814 1292 1844; x_wconf 91' lang='lat' dir='ltr'><strong>et</strong></span> <span class='ocrx_word' id='word_1_224' title='bbox 1303 1802 1509 1856; x_wconf 78' lang='grc' dir='ltr'><em>Σοφιστής</em></span> <span class='ocrx_word' id='word_1_225' title='bbox 1526 1806 1580 1857; x_wconf 83' lang='grc' dir='ltr'><strong>(Ρ.</strong></span> 
     </span>
     <span class='ocr_line' id='line_1_27' title="bbox 93 1862 1581 1917; baseline -0.002 -15"><span class='ocrx_word' id='word_1_226' title='bbox 93 1864 177 1902; x_wconf 77' lang='lat'><strong>722</strong></span> <span class='ocrx_word' id='word_1_227' title='bbox 187 1862 464 1916; x_wconf 85' lang='lat' dir='ltr'><strong>s.p.655Lips.)</strong></span> <span class='ocrx_word' id='word_1_228' title='bbox 480 1866 584 1910; x_wconf 82' lang='lat' dir='ltr'><strong>Quae</strong></span> <span class='ocrx_word' id='word_1_229' title='bbox 599 1866 754 1917; x_wconf 88' lang='lat' dir='ltr'><strong>quidem</strong></span> <span class='ocrx_word' id='word_1_230' title='bbox 765 1865 813 1902; x_wconf 87' lang='lat' dir='ltr'><strong>ad</strong></span> <span class='ocrx_word' id='word_1_231' title='bbox 824 1872 991 1902; x_wconf 84' lang='lat' dir='ltr'><strong>nostram</strong></span> <span class='ocrx_word' id='word_1_232' title='bbox 1003 1866 1033 1902; x_wconf 94' lang='lat' dir='ltr'><strong>si</strong></span> <span class='ocrx_word' id='word_1_233' title='bbox 1050 1863 1286 1901; x_wconf 85' lang='lat' dir='ltr'><strong>devenissent</strong></span> <span class='ocrx_word' id='word_1_234' title='bbox 1295 1863 1581 1909; x_wconf 82' lang='lat' dir='ltr'><strong>aetate1n‚flocci</strong></span> 
     </span>
     <span class='ocr_line' id='line_1_28' title="bbox 94 1918 1580 1972; baseline 0.001 -18"><span class='ocrx_word' id='word_1_235' title='bbox 94 1929 174 1954; x_wconf 83' lang='lat' dir='ltr'><strong>non</strong></span> <span class='ocrx_word' id='word_1_236' title='bbox 193 1918 360 1955; x_wconf 87' lang='lat' dir='ltr'><strong>facerem</strong></span> <span class='ocrx_word' id='word_1_237' title='bbox 387 1918 606 1972; x_wconf 79' lang='grc' dir='ltr'><em>Ἡροδότου</em></span> <span class='ocrx_word' id='word_1_238' title='bbox 635 1921 769 1969; x_wconf 78' lang='grc' dir='ltr'><em>λέξεις,</em></span> <span class='ocrx_word' id='word_1_239' title='bbox 800 1923 848 1959; x_wconf 92' lang='lat' dir='ltr'><strong>ob</strong></span> <span class='ocrx_word' id='word_1_240' title='bbox 866 1923 993 1959; x_wconf 91' lang='lat' dir='ltr'><strong>oculos</strong></span> <span class='ocrx_word' id='word_1_241' title='bbox 1004 1920 1065 1958; x_wconf 81' lang='lat' dir='ltr'><strong>hic</strong></span> <span class='ocrx_word' id='word_1_242' title='bbox 1081 1921 1242 1972; x_wconf 84' lang='lat' dir='ltr'><strong>positas3</strong></span> <span class='ocrx_word' id='word_1_243' title='bbox 1264 1921 1404 1971; x_wconf 88' lang='lat' dir='ltr'><strong>quippe</strong></span> <span class='ocrx_word' id='word_1_244' title='bbox 1424 1920 1580 1968; x_wconf 88' lang='lat' dir='ltr'><strong>ieiunas,</strong></span> 
     </span>
     <span class='ocr_line' id='line_1_29' title="bbox 92 1975 1582 2029; baseline 0.001 -19"><span class='ocrx_word' id='word_1_245' title='bbox 92 1975 307 2025; x_wconf 87' lang='lat' dir='ltr'><strong>saepissime</strong></span> <span class='ocrx_word' id='word_1_246' title='bbox 328 1977 466 2014; x_wconf 89' lang='lat' dir='ltr'><strong>alienas</strong></span> <span class='ocrx_word' id='word_1_247' title='bbox 488 1985 524 2014; x_wconf 89' lang='lat' dir='ltr'><strong>et</strong></span> <span class='ocrx_word' id='word_1_248' title='bbox 552 1991 632 2015; x_wconf 88' lang='lat' dir='ltr'><strong>non</strong></span> <span class='ocrx_word' id='word_1_249' title='bbox 652 1992 853 2029; x_wconf 86' lang='lat' dir='ltr'><strong>nunquam</strong></span> <span class='ocrx_word' id='word_1_250' title='bbox 871 1979 1027 2015; x_wconf 87' lang='lat' dir='ltr'><strong>insulsas</strong></span> <span class='ocrx_word' id='word_1_251' title='bbox 1052 1985 1089 2014; x_wconf 85' lang='lat' dir='ltr'><strong>et</strong></span> <span class='ocrx_word' id='word_1_252' title='bbox 1110 1975 1301 2014; x_wconf 87' lang='lat' dir='ltr'><strong>absurdas.</strong></span> <span class='ocrx_word' id='word_1_253' title='bbox 1359 1977 1582 2012; x_wconf 88' lang='lat' dir='ltr'><strong>Memoran-</strong></span> 
     </span>
    </p>
   </div>
   <div class='ocr_carea' id='block_1_5' title="bbox 93 2030 1580 2086">
    <p class='ocr_par' dir='ltr' id='par_1_5' title="bbox 93 2030 1580 2086">
     <span class='ocr_line' id='line_1_30' title="bbox 93 2030 1580 2086; baseline 0.003 -20"><span class='ocrx_word' id='word_1_254' title='bbox 93 2036 156 2067; x_wconf 90' lang='lat' dir='ltr'><strong>tur</strong></span> <span class='ocrx_word' id='word_1_255' title='bbox 183 2032 224 2067; x_wconf 88' lang='lat' dir='ltr'><strong>in</strong></span> <span class='ocrx_word' id='word_1_256' title='bbox 252 2030 377 2069; x_wconf 89' lang='lat' dir='ltr'><strong>indice</strong></span> <span class='ocrx_word' id='word_1_257' title='bbox 405 2034 519 2085; x_wconf 84' lang='lat' dir='ltr'><strong>legati</strong></span> <span class='ocrx_word' id='word_1_258' title='bbox 547 2036 706 2072; x_wconf 88' lang='lat' dir='ltr'><strong>Antonii</strong></span> <span class='ocrx_word' id='word_1_259' title='bbox 734 2033 901 2086; x_wconf 81' lang='lat' dir='ltr'><strong>Eparchi</strong></span> <span class='ocrx_word' id='word_1_260' title='bbox 928 2036 978 2074; x_wconf 90' lang='lat' dir='ltr'><strong>T.</strong></span> <span class='ocrx_word' id='word_1_261' title='bbox 1008 2036 1026 2072; x_wconf 91' lang='grc' dir='ltr'>Ι</span> <span class='ocrx_word' id='word_1_262' title='bbox 1046 2035 1133 2073; x_wconf 91' lang='lat' dir='ltr'><strong>Var.</strong></span> <span class='ocrx_word' id='word_1_263' title='bbox 1158 2034 1264 2073; x_wconf 85' lang='lat' dir='ltr'><strong>Sacr.</strong></span> <span class='ocrx_word' id='word_1_264' title='bbox 1282 2046 1322 2084; x_wconf 87' lang='lat' dir='ltr'><strong>p.</strong></span> <span class='ocrx_word' id='word_1_265' title='bbox 1343 2031 1424 2073; x_wconf 79' lang='lat'><strong>528</strong></span> <span class='ocrx_word' id='word_1_266' title='bbox 1445 2031 1580 2084; x_wconf 78' lang='lat' dir='ltr'><strong>steph.</strong></span> 
     </span>
    </p>
   </div>
   <div class='ocr_carea' id='block_1_6' title="bbox 90 2221 1579 2362">
    <p class='ocr_par' dir='ltr' id='par_1_6' title="bbox 90 2221 1579 2362">
     <span class='ocr_line' id='line_1_31' title="bbox 182 2221 1579 2269; baseline -0.001 -12"><span class='ocrx_word' id='word_1_267' title='bbox 182 2221 217 2265; x_wconf 83' lang='lat'><strong>*)</strong></span> <span class='ocrx_word' id='word_1_268' title='bbox 242 2223 389 2257; x_wconf 89' lang='lat' dir='ltr'><strong>Graecis</strong></span> <span class='ocrx_word' id='word_1_269' title='bbox 412 2222 621 2268; x_wconf 86' lang='lat' dir='ltr'><strong>displicuisse</strong></span> <span class='ocrx_word' id='word_1_270' title='bbox 642 2224 869 2259; x_wconf 77' lang='lat' dir='ltr'><strong>Herodoteurn</strong></span> <span class='ocrx_word' id='word_1_271' title='bbox 894 2234 989 2269; x_wconf 88' lang='lat' dir='ltr'><strong>opus,</strong></span> <span class='ocrx_word' id='word_1_272' title='bbox 1014 2234 1099 2268; x_wconf 87' lang='lat' dir='ltr'><strong>quos</strong></span> <span class='ocrx_word' id='word_1_273' title='bbox 1122 2222 1236 2267; x_wconf 88' lang='lat' dir='ltr'><strong>plures</strong></span> <span class='ocrx_word' id='word_1_274' title='bbox 1258 2221 1338 2256; x_wconf 85' lang='lat' dir='ltr'><strong>inde</strong></span> <span class='ocrx_word' id='word_1_275' title='bbox 1369 2222 1579 2267; x_wconf 80' lang='lat' dir='ltr'><strong>vituperato-</strong></span> 
     </span>
     <span class='ocr_line' id='line_1_32' title="bbox 91 2266 1578 2314; baseline 0.002 -14"><span class='ocrx_word' id='word_1_276' title='bbox 91 2277 148 2301; x_wconf 85' lang='lat' dir='ltr'><strong>res</strong></span> <span class='ocrx_word' id='word_1_277' title='bbox 171 2266 339 2303; x_wconf 84' lang='lat' dir='ltr'><strong>invenerit</strong></span> <span class='ocrx_word' id='word_1_278' title='bbox 369 2281 467 2313; x_wconf 86' lang='lat' dir='ltr'><strong>quam</strong></span> <span class='ocrx_word' id='word_1_279' title='bbox 491 2270 706 2311; x_wconf 85' lang='lat' dir='ltr'><strong>laudatores,</strong></span> <span class='ocrx_word' id='word_1_280' title='bbox 737 2274 775 2304; x_wconf 85' lang='lat' dir='ltr'><strong>ut</strong></span> <span class='ocrx_word' id='word_1_281' title='bbox 803 2276 970 2311; x_wconf 80' lang='lat' dir='ltr'><strong>statuam,</strong></span> <span class='ocrx_word' id='word_1_282' title='bbox 1004 2281 1024 2303; x_wconf 89' lang='lat' dir='ltr'><strong>a</strong></span> <span class='ocrx_word' id='word_1_283' title='bbox 1048 2281 1101 2302; x_wconf 90' lang='lat' dir='ltr'><strong>me</strong></span> <span class='ocrx_word' id='word_1_284' title='bbox 1124 2270 1309 2314; x_wconf 85' lang='lat' dir='ltr'><strong>impetrare</strong></span> <span class='ocrx_word' id='word_1_285' title='bbox 1333 2280 1397 2302; x_wconf 92' lang='lat' dir='ltr'><strong>non</strong></span> <span class='ocrx_word' id='word_1_286' title='bbox 1431 2280 1578 2313; x_wconf 81' lang='lat' dir='ltr'><strong>possum.</strong></span> 
     </span>
     <span class='ocr_line' id='line_1_33' title="bbox 90 2312 1454 2362; baseline 0 -15"><span class='ocrx_word' id='word_1_287' title='bbox 90 2312 141 2347; x_wconf 85' lang='lat' dir='ltr'><strong>Et</strong></span> <span class='ocrx_word' id='word_1_288' title='bbox 163 2313 241 2348; x_wconf 85' lang='lat' dir='ltr'><strong>vide</strong></span> <span class='ocrx_word' id='word_1_289' title='bbox 266 2326 354 2360; x_wconf 86' lang='lat' dir='ltr'><strong>quae</strong></span> <span class='ocrx_word' id='word_1_290' title='bbox 376 2315 491 2359; x_wconf 76' lang='lat' dir='ltr'><strong>Heyse</strong></span> <span class='ocrx_word' id='word_1_291' title='bbox 515 2315 536 2348; x_wconf 93' lang='lat' dir='ltr'><strong>l.</strong></span> <span class='ocrx_word' id='word_1_292' title='bbox 559 2315 581 2349; x_wconf 84' lang='lat' dir='ltr'><strong>l.</strong></span> <span class='ocrx_word' id='word_1_293' title='bbox 606 2328 640 2362; x_wconf 89' lang='lat' dir='ltr'><strong>p.</strong></span> <span class='ocrx_word' id='word_1_294' title='bbox 659 2317 704 2350; x_wconf 70' lang='lat'><strong>44</strong></span> <span class='ocrx_word' id='word_1_295' title='bbox 728 2317 881 2362; x_wconf 85' lang='lat' dir='ltr'><strong>disputat</strong></span> <span class='ocrx_word' id='word_1_296' title='bbox 905 2322 1024 2350; x_wconf 83' lang='lat' dir='ltr'><strong>contra</strong></span> <span class='ocrx_word' id='word_1_297' title='bbox 1046 2315 1246 2349; x_wconf 77' lang='lat' dir='ltr'><strong>Dahlmann.</strong></span> <span class='ocrx_word' id='word_1_298' title='bbox 1269 2327 1302 2360; x_wconf 89' lang='lat' dir='ltr'><strong>p.</strong></span> <span class='ocrx_word' id='word_1_299' title='bbox 1320 2315 1361 2349; x_wconf 86' lang='lat'><strong>31</strong></span> <span class='ocrx_word' id='word_1_300' title='bbox 1383 2326 1454 2359; x_wconf 86' lang='lat' dir='ltr'><strong>seq.</strong></span> 
     </span>
    </p>
   </div>
   <div class='ocr_carea' id='block_1_7' title="bbox 90 2382 1579 2659">
    <p class='ocr_par' dir='ltr' id='par_1_7' title="bbox 90 2382 1579 2659">
     <span class='ocr_line' id='line_1_34' title="bbox 181 2382 1577 2430; baseline 0.001 -14"><span class='ocrx_word' id='word_1_301' title='bbox 181 2383 227 2426; x_wconf 76' lang='grc'><strong>”)</strong></span> <span class='ocrx_word' id='word_1_302' title='bbox 269 2382 433 2417; x_wconf 79' lang='lat' dir='ltr'><strong>Herodoti</strong></span> <span class='ocrx_word' id='word_1_303' title='bbox 468 2384 557 2428; x_wconf 88' lang='lat' dir='ltr'><strong>quod</strong></span> <span class='ocrx_word' id='word_1_304' title='bbox 587 2385 678 2419; x_wconf 85' lang='lat' dir='ltr'><strong>nulla</strong></span> <span class='ocrx_word' id='word_1_305' title='bbox 710 2386 801 2430; x_wconf 89' lang='lat' dir='ltr'><strong>apud</strong></span> <span class='ocrx_word' id='word_1_306' title='bbox 832 2386 1006 2419; x_wconf 85' lang='lat' dir='ltr'><strong>Platonem</strong></span> <span class='ocrx_word' id='word_1_307' title='bbox 1042 2384 1082 2417; x_wconf 80' lang='lat' dir='ltr'><strong>fit</strong></span> <span class='ocrx_word' id='word_1_308' title='bbox 1116 2383 1260 2425; x_wconf 88' lang='lat' dir='ltr'><strong>mentio,</strong></span> <span class='ocrx_word' id='word_1_309' title='bbox 1292 2383 1326 2415; x_wconf 90' lang='lat' dir='ltr'><strong>id</strong></span> <span class='ocrx_word' id='word_1_310' title='bbox 1360 2383 1426 2416; x_wconf 90' lang='lat' dir='ltr'><strong>noli</strong></span> <span class='ocrx_word' id='word_1_311' title='bbox 1450 2382 1577 2418; x_wconf 85' lang='lat' dir='ltr'><strong>mirari.</strong></span> 
     </span>
     <span class='ocr_line' id='line_1_35' title="bbox 90 2423 1579 2473; baseline 0.001 -11"><span class='ocrx_word' id='word_1_312' title='bbox 90 2423 261 2473; x_wconf 82' lang='lat' dir='ltr'><strong>Namque,</strong></span> <span class='ocrx_word' id='word_1_313' title='bbox 297 2430 363 2463; x_wconf 84' lang='lat' dir='ltr'><strong>alia</strong></span> <span class='ocrx_word' id='word_1_314' title='bbox 387 2434 424 2461; x_wconf 83' lang='lat' dir='ltr'><strong>ut</strong></span> <span class='ocrx_word' id='word_1_315' title='bbox 447 2434 599 2472; x_wconf 85' lang='lat' dir='ltr'><strong>taceam,</strong></span> <span class='ocrx_word' id='word_1_316' title='bbox 632 2436 726 2464; x_wconf 87' lang='lat' dir='ltr'><strong>recte</strong></span> <span class='ocrx_word' id='word_1_317' title='bbox 749 2432 832 2465; x_wconf 83' lang='lat' dir='ltr'><strong>illud</strong></span> <span class='ocrx_word' id='word_1_318' title='bbox 857 2432 935 2465; x_wconf 84' lang='lat' dir='ltr'><strong>mihi</strong></span> <span class='ocrx_word' id='word_1_319' title='bbox 968 2433 1170 2465; x_wconf 81' lang='lat' dir='ltr'><strong>observasse</strong></span> <span class='ocrx_word' id='word_1_320' title='bbox 1201 2429 1337 2462; x_wconf 83' lang='lat' dir='ltr'><strong>videtur</strong></span> <span class='ocrx_word' id='word_1_321' title='bbox 1361 2430 1489 2462; x_wconf 89' lang='lat' dir='ltr'><strong>Groen.</strong></span> <span class='ocrx_word' id='word_1_322' title='bbox 1512 2441 1579 2463; x_wconf 82' lang='lat' dir='ltr'><strong>van</strong></span> 
     </span>
     <span class='ocr_line' id='line_1_36' title="bbox 90 2474 1578 2522; baseline 0.001 -15"><span class='ocrx_word' id='word_1_323' title='bbox 90 2474 283 2508; x_wconf 84' lang='lat' dir='ltr'><strong>Prinsterer</strong></span> <span class='ocrx_word' id='word_1_324' title='bbox 299 2475 333 2508; x_wconf 90' lang='lat' dir='ltr'><strong>in</strong></span> <span class='ocrx_word' id='word_1_325' title='bbox 356 2476 628 2520; x_wconf 80' lang='lat' dir='ltr'><strong>Prosopograph.</strong></span> <span class='ocrx_word' id='word_1_326' title='bbox 655 2477 819 2511; x_wconf 85' lang='lat' dir='ltr'><strong>Platonic.</strong></span> <span class='ocrx_word' id='word_1_327' title='bbox 844 2489 876 2522; x_wconf 80' lang='lat' dir='ltr'><strong>p.</strong></span> <span class='ocrx_word' id='word_1_328' title='bbox 901 2479 946 2512; x_wconf 84' lang='lat'><strong>33</strong></span> <span class='ocrx_word' id='word_1_329' title='bbox 980 2476 1070 2521; x_wconf 86' lang='lat' dir='ltr'><strong>apud</strong></span> <span class='ocrx_word' id='word_1_330' title='bbox 1093 2476 1267 2508; x_wconf 86' lang='lat' dir='ltr'><strong>Platonem</strong></span> <span class='ocrx_word' id='word_1_331' title='bbox 1301 2481 1418 2518; x_wconf 83' lang='lat' dir='ltr'><strong>poetas</strong></span> <span class='ocrx_word' id='word_1_332' title='bbox 1447 2475 1578 2519; x_wconf 84' lang='lat' dir='ltr'><strong>saepis-</strong></span> 
     </span>
     <span class='ocr_line' id='line_1_37' title="bbox 90 2518 1579 2565; baseline 0.001 -13"><span class='ocrx_word' id='word_1_333' title='bbox 90 2519 195 2562; x_wconf 87' lang='lat' dir='ltr'><strong>sime,</strong></span> <span class='ocrx_word' id='word_1_334' title='bbox 221 2533 340 2565; x_wconf 86' lang='lat' dir='ltr'><strong>prosae</strong></span> <span class='ocrx_word' id='word_1_335' title='bbox 364 2522 548 2565; x_wconf 83' lang='lat' dir='ltr'><strong>scriptores</strong></span> <span class='ocrx_word' id='word_1_336' title='bbox 571 2533 647 2555; x_wconf 72' lang='grc' dir='ltr'><em>τοι-ο</em></span> <span class='ocrx_word' id='word_1_337' title='bbox 672 2524 848 2556; x_wconf 86' lang='lat' dir='ltr'><strong>admodum</strong></span> <span class='ocrx_word' id='word_1_338' title='bbox 872 2518 1057 2562; x_wconf 85' lang='lat' dir='ltr'><strong>nominari,</strong></span> <span class='ocrx_word' id='word_1_339' title='bbox 1081 2533 1143 2554; x_wconf 80' lang='lat' dir='ltr'><strong>nec</strong></span> <span class='ocrx_word' id='word_1_340' title='bbox 1167 2521 1264 2553; x_wconf 83' lang='lat' dir='ltr'><strong>aliam</strong></span> <span class='ocrx_word' id='word_1_341' title='bbox 1290 2532 1432 2562; x_wconf 82' lang='lat' dir='ltr'><strong>causam,</strong></span> <span class='ocrx_word' id='word_1_342' title='bbox 1458 2533 1517 2554; x_wconf 86' lang='lat' dir='ltr'><strong>cur</strong></span> <span class='ocrx_word' id='word_1_343' title='bbox 1535 2521 1579 2554; x_wconf 87' lang='lat' dir='ltr'><strong>de</strong></span> 
     </span>
     <span class='ocr_line' id='line_1_38' title="bbox 91 2563 1578 2612; baseline 0.001 -14"><span class='ocrx_word' id='word_1_344' title='bbox 91 2563 264 2600; x_wconf 84' lang='lat' dir='ltr'><strong>Herodoto</strong></span> <span class='ocrx_word' id='word_1_345' title='bbox 289 2568 387 2600; x_wconf 80' lang='lat' dir='ltr'><strong>Plato</strong></span> <span class='ocrx_word' id='word_1_346' title='bbox 411 2567 565 2607; x_wconf 73' lang='lat' dir='ltr'><strong>siluerit,</strong></span> <span class='ocrx_word' id='word_1_347' title='bbox 591 2568 715 2611; x_wconf 74' lang='lat' dir='ltr'><strong>fuisse,</strong></span> <span class='ocrx_word' id='word_1_348' title='bbox 739 2570 794 2603; x_wconf 83' lang='lat' dir='ltr'><strong>vel</strong></span> <span class='ocrx_word' id='word_1_349' title='bbox 818 2569 894 2602; x_wconf 89' lang='lat' dir='ltr'><strong>inde</strong></span> <span class='ocrx_word' id='word_1_350' title='bbox 909 2569 956 2601; x_wconf 86' lang='lat' dir='ltr'><strong>illi</strong></span> <span class='ocrx_word' id='word_1_351' title='bbox 979 2567 1117 2612; x_wconf 88' lang='lat' dir='ltr'><strong>probari</strong></span> <span class='ocrx_word' id='word_1_352' title='bbox 1142 2567 1294 2608; x_wconf 81' lang='lat' dir='ltr'><strong>videtur,</strong></span> <span class='ocrx_word' id='word_1_353' title='bbox 1319 2567 1408 2611; x_wconf 90' lang='lat' dir='ltr'><strong>quod</strong></span> <span class='ocrx_word' id='word_1_354' title='bbox 1433 2567 1525 2600; x_wconf 90' lang='lat' dir='ltr'><strong>obvii</strong></span> <span class='ocrx_word' id='word_1_355' title='bbox 1542 2567 1578 2600; x_wconf 92' lang='lat' dir='ltr'><strong>in</strong></span> 
     </span>
     <span class='ocr_line' id='line_1_39' title="bbox 91 2608 1576 2659; baseline 0.001 -16"><span class='ocrx_word' id='word_1_356' title='bbox 91 2608 502 2657; x_wconf 82' lang='lat' dir='ltr'><strong>Herodotoversus&#39;apud</strong></span> <span class='ocrx_word' id='word_1_357' title='bbox 527 2613 702 2646; x_wconf 80' lang='lat' dir='ltr'><strong>Platonem</strong></span> <span class='ocrx_word' id='word_1_358' title='bbox 728 2615 965 2659; x_wconf 79' lang='lat' dir='ltr'><strong>reperiantur3</strong></span> <span class='ocrx_word' id='word_1_359' title='bbox 991 2615 1038 2647; x_wconf 78' lang='lat' dir='ltr'><strong>sic</strong></span> <span class='ocrx_word' id='word_1_360' title='bbox 1062 2612 1201 2645; x_wconf 84' lang='lat' dir='ltr'><strong>Hesiodi</strong></span> <span class='ocrx_word' id='word_1_361' title='bbox 1223 2624 1342 2646; x_wconf 85' lang='lat' dir='ltr'><strong>versus</strong></span> <span class='ocrx_word' id='word_1_362' title='bbox 1358 2613 1449 2658; x_wconf 88' lang='lat' dir='ltr'><strong>Opp.</strong></span> <span class='ocrx_word' id='word_1_363' title='bbox 1477 2617 1511 2645; x_wconf 83' lang='lat' dir='ltr'><strong>et</strong></span> <span class='ocrx_word' id='word_1_364' title='bbox 1535 2613 1576 2646; x_wconf 90' lang='lat' dir='ltr'><strong>D.</strong></span> 
     </span>
    </p>
   </div>
   <div class='ocr_carea' id='block_1_8' title="bbox 30 2654 1576 2704">
    <p class='ocr_par' dir='ltr' id='par_1_8' title="bbox 30 2654 1576 2704">
     <span class='ocr_line' id='line_1_40' title="bbox 30 2654 1576 2704; baseline 0.003 -16"><span class='ocrx_word' id='word_1_365' title='bbox 30 2686 33 2689; x_wconf 20' lang='grc' dir='ltr'><em>Α</em></span> <span class='ocrx_word' id='word_1_366' title='bbox 92 2654 171 2697; x_wconf 68' lang='lat'><strong>282,</strong></span> <span class='ocrx_word' id='word_1_367' title='bbox 195 2659 252 2701; x_wconf 86' lang='lat' dir='ltr'><strong>qui</strong></span> <span class='ocrx_word' id='word_1_368' title='bbox 287 2659 456 2704; x_wconf 82' lang='lat' dir='ltr'><strong>reperitur</strong></span> <span class='ocrx_word' id='word_1_369' title='bbox 487 2660 576 2703; x_wconf 83' lang='lat' dir='ltr'><strong>apud</strong></span> <span class='ocrx_word' id='word_1_370' title='bbox 609 2660 775 2694; x_wconf 83' lang='lat' dir='ltr'><strong>Herodot.</strong></span> <span class='ocrx_word' id='word_1_371' title='bbox 801 2661 860 2700; x_wconf 85' lang='lat' dir='ltr'><strong>VI,</strong></span> <span class='ocrx_word' id='word_1_372' title='bbox 884 2662 927 2694; x_wconf 78' lang='lat'><strong>86</strong></span> <span class='ocrx_word' id='word_1_373' title='bbox 951 2662 982 2702; x_wconf 65' lang='grc' dir='ltr'><strong>ἓ.</strong></span> <span class='ocrx_word' id='word_1_374' title='bbox 1009 2660 1030 2692; x_wconf 84' lang='grc'><strong>3</strong></span> <span class='ocrx_word' id='word_1_375' title='bbox 1052 2657 1236 2702; x_wconf 82' lang='lat' dir='ltr'><strong>respicitur</strong></span> <span class='ocrx_word' id='word_1_376' title='bbox 1270 2670 1290 2692; x_wconf 85' lang='lat' dir='ltr'><strong>a</strong></span> <span class='ocrx_word' id='word_1_377' title='bbox 1314 2659 1456 2692; x_wconf 83' lang='lat' dir='ltr'><strong>Platone</strong></span> <span class='ocrx_word' id='word_1_378' title='bbox 1477 2659 1576 2692; x_wconf 79' lang='lat' dir='ltr'><strong>Polit.</strong></span> 
     </span>
    </p>
   </div>
   <div class='ocr_carea' id='block_1_9' title="bbox 93 2697 1484 2749">
    <p class='ocr_par' dir='ltr' id='par_1_9' title="bbox 93 2697 1484 2749">
     <span class='ocr_line' id='line_1_41' title="bbox 93 2697 1484 2749; baseline 0 -11"><span class='ocrx_word' id='word_1_379' title='bbox 93 2697 128 2732; x_wconf 89' lang='grc' dir='ltr'><strong>ῙῙ</strong></span> <span class='ocrx_word' id='word_1_380' title='bbox 149 2712 184 2746; x_wconf 80' lang='lat' dir='ltr'><strong>p.</strong></span> <span class='ocrx_word' id='word_1_381' title='bbox 208 2704 275 2739; x_wconf 83' lang='lat'><strong>363</strong></span> <span class='ocrx_word' id='word_1_382' title='bbox 297 2705 340 2738; x_wconf 91' lang='lat' dir='ltr'><strong>D.</strong></span> <span class='ocrx_word' id='word_1_383' title='bbox 366 2706 415 2738; x_wconf 77' lang='lat' dir='ltr'><strong>Et</strong></span> <span class='ocrx_word' id='word_1_384' title='bbox 437 2707 526 2740; x_wconf 84' lang='lat' dir='ltr'><strong>conf.</strong></span> <span class='ocrx_word' id='word_1_385' title='bbox 551 2706 677 2739; x_wconf 87' lang='lat' dir='ltr'><strong>Herod.</strong></span> <span class='ocrx_word' id='word_1_386' title='bbox 700 2706 728 2747; x_wconf 87' lang='lat' dir='ltr'><strong>I,</strong></span> <span class='ocrx_word' id='word_1_387' title='bbox 752 2706 795 2740; x_wconf 86' lang='lat'><strong>55</strong></span> <span class='ocrx_word' id='word_1_388' title='bbox 817 2718 891 2740; x_wconf 88' lang='lat' dir='ltr'><strong>cum</strong></span> <span class='ocrx_word' id='word_1_389' title='bbox 915 2706 1048 2739; x_wconf 88' lang='lat' dir='ltr'><strong>Platon.</strong></span> <span class='ocrx_word' id='word_1_390' title='bbox 1067 2704 1168 2738; x_wconf 84' lang='lat' dir='ltr'><strong>Polit.</strong></span> <span class='ocrx_word' id='word_1_391' title='bbox 1195 2704 1274 2737; x_wconf 90' lang='lat' dir='ltr'><strong>VlII</strong></span> <span class='ocrx_word' id='word_1_392' title='bbox 1297 2716 1330 2749; x_wconf 89' lang='lat' dir='ltr'><strong>p.</strong></span> <span class='ocrx_word' id='word_1_393' title='bbox 1352 2705 1417 2739; x_wconf 83' lang='lat'><strong>566</strong></span> <span class='ocrx_word' id='word_1_394' title='bbox 1440 2705 1484 2738; x_wconf 90' lang='lat' dir='ltr'><strong>D.</strong></span> 
     </span>
    </p>
   </div>
   <div class='ocr_carea' id='block_1_10' title="bbox 91 2768 1576 2856">
    <p class='ocr_par' dir='ltr' id='par_1_10' title="bbox 91 2768 1576 2856">
     <span class='ocr_line' id='line_1_42' title="bbox 175 2768 1576 2822; baseline -0.006 -10"><span class='ocrx_word' id='word_1_395' title='bbox 175 2768 246 2820; x_wconf 37' lang='lat' dir='ltr'><strong>pm)</strong></span> <span class='ocrx_word' id='word_1_396' title='bbox 269 2771 346 2805; x_wconf 70' lang='lat' dir='ltr'><strong>Vid.</strong></span> <span class='ocrx_word' id='word_1_397' title='bbox 369 2774 493 2822; x_wconf 69' lang='lat' dir='ltr'><strong>Athen.</strong></span> <span class='ocrx_word' id='word_1_398' title='bbox 519 2774 602 2807; x_wconf 90' lang='lat' dir='ltr'><strong>XIV</strong></span> <span class='ocrx_word' id='word_1_399' title='bbox 625 2786 658 2818; x_wconf 88' lang='lat' dir='ltr'><strong>p.</strong></span> <span class='ocrx_word' id='word_1_400' title='bbox 676 2776 755 2809; x_wconf 72' lang='lat'>620.</span> <span class='ocrx_word' id='word_1_401' title='bbox 801 2773 870 2807; x_wconf 88' lang='lat' dir='ltr'><strong>Ubi</strong></span> <span class='ocrx_word' id='word_1_402' title='bbox 892 2780 1015 2814; x_wconf 79' lang='lat' dir='ltr'><strong>tamen,</strong></span> <span class='ocrx_word' id='word_1_403' title='bbox 1039 2777 1193 2806; x_wconf 82' lang='lat' dir='ltr'><strong>monente</strong></span> <span class='ocrx_word' id='word_1_404' title='bbox 1218 2772 1401 2815; x_wconf 78' lang='lat' dir='ltr'><strong>Crcuzcro,</strong></span> <span class='ocrx_word' id='word_1_405' title='bbox 1423 2784 1485 2818; x_wconf 89' lang='lat' dir='ltr'><strong>pro</strong></span> <span class='ocrx_word' id='word_1_406' title='bbox 1509 2768 1576 2804; x_wconf 79' lang='lat'><strong>‘11-</strong></span> 
     </span>
     <span class='ocr_line' id='line_1_43' title="bbox 91 2812 867 2856; baseline 0.01 -10"><span class='ocrx_word' id='word_1_407' title='bbox 91 2812 251 2856; x_wconf 83' lang='grc' dir='ltr'><em>ροδοτου</em></span> <span class='ocrx_word' id='word_1_408' title='bbox 273 2816 420 2854; x_wconf 80' lang='lat' dir='ltr'><strong>fortasse</strong></span> <span class='ocrx_word' id='word_1_409' title='bbox 442 2820 655 2855; x_wconf 84' lang='lat' dir='ltr'><strong>scribendum</strong></span> <span class='ocrx_word' id='word_1_410' title='bbox 677 2817 867 2855; x_wconf 63' lang='lat' dir='ltr'><strong>‘Hcco&#39;d‘ovt</strong></span> 
     </span>
    </p>
   </div>
  </div>
 </body>
</html>
