1879 3222
403 191 471 227 DE
503 188 627 227 VITA
656 189 728 226 ET
758 189 991 227 SCR1PTIS
1020 189 1298 230 HERODOTI.
1509 188 1594 230 428

108 302 210 340 canit
233 295 516 355 quodammodo
546 301 739 338 bellicum.
743 298 769 320 “
825 299 926 339 Add.
953 300 1119 339 eundem
1136 303 1194 338 De
1224 300 1385 350 orat.11‚
1407 300 1516 346 13§.
1537 299 1593 342 55

109 366 146 396 et
170 361 217 408 11,
244 359 293 400 15
324 360 358 405 §.
379 357 430 399 64
450 358 536 395 0011.
557 356 994 408 Viscontilconograph.
1016 360 1190 415 Grecque
1210 359 1260 399 T.
1291 358 1308 394 I
1337 371 1376 409 p.
1407 359 1487 398 313
1508 369 1591 425 seq.

107 417 206 453 Hinc
244 415 457 452 Aristoteles
485 415 525 450 in
556 413 667 453 Rhet.
693 414 757 461 111,
779 415 830 454 9:
879 412 909 465 ἦ
934 411 1006 463 μὲν
1036 416 1110 454 οὐν
1134 413 1316 466 εἰρομένη
1344 412 1444 462 λέξις
1463 411 1492 464 ἦ
1515 409 1590 465 ἆρ-

106 468 200 523 χαῖα
220 471 342 511 ἐστιν·
374 466 596 522 Ἣοοὸότου
618 471 791 521 Θουρίου
812 466 920 522 ἥδε
903 468 1077 522 ιστορίας
1098 466 1224 511 οἷπόὸε
1228 472 1308 519 ξις,·
1339 471 1405 508 ubi
1433 469 1524 523 quid
1544 471 1591 508 sit

107 527 290 579 εἰρομένη
322 525 423 574 λέξις
449 535 622 565 accurate
644 527 814 578 disquirit
839 527 1046 564 Turnebus
1067 527 1115 565 ad
1144 529 1264 565 Cicer.
1295 530 1352 564 De
1370 529 1491 578 Legg.
1511 527 1541 576 Ι,
1565 529 1586 567 1

106 599 145 636 p.
162 584 242 625 532
263 582 322 620 ed.
343 585 467 621 Moser
476 591 513 621 et
534 585 667 622 Creuz.
690 587 839 621 tractam
861 584 1071 620 orationem
1091 583 1265 631 reddens,
1290 583 1350 620 die
1370 582 1591 634 unperiodi-

104 639 194 679 sche
213 639 330 688 Rede,
365 647 406 677 nt
428 641 634 678 Creuzerus
654 643 918 691 interpretatur
934 640 1022 689 (Die
1039 639 1127 678 hist.
1150 643 1273 677 Kunst
1294 639 1360 676 der
1376 638 1529 678 Griech.
1549 653 1590 691 p.

108 697 202 745 189)
233 709 330 748 quae
351 697 483 734 eadem
502 711 522 734 a
541 699 734 735 Demetrio
755 697 829 747 (De
849 698 998 735 Elocut.
1027 698 1063 743 §-
1087 697 1243 748 11.12)
1264 703 1421 734 vocatur
1440 693 1466 747 ἡ
1500 697 1591 750 διῃ-

104 750 252 804 ρημένη
270 752 383 800 λέξις.
441 755 649 792 Subiiciam
669 753 726 792 his
746 755 918 806 Dionysii
938 755 1067 791 locum
1088 751 1192 790 hac
1181 767 1222 789 111
1254 766 1295 789 re
1324 753 1523 821 insignem
1546 754 1589 789 in

101 807 221 846 Iudic.
242 809 289 846 de
304 809 482 863 Thucyd.
504 813 540 858 ξ.
560 815 613 852 23
633 826 670 863 p.
698 810 784 859 147,
807 813 857 851 12
882 811 952 861 (Τ.
973 812 1089 877 v1p
1100 809 1181 851 865
1184 822 1287 876 seq.
1306 808 1450 858 Reisk.)
1473 823 1589 856 ουτος

101 862 146 905 δὲ
168 866 237 914 (50.
259 867 496 917 Herodotus)
528 866 626 907 κατὰ
658 883 732 918 την
758 865 926 920 ἐκλογην
964 883 1044 907 των
1067 862 1278 918 ὄνοματων
1298 865 1365 906 καὶ
1394 881 1493 906 κατα
1512 862 1588 930 τήν

102 917 298 962 σύνθεσιν
323 923 390 964 καὶ
415 940 514 964 κατα
541 940 614 976 την
643 927 723 963 τῶν
749 926 1027 989 σχηματισμῶν
1062 923 1282 971 ποικιλίαν,
1314 938 1492 978 μακρω
1527 916 1588 972 δή

100 993 181 1018 τιν
197 994 211 1018 ι
244 995 330 1019 του
348 996 368 1027 ς
398 979 552 1020 α’λλου
569 997 588 1029 ς
618 995 709 1020 υπε
725 976 882 1032 ρεβάλ
898 996 976 1021 ετο
1008 979 1077 1020 καὶ
1111 976 1380 1031 παρεσκεύασε
1409 981 1461 1035 τῇ
1489 993 1587 1030 κρα-

100 1035 208 1089 τίστῃ
239 1034 398 1087 ποιήσει
437 1053 510 1090 την
541 1035 663 1088 πεζήν
694 1033 845 1106 ‹pqoimv
871 1035 1015 1089 ομοίαν
1046 1036 1234 1089 γενέσθαι
1261 1037 1434 1084 πειθοῦς
1460 1049 1501 1075 τε
1519 1032 1588 1074 καὶ

99 1094 270 1143 χαρίτων
297 1093 364 1132 καὶ
386 1097 457 1145 τῆς
488 1094 544 1141 εἰς
580 1092 704 1145 ἄκρον
726 1090 905 1145 ἡκούσης
937 1093 1089 1145 ἡδονῆς
1121 1092 1256 1133 ἓΗνεκα
1287 1088 1430 1158 οἷρετας
1460 1106 1501 1131 τε
1515 1105 1588 1138 τας

100 1147 284 1200 μεγίστας
302 1149 369 1189 καὶ
388 1146 662 1218 λαμπροτατας
680 1149 751 1198 ἔξω
773 1153 853 1189 τῶν
878 1148 1105 1202 ἐναγωνίων
1125 1145 1283 1189 ου’ὄὲν’
1266 1164 1308 1190 εν
1325 1144 1486 1196 ταύταις
1501 1146 1588 1188 svesa

98 1207 230 1244 λιπεν·
271 1206 347 1246 εἴτε
377 1222 451 1246 ουκ
486 1209 529 1246 εὐ
572 1222 763 1256 πεφυκως
785 1204 886 1258 πρός
914 1203 1036 1254 αὐτας
1060 1206 1136 1246 εἴτε
1162 1221 1262 1245 κατα
1291 1201 1476 1258 λογισμόν
1497 1218 1588 1243 τινα

99 1259 289 1309 ἑκουσίως
316 1261 539 1315 υπεριδών,
572 1263 625 1310 ω’ς·
655 1260 727 1315 οὐχ
752 1277 1030 1315 αρμοττουσων
1050 1264 1262 1315 ιστοοίαις·
1301 1259 1395 1302 οὐδὲ
1412 1277 1490 1329 γαρ
1515 1261 1588 1309 δη-

98 1319 309 1371 μηγοοίαις
333 1324 496 1368 πολλαῖς
526 1337 546 1360 0
573 1316 677 1372 ανὴρ
708 1316 794 1360 ov'd’
817 1320 1049 1372 ἐναγωνίοις
1074 1318 1260 1388 κέχρηται
1284 1318 1413 1390 λόγοις
1441 1312 1525 1360 οὐδ’
1544 1315 1587 1356 ἐν

97 1377 152 1412 τῶ
176 1377 392 1416 παθαίνειν
416 1377 485 1416 καὶ
506 1378 745 1416 δεινοποιεῖν
764 1392 812 1416 τα
829 1392 1040 1431 πραγματα
1057 1391 1133 1429 την
1160 1372 1287 1427 ἄλκην
1320 1374 1417 1427 ἔχει·
1460 1386 1587 1426 τουτῳ

99 1414 142 1469 δε
163 1428 213 1482 δη
236 1435 290 1486 τῷ
318 1428 433 1484 οἶνδρὶ
459 1434 709 1483 Θουκυδίδης
744 1433 942 1485 ἐπιβαλών
971 1449 1007 1473 κ.
1031 1448 1065 1473 τ.
1085 1437 1118 1474 λ.
1175 1431 1279 1472 Add.
1311 1433 1430 1469 alium
1456 1431 1587 1468 locum

99 1500 177 1524 non
197 1490 323 1526 minus
342 1491 532 1540 insignem
552 1492 591 1527 in
607 1491 728 1541 Epist.
745 1490 793 1528 ad
814 1491 882 1530 Cn.
899 1491 1075 1541 Pompei.
1095 1490 1147 1528 Τ.
1161 1490 1212 1528 VI
1231 1503 1271 1540 p·
1286 1488 1367 1530 775
1388 1501 1467 1540 seq.
1480 1516 1490 1535 ,
1520 1486 1588 1523 ubi

97 1544 276 1594 singulas,
298 1547 433 1599 quibus
466 1546 739 1599 Thucydidem
766 1554 918 1598 superat
945 1545 1161 1585 Herodotus
1188 1547 1356 1593 virtutes,
1383 1543 1588 1596 Dionysius

97 1609 272 1639 accurate
310 1605 562 1656 persequitur.
619 1605 677 1641 Ac
708 1603 874 1656 denique
909 1605 1024 1640 etiam
1071 1602 1235 1640 conferri
1271 1607 1395 1653 potest
1427 1599 1587 1638 Photius

97 1657 190 1696 Cod.
210 1660 295 1696 LX.

207 1716 320 1753 Hisce
340 1716 518 1754 orationis
537 1715 776 1762 Herodoteae
796 1717 996 1754 virtutibus
1033 1713 1131 1753 adde
1152 1727 1260 1763 eam,
1308 1725 1426 1766 quam
1453 1711 1586 1777 appel-

96 1771 176 1808 lant
203 1787 276 1823 την
305 1769 515 1824 α’ληθειαν,
545 1770 590 1823 5k)
641 1773 689 1810 ad
718 1776 847 1825 ηθος,
879 1774 935 1811 uti
956 1772 1070 1810 tradit
1104 1774 1389 1821 Hermogenes,
1416 1769 1586 1806 maxime

96 1829 351 1878 pertinentem
372 1838 408 1867 et
428 1843 518 1867 cum
538 1843 582 1867 ea
607 1831 705 1867 bene
733 1832 1000 1878 coniunctam,
1038 1828 1113 1881 qu&
1152 1829 1337 1865 nimirum
1374 1825 1438 1874 id,
1481 1822 1586 1876 quod

97 1885 235 1936 cuique
254 1887 451 1937 proprIum
470 1886 597 1923 nature*
593 1902 604 1922 ι
627 1894 702 1936 est,
731 1888 806 1924 tale
827 1888 942 1924 etiam
963 1892 1158 1923 enarretur
1178 1891 1215 1921 et
1230 1884 1342 1936 quale
1361 1894 1493 1920 revera
1524 1880 1584 1929 sit,

98 1939 370 1979 exhibeaturin
385 1945 565 1990 oratione,
596 1956 693 1995 quae
713 1945 900 1995 uniusque
919 1955 1121 1994 personam
1142 1940 1357 1991 diligentius
1376 1951 1465 1976 cum
1474 1944 1585 1974 tuea-

97 2003 180 2045 tur,
216 2011 261 2035 eo
282 2000 362 2050 ipso
384 2000 448 2036 fiat
466 1973 593 2037 vivida
613 1999 786 2051 adeoque
805 2002 972 2039 mimica.
1031 1999 1229 2035 Pertineut
1255 1995 1332 2033 huc
1363 1994 1586 2046 proverbia-

96 2053 151 2090 les
170 2026 380 2092 iocationes
401 2057 567 2093 crebrius
586 2057 817 2104 intersertae,
848 2056 947 2093 dicta
967 2055 1194 2092 sententiosa
1215 2053 1363 2103 saepius
1382 2052 1511 2098 obvia,
1542 2056 1585 2086 ut

98 2123 264 2161 quorum
290 2125 472 2162 magnam
504 2126 595 2149 sane
624 2114 773 2163 copiam
802 2126 850 2150 ex
880 2111 1064 2149 Herodoti
1096 2111 1212 2147 Musis
1240 2110 1418 2159 colligere
1452 2107 1585 2158 possis.

96 2170 154 2203 Ac
175 2166 339 2220 denique
359 2168 612 2219 praedicanda
634 2176 688 2206 est
710 2171 879 2206 maxima
900 2169 1123 2206 elocutionis
1142 2166 1349 2217 simplicitas
1377 2165 1433 2214 **)
1465 2176 1585 2215 eaque

96 2224 223 2261 nativa
244 2225 452 2276 quaedam,
484 2239 582 2278 quae
601 2225 697 2263 nihil
715 2227 832 2264 fucati
862 2234 926 2264 aut
945 2226 1104 2279 quaesiti
1128 2222 1262 2272 habet,
1299 2234 1433 2273 expers
1461 2220 1586 2258 omnis

98 2281 185 2318 artis
218 2288 283 2318 aut
312 2290 520 2320 suucturae
545 2284 793 2329 artificiosae,
820 2283 887 2321 sed
915 2289 1049 2334 sponte
1068 2281 1257 2332 scriptoris
1278 2292 1327 2316 ex
1351 2279 1478 2315 animo
1497 2288 1585 2327 pro-

98 2337 220 2375 fluens
240 2351 391 2385 omnes,
414 2341 477 2390 qui
498 2339 546 2376 ad
564 2339 803 2377 Herodotum
823 2340 1030 2392 legendum
1051 2337 1257 2384 accedunt,
1287 2337 1427 2372 mirum
1446 2335 1485 2369 in
1496 2345 1584 2369 mo-

98 2393 193 2431 dum
214 2396 314 2445 capit
340 2402 452 2447 atque
468 2395 680 2444 demulcet,
710 2400 929 2448 praesertim
946 2410 1035 2435 cum
1054 2397 1094 2432 111
1113 2395 1283 2431 maxima
1298 2391 1475 2429 orationis
1494 2402 1583 2427 sua-

97 2453 212 2488 vitate
231 2453 444 2490 maximam
463 2466 618 2506 quoque
635 2452 773 2492 habeat
782 2457 1079 2506 perspicuitatem,
1104 2463 1202 2504 quae
1221 2448 1327 2487 haud
1345 2461 1430 2485 raro
1444 2447 1583 2486 verbo-

188 2641 229 2686 *)
255 2641 354 2676 Conf.
381 2641 544 2676 Creuzer
567 2641 698 2676 Hister.
722 2642 884 2677 Kunstd.
910 2642 974 2676 Gr.
1000 2652 1034 2686 p.
1063 2640 1127 2675 195
1151 2650 1224 2685 seq.

190 2710 238 2754 “)
260 2711 359 2744 Hanc
382 2710 597 2745 Herodoteae
628 2710 791 2745 orationis
813 2707 990 2754 αφέλειαν
1013 2720 1088 2743 iure
1102 2708 1219 2742 laudat
1249 2706 1414 2743 Valcken.
1448 2702 1491 2737 ad
1520 2702 1580 2742 IV,

102 2753 437 2844 gig-4521T8Hp·
461 2757 540 2794 321.
564 2757 632 2792 503
656 2757 710 2793 ed.
733 2762 839 2791 nostr.
887 2756 935 2791 Et
958 2757 1046 2790 cons.
1077 2766 1212 2802 quoque
1245 2758 1332 2788 nott.
1364 2752 1407 2787 ad
1429 2751 1491 2790 lv,
1518 2747 1582 2783 113
