1996 3238
583 211 615 245 U
646 210 677 245 R
707 209 738 243 A
772 211 803 244 N
833 212 848 246 l
881 211 912 246 A
973 211 1098 248 VIII.

184 319 392 376 ὅχὸμενοι
420 318 492 362 καὶ
522 320 603 360 τοῦ
629 315 817 373 χρόνου,

212 390 384 445 ρίοικοι.
686 379 702 386 ”

155 596 308 635 formari
337 607 446 646 posse
472 605 617 643 negans
648 591 814 642 ἕκόωρί-

155 656 232 701 ζειν
263 665 390 703 neque
417 648 726 701 ἐκδεδωρίσθαι,
758 651 810 686 ita

152 717 194 747 ut
213 721 348 757 unum,
380 706 484 761 quod
504 705 592 743 huic
614 707 698 744 loco
715 719 812 743 con-

151 767 305 813 veniat,
347 771 461 802 restet
494 764 655 801 verbum
687 763 812 804 ἔκδω-

150 825 361 875 ριοῦσθαι,
394 835 414 857 a
433 834 526 858 voce
549 817 708 873 Δώριος
737 819 810 857 du-

150 886 281 916 ctum:
323 880 361 915 in
392 879 616 916 Doriensium
645 881 811 914 naturam

148 937 264 974 veluti
297 936 529 985 degenerare;
573 934 705 983 lingua,
741 936 808 982 uti,

148 994 299 1030 moribus
346 996 378 1028 et
430 993 606 1029 institutis
655 990 807 1039 Dormis,

147 1047 479 1102 quemadmodum
551 1044 807 1097 ἐκβαρβαρόω

146 1105 249 1157 apud
272 1107 421 1144 Platon.
450 1107 523 1155 Ep.
542 1105 629 1141 VllI
663 1118 700 1154 p.
726 1104 806 1144 353

144 1165 181 1200 A
221 1163 307 1202 coll.
336 1161 512 1213 Euripid.
548 1163 668 1199 Orest.
709 1159 806 1201 485.

143 1221 274 1271 Apoll.
295 1220 423 1271 Tyan.
445 1221 518 1270 Ep.
537 1217 589 1259 34
609 1217 694 1267 (ubi
707 1218 806 1269 βαρ-

144 1274 302 1330 βαρόω)
324 1278 494 1329 itemque
519 1276 691 1313 iocosum
710 1273 806 1311 illud

142 1334 524 1382 πεφιλλιπιδῶσθαι,
552 1339 646 1370 teste
656 1334 805 1370 Kuster.

143 1390 193 1428 ad
214 1389 322 1430 Suid.
359 1404 389 1428 s.
410 1405 448 1430 v.
484 1392 649 1429 Φιλιππ.
681 1390 736 1426 111
765 1402 803 1439 p.

141 1450 238 1489 601.
295 1447 408 1484 Unde
435 1449 475 1484 in
501 1446 685 1483 Herodoti
718 1446 803 1482 loco

140 1503 410 1556 reponendum
433 1511 561 1542 censet
592 1502 804 1553 ἐκδεδωρί-

141 1576 278 1600 ωνται.
337 1561 416 1600 Sed
451 1562 536 1598 libri
574 1562 703 1611 scripti
739 1572 804 1595 re-

140 1619 341 1669 fragantur
361 1648 372 1667 ,
418 1631 440 1654 a
478 1618 615 1669 quibus
660 1617 802 1653 invitus

141 1674 295 1713 dis-cedo
334 1675 376 1712 in
415 1675 553 1712 talibus
577 1704 587 1723 ,
642 1674 803 1710 meliora

139 1739 377 1783 exspectans.
451 1734 530 1769 Nec
570 1744 661 1768 sane
710 1743 802 1778 esse,

140 1789 245 1842 quod
264 1790 420 1840 vulgata
438 1789 602 1826 lectione
628 1786 806 1824 offenda-

139 1859 250 1895 mur,
280 1846 411 1884 statuit
442 1844 645 1891 Matthiae,
679 1857 806 1896 quan-

142 1903 349 1956 doquidem
363 1933 373 1952 ,
401 1910 443 1939 ut
466 1916 487 1939 a
507 1903 665 1940 nomine
692 1902 805 1953 βασι-

139 1957 230 2007 λεῦς
276 1956 498 2012 βασιλεύειν
516 1990 525 2008 ,
573 1973 594 1997 a
632 1955 808 2011 βραβεύς

140 2013 375 2068 βραβεύειν,
403 2017 455 2053 ita
474 2030 496 2053 a
515 2013 706 2069 Δωριεύς,
728 2016 806 2054 δω-

141 2071 290 2126 ριεύειν
333 2070 599 2124 δωριετῖεσθαι
632 2073 802 2119 formari,

140 2129 237 2166 nihil
266 2129 404 2166 habeat
433 2131 629 2168 absonum.
690 2128 802 2173 Quod

138 2186 187 2223 acl
217 2193 487 2237 argumentum
513 2188 613 2234 loci,
648 2187 801 2222 coniicit

136 2244 416 2294 Wesselingius
428 2244 626 2294 Cynurios,
642 2250 800 2292 gentem

137 2302 214 2338 late
235 2302 327 2337 olim
345 2307 612 2352 propagatam,
634 2313 654 2335 a
681 2299 801 2349 Spar—

137 2358 235 2395 tanis
271 2371 418 2408 pressos
455 2370 624 2409 agroque
665 2364 799 2393 exutos

138 2415 180 2451 in
198 2416 431 2465 Argivorum
449 2416 595 2451 venisse
616 2412 801 2450 ditionem

139 2470 218 2508 unzi
247 2485 336 2508 cum
364 2473 556 2518 Orneatis,
597 2471 731 2521 quibus
760 2484 800 2507 se

140 2530 393 2566 consociarint
421 2529 467 2565 ab
495 2529 656 2564 inimicis
680 2528 801 2577 Spar-

140 2587 237 2623 tanis
267 2586 408 2623 vexati.
466 2586 624 2621 Meliora
665 2586 800 2634 opinor

141 2641 293 2680 edocuit
312 2643 354 2680 C.
376 2643 420 2679 Ο.
440 2643 590 2679 Miiller.
609 2642 799 2691 Aeginett.

142 2713 228 2750 pag.
263 2698 316 2741 48
343 2713 472 2751 seqq.,
504 2700 571 2736 ubi
598 2700 801 2749 respiciens

142 2755 191 2792 ad
211 2758 326 2793 verba
346 2752 477 2803 ἐόντες
503 2751 714 2807 Ὀρνεῆται
733 2754 800 2794 καὶ

142 2813 357 2865 περίοικοι,
383 2815 518 2851 merito
541 2814 700 2866 quaerit,
724 2825 800 2866 quo

1396 213 1477 251 101

868 317 1012 369 ἐόντες
1037 318 1265 375 Ὀρνεῆται
1294 319 1368 363 καὶ
1405 334 1475 363 πε-

450 384 628 429 Τούτων
668 386 731 428 ὠν
760 389 858 437 ,τῶν
895 385 1003 428 ἑπτα
1043 386 1208 430 ἐθνέων
1244 389 1291 431 αἱ
1326 388 1475 432 λοιπαὶ

868 593 970 640 iure,
996 592 1061 644 qui
1085 592 1242 644 Cynurii
1273 594 1347 631 sint
1365 595 1531 645 Argivo-

868 662 1033 700 rumque
1051 650 1212 699 imperio
1224 651 1395 696 subiecti,
1412 651 1530 688 iidem

866 704 1079 743 habeantur
1091 707 1283 753 Orneatae,
1310 720 1387 758 quo
1399 710 1530 745 nomi-

867 775 918 800 ne
934 764 1051 813 vulgo
1073 762 1453 814 comprehenduntur
1466 767 1529 801 in-

868 820 973 857 colae
993 821 1219 868 Ornearmn,
1254 819 1385 871 oppidi
1406 822 1529 858 Arca-

868 875 952 913 diae
974 884 1010 914 et
1029 875 1217 914 Phliasiae
1246 877 1527 929 Sicyoniaeque

867 935 1094 970 contermini
1126 932 1192 983 (cf.
1219 935 1409 973 Mannert.
1441 936 1527 971 V111

865 1005 904 1041 p.
925 990 1006 1031 647
1033 1004 1109 1042 seq.
1132 991 1283 1028 Miiller.
1313 992 1406 1028 Dor.
1435 993 1471 1027 II
1491 1005 1528 1042 p.

865 1046 961 1087 435.
984 1049 1108 1098 Popp.
1131 1046 1353 1099 Thucydid.
1376 1049 1415 1097 I,
1439 1050 1464 1087 2
1488 1062 1528 1099 Ρ.

864 1104 982 1152 213);
1023 1117 1196 1157 quosque
1226 1105 1379 1155 Argivis
1427 1105 1529 1141 infe-

863 1161 1065 1210 stissimos,
1102 1162 1148 1198 ab
1179 1160 1238 1198 his
1261 1169 1390 1199 tamen
1419 1160 1529 1199 devi-

864 1224 943 1254 ctos
972 1231 1051 1254 esse
1081 1232 1162 1255 non
1190 1226 1278 1256 ante
1308 1218 1527 1270 Olympiad-

861 1275 1086 1324 LXXVIII,
1145 1289 1176 1314 s.
1228 1274 1309 1317 468
1353 1288 1387 1314 a.
1435 1274 1525 1315 Chr.

861 1343 915 1378 n.'‚·
943 1332 1060 1382 igitur
1078 1333 1201 1369 multo
1220 1339 1308 1369 ante
1329 1333 1527 1370 Persicum

860 1389 1030 1437 bellum,
1061 1388 1165 1441 quod
1199 1391 1238 1425 in
1267 1402 1414 1425 annum
1444 1387 1525 1430 480

861 1458 894 1484 a.
917 1444 1007 1482 Chr.
1035 1459 1075 1484 n.
1103 1445 1248 1493 incidit,
1279 1446 1524 1498 probabiliter

859 1503 987 1539 statuit
1020 1502 1125 1538 idem
1162 1503 1204 1543 C.
1246 1502 1289 1540 Ο,
1327 1503 1524 1551 Miillerus,

860 1572 937 1611 quo
958 1558 1096 1595 eodem
1115 1559 1194 1596 fere
1213 1565 1386 1609 tempore
1397 1561 1527 1610 Dryo-

858 1629 924 1666 pes
959 1617 1254 1652 Hermionenses
1292 1617 1338 1653 ab
1372 1616 1524 1666 Argivis

858 1673 1018 1710 subiecti
1036 1679 1137 1710 sunt.
1195 1675 1327 1724 Itaque
1346 1673 1386 1709 in
1404 1675 1526 1709 Hero-

861 1729 1035 1767 dotiloco
1051 1743 1196 1766 nomen
1206 1725 1428 1780 Ὀρνεατῶν
1442 1742 1524 1766 non

862 1786 909 1823 de
945 1788 1158 1824 Orneai-um
1187 1788 1322 1824 incolis
1361 1787 1524 1837 intelligi

862 1845 1026 1895 poterit,
1048 1844 1139 1891 sed,
1177 1857 1276 1896 quae
1297 1845 1449 1880 Miilleri
1469 1851 1521 1881 est

861 1903 1025 1952 suspicio
1076 1915 1263 1953 perquam
1304 1902 1523 1952 probabiliS,

866 1957 913 1995 de
942 1971 1082 2008 genere
1114 1957 1285 2010 quodam
1305 1959 1524 2009 περιοίκων

863 2017 941 2052 sive
961 2018 1184 2063 πενεστῶν,
1207 2015 1254 2052 de
1275 2016 1429 2066 publicis
1449 2015 1517 2065 igi-

860 2079 922 2109 tur
952 2073 1186 2122 Argivorum
1225 2074 1346 2110 servis.
1403 2072 1519 2121 Argi-

856 2142 995 2166 vorum
1017 2130 1118 2164 enim
1143 2128 1235 2165 haec
1253 2129 1374 2166 videri
1406 2130 1520 2164 fuisse

857 2186 1013 2222 consilia
1032 2187 1139 2236 ponit
1160 2186 1314 2233 Miiller,
1348 2192 1390 2221 ut
1409 2187 1518 2221 inco—

856 2244 909 2279 las
930 2243 1147 2288 civitatum,
1183 2255 1275 2294 quas
1308 2242 1421 2279 nimis
1454 2255 1519 2278 re·-

857 2306 980 2336 motas
1020 2301 1058 2335 in
1095 2299 1239 2336 ditione
1273 2306 1402 2335 tenere
1438 2311 1518 2335 non

858 2363 1028 2407 possent,
1061 2369 1080 2391 e
1111 2355 1262 2393 sedibus
1294 2357 1420 2407 patriis
1448 2355 1518 2392 ab-

859 2413 992 2450 ductos
1039 2412 1305 2450 distribuerent
1342 2414 1382 2449 in
1429 2426 1518 2449 suos

858 2483 977 2521 pagos
1012 2470 1095 2506 urbi
1124 2471 1292 2517 vicinos,
1330 2468 1433 2506 uncle
1468 2470 1515 2505 ab

859 2528 1030 2564 Orneatis
1075 2540 1124 2563 ex
1167 2528 1378 2564 Ornearum
1423 2527 1518 2562 urbe

856 2585 949 2621 olim
971 2583 1136 2620 desolata
1171 2583 1313 2634 colligit
1334 2584 1516 2620 exstitisse

852 2636 1015 2692 Ὀρνεὰς
1031 2636 1361 2692 κώμηνἈργείας,
1378 2641 1424 2677 ab
1434 2641 1517 2691 ipsa

855 2699 948 2735 urbe
964 2698 1082 2748 probe
1093 2696 1412 2747 distinguendam,
1422 2704 1517 2734 teste

857 2756 1046 2792 Strabone
1061 2755 1148 2790 VIII
1168 2767 1254 2805 pag.
1276 2757 1355 2795 376
1375 2769 1405 2791 s.
1425 2767 1514 2805 pag.

856 2812 939 2854 578
959 2813 1007 2849 Α.
1036 2813 1169 2864 Itaque
1189 2812 1376 2864 Cynurios
1402 2812 1515 2863 poni-
