1996 3238
81 815 146 860 63

580 219 923 256 URANIA.
982 221 1110 260 Vlll.

1423 225 1481 264 83

217 328 350 382 ,,θός·
395 353 450 360 ———
495 328 533 370 εἰ
577 326 623 371 δὲ
668 327 750 384 μὴ,
791 326 1048 382 ἀνατρέψεις
1078 333 1156 388 τὴν
1179 328 1374 377 Ἑλλάδα.
1433 333 1537 378 τό95

217 397 424 453 ,,πᾶνγάρ
445 395 551 451 ἡμῖν
580 400 661 440 τοῦ
690 396 884 451 πολέμου
899 398 1085 453 φέρουσι
1116 403 1163 443 αἱ
1189 406 1300 459 νῆες.
1331 400 1420 446 ἀλλ’
1443 403 1479 446 ἐ-

186 467 322 522 2,,μοὶ
349 466 514 508 πείθεο.
573 466 629 507 Εἰ
662 465 707 508 δὲ
747 468 884 508 ταῦτα
912 465 971 521 μὴ
1002 466 1207 524 ποιήσεις,
1238 472 1360 526 ἡμεῖς
1390 472 1480 527 μὲν,

217 533 299 587 ,,ὠς
329 532 500 589 ἔχομεν,
544 531 835 590 ἀναλαβόντες
865 533 971 585 τούς
992 535 1182 588 οἰκέτας,
1210 540 1480 596 κομιεύμεθα

214 601 286 656 ,,ἐς
326 603 459 655 Σῖριν
498 601 577 656 τὴν
614 601 660 644 έν
689 600 860 659 Ἰταλίῃ,
889 603 996 659 ἥπερ
1028 601 1213 659 ἡμετέρη
1240 606 1284 649 τέ
1315 607 1403 650 ἐστι
1433 609 1481 653 ἐκ

212 673 429 723 ,,παλαιοῦ
461 670 544 722 ἔτι,
575 671 648 713 καὶ
679 674 732 714 τά
763 674 889 727 λόγια
919 674 1043 728 λέγει,
1073 670 1147 715 ὑπ’
1177 671 1324 730 ἡμέων
1344 676 1482 734 αὐτὴν

185 744 206 778 3
218 737 358 789 ,ῥέειν
407 742 649 795 κτισθῆναι.

725 739 851 796 ’ὑμεῖς
898 741 966 792 δὲ,

1026 740 1265 797 συμμάχων
1294 749 1475 790 τοιῶνδε
1491 755 1508 788 1

214 808 565 862 ,,μουνωθε’ντες,
595 807 866 864 μεμνήσεσθε
895 813 981 852 τῶν
998 808 1312 867 έμώνλόγων.“
1375 818 1485 858 Ταῦ-

214 891 267 918 τα
312 875 358 920 δὲ
399 877 710 932 Θεμιστοκλέος
738 876 964 932 λέγοντος,
996 876 1302 924 ἀνεδιδάσκετο
1334 882 1484 937 Εὐρυ-

156 1074 281 1113 Lehre
301 1090 338 1117 v.
356 1074 393 1114 d.
415 1074 569 1113 Griech.
590 1074 764 1113 Partikk.
786 1078 822 1113 II

154 1146 243 1185 pag.
269 1137 363 1182 213,
386 1135 452 1186 qui
480 1133 585 1170 hunc
614 1135 739 1185 ipsum
761 1134 822 1171 lo-

154 1204 244 1228 cum
265 1190 449 1228 Herodoti
470 1192 607 1230 attulit.

210 1246 253 1287 τὸ
268 1250 351 1287 πᾶν
373 1245 447 1301 γοῖρ
469 1246 568 1299 ἡμῖν
591 1250 664 1287 τοῦ
702 1246 821 1287 πολέ-

156 1320 233 1356 μου
253 1303 423 1356 φέρουσι
446 1305 489 1344 αἱ
506 1307 620 1356 νῆες]
644 1307 668 1343 i.
692 1319 724 1342 e.
745 1318 820 1342 om-

156 1375 198 1399 ne
213 1362 296 1399 belli
313 1367 517 1400 momentum
547 1364 590 1411 (i.
609 1377 642 1399 e.
666 1362 714 1399 ad
735 1364 820 1399 bel-

156 1420 237 1455 lum
264 1433 444 1470 prospere
465 1419 698 1470 gerendum)
735 1434 821 1456 con-

150 1475 275 1526 ferunt
285 1478 382 1514 nobis
394 1490 508 1514 naves.
528 1478 584 1513 Ita
597 1475 820 1527 Schweigh.

157 1535 197 1569 iu
226 1535 320 1573 Lex.
344 1533 498 1581 Herod„
530 1535 596 1570 ubi
626 1541 822 1585 praeterea

156 1590 287 1627 laudat
305 1590 447 1628 Herod.
468 1592 578 1639 VIII,
611 1594 702 1631 100.
760 1592 824 1627 Ia-

157 1648 260 1685 cobs.
281 1648 380 1685 bene
409 1649 462 1684 ita
490 1648 725 1685 locutionem
747 1649 824 1685 cir-

157 1706 397 1744 cumscribit:
421 1703 441 1744 ὁ
461 1707 540 1752 πᾶς
555 1700 728 1756 πόλεμος
748 1702 821 1756 ἤρ-

157 1778 269 1813 τηται
287 1761 329 1802 ἐκ
360 1764 441 1801 τῶν
473 1764 598 1811 νεῶν,
632 1762 822 1814 quemad-

157 1819 319 1856 modum
336 1833 426 1856 sane
447 1821 628 1857 Nostrum
647 1821 822 1856 locutum

159 1890 238 1913 esse
271 1876 383 1914 video
412 1878 487 1925 III,
527 1878 591 1916 19.
625 1877 694 1924 VI,
728 1880 821 1918 109.

158 1935 236 1981 lx,
276 1936 350 1985 683
386 1947 437 1970 ne
465 1934 588 1985 plura.
646 1933 709 1971 Ad
741 1948 822 1987 seq.

162 1988 216 2036 ὥς
241 1989 379 2041 ἔχομεν
403 1991 504 2029 conf.
526 1992 566 2038 Ι,
584 1988 650 2030 24.
677 1992 732 2040 V,
755 1992 822 2032 64.

159 2048 232 2095 VI,
266 2050 340 2094 17,
372 2053 409 2083 et
439 2046 487 2084 ad
514 2048 680 2084 formam
707 2063 824 2098 κομι-

161 2099 318 2155 εύμεθα
336 2103 472 2142 Matth.
496 2105 561 2142 Gr.
578 2105 645 2146 Gr,
666 2105 704 2150 ξ.
729 2107 823 2153 181,

160 2164 200 2202 2.
231 2174 264 2198 c.
293 2173 381 2211 pag.
403 2159 497 2201 324.

216 2216 257 2264 ἔς
275 2217 391 2268 Σίριν
412 2214 487 2268 τήν
514 2216 557 2257 ἔν
577 2212 736 2270 Ἰταλίῃ]
767 2219 825 2254 De

160 2273 234 2312 hac
253 2275 348 2310 urbe
368 2273 444 2312 vid.
470 2281 567 2311 nott.
585 2273 633 2311 ad
642 2275 705 2318 IV,
734 2276 826 2315 127.

162 2332 287 2377 Quam
306 2333 447 2368 Ionum
475 2332 589 2368 fuisse
619 2333 719 2368 canit
743 2332 826 2383 Ly-

162 2388 293 2440 cophr.
307 2389 419 2426 Alex.
435 2389 516 2429 978
533 2401 626 2440 seq„
644 2389 710 2424 ubi
722 2389 823 2430 conf,

168 2445 312 2493 SchoL,
337 2447 599 2482 consentiente
637 2445 825 2482 Strabone

161 2504 226 2540 VI.
255 2517 293 2554 p.
317 2501 396 2542 264
423 2515 452 2538 s·
473 2501 555 2543 405
578 2502 638 2550 A.‚
668 2503 735 2554 qui
762 2504 826 2542 10-

162 2573 248 2610 nes,
266 2558 464 2611 Lydorum
488 2558 728 2596 dominatum
748 2573 825 2612 quo

165 2616 390 2668 effugerent,
419 2617 519 2653 Sirin
540 2629 744 2667 occupasse
764 2630 827 2653 re-

165 2674 249 2711 sert.
295 2675 353 2711 De
375 2671 621 2724 Colophoniis
656 2672 827 2711 tradide-

167 2737 224 2767 rat
243 2732 426 2768 Timaeus
457 2729 558 2781 apud
577 2728 720 2767 Athen.
751 2732 827 2767 XII

167 2800 254 2838 pag.
276 2788 354 2828 523
376 2789 437 2834 Ι)..,
470 2801 518 2824 ex
545 2800 622 2839 quo
647 2788 731 2824 loco
752 2789 828 2825 Ar-

168 2842 386 2881 chilochum
398 2845 600 2882 Siritarum
613 2851 735 2882 terrae
748 2845 828 2882 fer-

876 1077 1052 1114 tilitatem
1073 1083 1110 1114 et
1129 1079 1401 1117 amoenitatem
1428 1079 1541 1119 valde

877 1133 1109 1171 admiratum
1151 1149 1230 1172 esse
1268 1137 1542 1188 intelligimus:

879 1204 996 1243 quam
1008 1193 1055 1228 ob
1071 1205 1153 1228 rem
1174 1193 1282 1230 illum
1305 1208 1393 1231 cum
1418 1197 1542 1233 Hero-

878 1247 992 1286 doteo
1027 1262 1118 1286 sane
1148 1251 1313 1288 conferri
1349 1253 1542 1294 volumus.

875 1305 972 1342 Inde
1003 1319 1158 1358 qnoque
1202 1308 1348 1345 factum
1378 1309 1542 1359 videtur,

876 1369 919 1399 ut
929 1362 1327 1414 posteaAthenienses,
1343 1368 1543 1403 oraculum

876 1418 996 1457 hocce
1018 1433 1040 1456 a
1059 1419 1322 1459 Themistocle
1352 1425 1545 1473 prolatum

876 1484 1163 1527 praetexentes,
1209 1479 1248 1514 in
1292 1493 1378 1516 eam
1421 1482 1545 1531 ipsam

880 1535 1011 1570 Italiae
1040 1535 1238 1584 regionem
1260 1538 1455 1574 mitterent
1476 1551 1545 1575 co-

880 1592 989 1628 lonos
1028 1590 1277 1644 Thuriosque
1333 1594 1544 1632 conderent

880 1661 1000 1699 prope
1014 1648 1115 1685 Sirin
1130 1660 1139 1684 t
1159 1651 1221 1685 cui
1233 1651 1406 1687 coloniae
1416 1653 1545 1702 ipsum

880 1705 1060 1742 historiae
1073 1712 1223 1756 patrem
1244 1709 1458 1746 interfuisse
1470 1722 1546 1745 no-

877 1764 1016 1801 vimus.
1056 1762 1142 1799 Vid.
1164 1763 1322 1801 Diodor.
1362 1766 1438 1806 Sic,
1454 1766 1544 1815 XII,

882 1822 945 1861 10.
1007 1820 1063 1857 Ob
1085 1822 1195 1858 Iones
1220 1823 1336 1872 igitur
1356 1836 1423 1874 pro
1450 1824 1544 1861 Siris

879 1876 1139 1914 conditoribus
1160 1877 1307 1916 habitos
1318 1880 1544 1918 Themisto-

880 1935 955 1972 cles
978 1935 1051 1972 ait:
1084 1931 1186 1987 ἥπερ
1216 1934 1384 1989 ἡμετέρη
1405 1936 1445 1976 τέ
1465 1938 1546 1978 ἐστι

880 1991 923 2031 ἐκ
944 1994 1116 2031 παλαιοῦ
1139 1993 1215 2040 ἔτι,
1246 1995 1277 2030 si
1305 1993 1462 2046 quidem
1483 1996 1544 2032 vel

881 2055 969 2085 ante
987 2049 1133 2085 bellum
1145 2051 1362 2087 Troianum
1392 2053 1447 2088 illi
1477 2066 1546 2088 ur—

882 2106 972 2141 bem
988 2104 1199 2142 condidisse
1212 2107 1433 2144 ferebantur
1453 2115 1545 2145 teste

881 2160 1128 2212 Lycophron.
1146 2163 1172 2198 l.
1200 2163 1226 2200 l.
1257 2185 1309 2191 ——
1359 2164 1421 2201 Ad
1442 2172 1545 2201 stru-

883 2225 1031 2255 cturam
1052 2220 1259 2256 verborum
1279 2234 1386 2273 seqq.
1408 2220 1475 2260 καὶ
1494 2218 1543 2261 τὰ

881 2273 996 2326 λόγια
1039 2276 1124 2324 (ubi
1165 2284 1266 2314 certe
1301 2279 1544 2329 exspectabas

882 2335 949 2371 καὶ
979 2328 1041 2382 ἣν
1062 2329 1110 2371 τοὶ
1140 2330 1254 2386 λόγια
1274 2349 1309 2373 κ.
1330 2351 1364 2373 τ.
1386 2338 1435 2384 λ.)
1467 2335 1543 2373 vid.

880 2388 1015 2426 Matth.
1033 2390 1098 2425 Gr.
1119 2391 1185 2428 Gr.
1207 2392 1243 2436 ξ.
1275 2391 1377 2440 472,
1403 2395 1427 2432 3
1448 2406 1540 2443 pag.

883 2449 975 2494 881,
998 2447 1063 2498 qui
1079 2445 1183 2483 idem
1200 2448 1325 2493 §.352
1352 2462 1442 2500 pag.
1462 2449 1543 2490 664

883 2503 931 2540 ad
943 2505 1060 2540 verba
1079 2505 1248 2544 τοιῶνδε
1265 2505 1544 2556 μουνωθέντες

883 2561 1113 2598 conferatur.

1081 2651 1172 2702 Cap.
1203 2652 1342 2689 LXIII.

942 2728 1241 2782 Θεμιστοκλέος]
1261 2732 1316 2768 Ita
1327 2745 1415 2769 cum
1427 2732 1544 2770 Gaisf.

885 2803 905 2825 e
918 2787 1065 2825 duobus
1077 2788 1180 2826 libris
1193 2790 1364 2841 rescripsi
1383 2803 1451 2840 pro
1471 2791 1545 2828 Θε-

884 2846 1134 2897 μιστοκλῆος.
1209 2845 1296 2924 νᾷἀ.
1346 2847 1457 2884 allata
1496 2845 1543 2883 ad

1212 2905 1238 2944 6
