1879 3222
97 374 163 419 24

87 1048 152 1094 25

550 186 1012 225 CALLIOPE.

1083 189 1159 226 lx.
1403 187 1487 228 237

233 295 258 339 ὅ
287 312 328 339 τι
356 296 481 352 χρεὸν
505 296 570 350 εἴη
599 293 785 338 ποιέειν·
827 293 969 339 ἐδόκεε
1000 294 1045 339 δέ
1076 307 1168 352 σφι,
1201 294 1408 354 ἀναρχίης
1439 297 1483 341 εἶ-

231 363 385 419 ούσης,
426 361 685 406 ἀπελαύνειν
714 360 833 416 παρὰ
873 363 1149 417 Μαρδόνιον.
1202 364 1532 422 Ἀπικομένηςδῡ

229 434 274 477 δὲ
295 437 370 487 τῆς
399 433 535 474 ἵππου
564 429 606 481 ἐς
628 429 677 473 τὸ
702 430 1004 484 στρατόπεδον,
1029 432 1191 483 πένθος
1221 433 1481 491 ἐποιήσαντο

227 501 474 543 Μασιστίου
510 497 628 541 πᾶσά
658 513 702 541 τε
731 496 757 554 ἡ
789 496 964 553 στρατιὴ
1001 499 1074 541 καὶ
1114 500 1374 554 Μαρδόνιος
1410 503 1482 558 μέ-

224 579 397 625 γιστον,
439 564 574 620 σφέας
621 581 665 609 τε
717 564 877 617 αὐτούς
906 567 1145 620 κείροντες,
1183 569 1256 610 καὶ
1285 569 1388 620 τούς
1416 571 1483 613 ἴπ-

222 651 334 686 πους
360 634 434 678 καὶ
467 634 519 677 τοὶ
553 631 785 690 ὑποζύγια,
822 635 989 691 οἰμωγῇ
1018 649 1062 677 τε
1090 634 1325 689 χρεώμενοι
1356 635 1483 681 ἀπλέ-

221 719 305 759 τῳ·
337 701 512 745 ἅπασαν
529 701 615 757 γάρ
644 702 724 758 τήν
745 704 960 759 Βοιωτίην
989 707 1154 758 κατεῖχε
1174 701 1290 758 ἠχώ·
1323 702 1382 755 ὥς
1412 704 1537 747 α’ν-85

220 769 325 824 δρὸς
354 767 633 824 ἀπολομένου
671 770 776 827 μετά
815 787 861 826 γε
890 769 1154 825 Μαρδόνιον
1182 771 1481 827 λογιμωτάτου

191 836 343 892 Ξπαρά
380 854 425 881 τε
467 839 664 895 Πέρσῃσι
698 839 770 882 καὶ
799 838 979 895 βασιλέϊ.
1023 839 1066 882 οἱ
1092 838 1172 894 μέν
1200 855 1285 882 νυν
1314 841 1482 895 βάρβα-

220 921 293 958 ροι
321 904 471 962 τρόπῳ
508 910 569 964 τῷ
608 907 800 965 σφετέρῳ
828 906 1114 952 ἀποθανόντα
1150 906 1306 963 ἐτίμων
1337 907 1481 951 Μασί-

219 985 352 1016 6tt0‘v.

1537 360 1679 388 Publicus
1705 361 1815 389 Persa-

1538 403 1602 422 rum
1621 395 1656 422 ob
1680 395 1815 423 Masini-

1541 437 1588 455 um
1615 429 1744 458 occisum
1769 429 1814 457 lu-

1536 468 1614 492 ctus·

329 1042 383 1083 Οἱ
411 1040 456 1084 δὲ
475 1040 709 1098 ”Ελληνες,
751 1041 810 1094 ὥς
838 1043 916 1099 τήν
946 1044 1081 1086 ἵππον
1114 1042 1310 1094 ἐδέξαντο
1340 1055 1477 1099 προσ-
1532 1050 1810 1111 {issaecffr'iffimffiff

218 1107 487 1164 βάλλουσαν,
536 1110 608 1152 καὶ
647 1111 870 1165 δεξάμενοι
915 1110 1106 1162 ὤσαντο,
1151 1110 1399 1167 ἐθάρσησάν
1427 1118 1810 1186 τε9οῗὲῑέὲίῐζιείᾕὶτυῐιέῗῐέἆ

217 1179 361 1233 πολλῷ
389 1181 576 1232 μᾶλλον,
607 1179 680 1222 καὶ
708 1183 858 1234 πρώτα
887 1179 966 1235 μὲν
1003 1179 1045 1229 ἐς
1080 1178 1249 1235 ἅμαξαν
1279 1179 1476 1232 ἐσθέντες
1532 1185 1793 1253 {gglffigffiassd

216 1244 294 1287 τὸν
321 1245 494 1299 νεκρὸν,
522 1246 643 1300 παροὶ
672 1246 749 1298 τοὶς
777 1245 893 1299 τάξις
922 1244 1143 1302 ἐκόμιζον
1186 1245 1210 1290 ὁ
1242 1246 1288 1291 δὲ
1319 1248 1476 1304 νεκρὸς
1532 1261 1638 1289 parum
1666 1260 1792 1281 commo-

158 1421 334 1472 supplere
372 1421 496 1472 placet
536 1416 709 1468 ἑωυτούς
757 1418 818 1468 (ut

157 1490 249 1514 saue
279 1476 383 1514 idem
401 1478 449 1515 sit
478 1483 592 1528 atque
614 1472 817 1516 ἀποστάν-

157 1533 238 1584 τες)
252 1563 262 1582 ,
283 1535 508 1571 assentiente
519 1532 816 1584 Schweighaeu-

156 1603 261 1639 sero,
303 1593 368 1644 qui
389 1598 499 1628 antea
519 1591 694 1642 supplere
722 1587 816 1637 τούς

154 1647 304 1694 ’ἵππους
331 1649 529 1685 maluerat.
587 1649 752 1698 Hoeger.
773 1648 813 1683 iu

154 1705 254 1743 Actt.
277 1702 383 1755 phill.
400 1706 573 1741 Monacc.
596 1705 660 1751 111,
682 1703 707 1743 4
723 1716 812 1754 pag.

154 1762 257 1809 526,
292 1762 443 1798 coniicit
473 1759 812 1812 ὑποστρέψαντες.

153 1816 346 1869 Equidem
378 1818 497 1855 malui
548 1830 570 1854 a
626 1818 813 1855 librorum

152 1875 379 1924 scriptorum
441 1875 662 1911 auctoritate
713 1882 812 1912 stare

155 1943 271 1981 (luam
311 1932 544 1968 coniecturas
582 1933 743 1969 incertas
769 1932 809 1967 in

153 1992 303 2022 textum
322 1989 502 2037 recipere.
550 1988 600 2024 Et
618 1987 695 2025 vid.
715 2001 811 2040 quo-

153 2055 229 2095 que
267 2042 402 2080 Matth.
443 2045 506 2082 Gr.
543 2044 608 2082 Gr.
651 2045 688 2089 ξ.
712 2044 808 2090 496,

153 2102 173 2139 1
196 2112 285 2150 pag.
307 2102 399 2140 933.
431 2100 572 2137 Similis
588 2099 690 2150 apud
704 2101 810 2136 Pau-

150 2157 297 2192 saniam
331 2157 501 2193 confusio
524 2158 598 2204 111,
630 2159 677 2196 11
709 2157 745 2202 ξ.
768 2159 807 2204 6,

149 2213 217 2250 ubi
253 2220 381 2250 tamen
411 2213 569 2250 Siebelis
604 2212 710 2264 (pag.
732 2212 806 2263 31)

150 2270 341 2309 revocavit
363 2265 618 2318 ἆποστᾶντες.

348 2361 439 2412 Cap.
468 2361 609 2399 XXIV.

207 2440 423 2491 κείροντες]
462 2441 487 2477 i.
518 2454 553 2478 e.
583 2444 690 2491 caput
728 2445 809 2478 ton-

148 2496 291 2535 dentes:
323 2496 427 2549 quod
455 2498 578 2534 luctus
608 2504 686 2534 erat
706 2497 809 2534 indi-

150 2554 264 2602 cium,
292 2561 335 2591 ut
363 2555 409 2602 11,
441 2556 508 2595 36.
564 2555 700 2605 Attigit
728 2556 809 2590 He-

151 2610 305 2648 rodotea
324 2609 494 2649 Eustath.
524 2609 573 2648 ad
601 2611 645 2648 Il.
675 2612 808 2648 XXIII

151 2679 189 2716 p-
220 2666 338 2717 1402,
366 2667 434 2709 24.
500 2667 563 2705 Ad
600 2668 714 2705 verba
743 2681 806 2705 se-

153 2726 326 2772 quentia:
358 2725 512 2778 οἰμωγῇ
529 2739 570 2764 τε
590 2720 806 2775 χρεώμενοι

152 2774 301 2835 ἅπλέτῳ
330 2781 431 2819 conf.
456 2782 500 2831 V,
524 2784 591 2823 99·
611 2782 692 2830 VII,
709 2784 806 2822 211.

872 1420 922 1456 Et
959 1420 1106 1457 luctum
1144 1421 1254 1457 illum
1286 1418 1421 1458 iisdem
1451 1420 1531 1458 fere

872 1477 994 1513 verbis
1015 1485 1128 1529 atque
1149 1476 1363 1515 Herodotus
1384 1484 1534 1515 enarrat

872 1532 1069 1570 Plutarch.
1104 1534 1258 1572 Aristid.
1290 1533 1340 1575 14
1369 1535 1434 1572 fin.
1473 1537 1532 1572 De

872 1590 1122 1627 barbarorum
1160 1592 1264 1627 luctu
1298 1592 1533 1641 Wesseliug.

871 1647 1035 1683 conferri
1066 1648 1238 1684 voluerat
1267 1648 1434 1684 Brissou.
1474 1650 1534 1684 De

868 1716 949 1753 reg.
987 1705 1107 1743 Perss.
1146 1705 1306 1755 princip.
1346 1706 1394 1749 Π,
1431 1706 1528 1745 206.

868 1761 1046 1798 Perizon.
1061 1760 1109 1797 ad
1136 1762 1285 1798 Aelian.
1307 1762 1352 1798 V.
1374 1763 1423 1798 H.
1444 1762 1526 1810 VH,

869 1818 907 1857 8.
950 1819 1099 1854 Morem
1129 1825 1259 1855 autem
1287 1818 1397 1854 illum
1420 1820 1526 1870 equis

867 1875 1021 1924 capillos
1056 1873 1263 1911 abradendi
1284 1874 1385 1925 apud
1406 1875 1527 1911 Grae-

867 1944 930 1968 cos
956 1944 1109 1983 quoque
1133 1932 1392 1983 antiquissimo
1412 1945 1526 1983 repe-

866 1989 930 2024 riri
961 2001 1054 2025 aevo
1083 1989 1254 2025 observat
1273 1987 1452 2026 Larcher.
1477 2002 1525 2026 ex

864 2043 1038 2094 Euripid.
1068 2046 1207 2081 Alcest.
1238 2045 1318 2084 429
1351 2052 1387 2082 et
1424 2046 1525 2083 Plut.

864 2099 1037 2151 Pelopid.
1058 2097 1212 2141 34'iuit.
1242 2114 1280 2150 p.
1301 2103 1383 2141 296
1414 2102 1458 2138 e.
1482 2103 1524 2142 F.

1079 2190 1171 2241 Cap.
1192 2190 1317 2227 XXV.

920 2265 1172 2320 ἐθάρσησαν]
1202 2271 1257 2307 Ita
1280 2283 1379 2307 unus
1400 2269 1523 2309 codex

865 2338 934 2376 pro
973 2327 1078 2376 vulg.
1119 2324 1366 2377 ἐθάρῤησαν.
1433 2327 1521 2366 vid.

865 2383 989 2420 Koen.
1012 2382 1059 2420 ad
1081 2384 1238 2434 Gregor.
1262 2382 1432 2423 Corinth.
1464 2386 1523 2421 De

867 2437 1016 2477 dialect.
1044 2441 1156 2480 Attio.
1178 2442 1215 2486 ξ.
1243 2443 1296 2481 82
1315 2453 1401 2491 pag.
1426 2442 1520 2483 153.

865 2497 1052 2534 Voculam
1077 2495 1131 2542 δὲ,
1160 2498 1200 2533 in
1230 2495 1378 2535 duobus
1406 2496 1520 2538 codd.

866 2555 1045 2591 omissam
1057 2552 1295 2604 Sohaeferus‚
1311 2561 1348 2592 et
1361 2552 1520 2592 Bekke-

860 2624 923 2647 rus
941 2611 1207 2661 neglexerunt,

919 2665 943 2707 ὁ
963 2665 1006 2706 δὲ
1025 2666 1164 2717 νεκρός
1178 2661 1232 2718 ἦν
1253 2681 1289 2708 κ.
1309 2682 1340 2708 τ.
1353 2665 1420 2717 λ.]
1452 2667 1519 2705 Ci-

861 2730 915 2761 tat
942 2722 1115 2761 Eustath.
1150 2724 1198 2761 ad
1230 2725 1387 2761 Homer.
1409 2725 1453 2762 ΙΙ.
1473 2739 1514 2775 p.

863 2783 956 2830 626,
988 2781 1042 2823 52
1067 2795 1097 2820 s-
1126 2781 1221 2830 481,
1252 2781 1290 2831 5,
1322 2782 1388 2819 ubi
1417 2788 1518 2819 recte
