1879 3222
243 201 331 244 886
787 199 1165 237 COMMENTATIO

243 312 494 364 grammatico
527 312 716 351 malevolo
737 311 824 350 ficta
844 319 920 360 est,
968 325 1084 364 quam
1105 325 1378 364 usquequaque
1405 325 1536 351 veram
1558 327 1636 353 esse
1656 315 1721 354 vix

243 368 340 407 mihi
359 367 586 421 persuadere
605 382 773 422 possum„
831 368 941 407 Conf.
961 371 1087 422 Heyse
1107 384 1146 422 p.
1168 372 1221 411 (jO
1241 382 1320 421 seq.

923 516 961 561 ς.
1000 515 1039 555 5.

351 614 395 654 Si
422 615 538 667 igitur
565 628 666 654 anno
695 615 776 657 456
804 629 836 653 a.
868 613 956 652 Chr.
978 628 1017 652 n.
1042 628 1071 654 s,
1094 615 1246 666 Olymp.
1274 617 1453 665 LXXXI,
1478 618 1496 655 1
1522 616 1721 669 Olympiae

239 677 277 709 et
296 684 397 709 anno
418 672 498 713 446
518 686 548 710 s.
568 671 649 714 445
671 674 842 724 (Olymp.
862 673 1078 720 LXXXIII,
1102 675 1126 712 3
1146 686 1174 708 s.
1195 671 1240 720 4)
1270 672 1428 709 Athenis
1452 675 1619 711 recitavit
1641 676 1720 710 He-

238 727 404 776 rodotus,
433 730 542 765 illum
560 728 634 766 hoc
653 737 825 779 tempore
845 729 883 764 in
903 729 1060 764 Graecia
1080 729 1158 778 ipsa
1175 736 1453 765 commoratum
1472 731 1583 767 fuisse
1604 743 1720 781 opor-

237 792 310 834 tet,
341 798 533 823 reversum
560 800 608 822 ex
623 786 816 822 itineribus
836 785 1066 836 longinquis.
1123 785 1256 836 Neque
1273 798 1361 822 vero
1383 798 1459 822 uuo
1482 785 1720 823 Athenarum

235 842 322 879 loco
342 842 451 878 illum
472 849 752 879 commoratum
773 854 851 877 esse
873 840 1052 877 credibile
1074 840 1136 888 fit,
1185 840 1251 877 sed
1283 842 1444 893 reliquas
1466 843 1578 879 etiam
1600 844 1719 879 Grae—

236 899 317 936 ciae
337 905 460 949 partes
480 911 697 948 peragrasse
723 896 872 935 videtur
891 896 1070 934 historiae
1096 896 1353 948 perficiundae
1375 911 1508 945 causa,
1528 912 1648 950 usque
1670 898 1719 936 ad

235 967 380 992 annum
409 953 490 994 444
511 967 545 991 a.
565 953 655 994 Chr.
676 967 715 990 11.
735 967 764 993 S.
787 954 938 1005 Olymp.
959 955 1173 1001 LXXXIV,
1199 957 1240 993 1:
1273 967 1349 1006 quo
1370 955 1450 1004 ipso
1473 968 1573 991 anno
1585 951 1630 1004 ᾔ)
1651 968 1720 992 co·-

234 1011 360 1048 loniae
386 1009 546 1047 Athenis
567 1009 733 1048 Thurios
756 1009 940 1047 deductae
970 1010 1209 1047 Herodotum
1237 1024 1276 1047 se
1297 1010 1481 1048 addidisse
1501 1010 1636 1049 Suidas
1657 1024 1720 1048 re-

233 1067 330 1115 fert3
361 1079 530 1119 quocum
549 1066 694 1105 faciunt
725 1065 793 1104 hac
814 1067 854 1103 in
884 1081 924 1103 re
945 1068 1085 1105 Strabo
1106 1068 1196 1104 XIV
1215 1081 1253 1118 p.
1278 1068 1357 1109 656
1380 1081 1409 1106 s,
1441 1070 1522 1108 970
1542 1069 1588 1104 A.
1623 1069 1719 1104 Plu-
1764 1104 1770 1109 ,

233 1122 355 1162 tarch.
385 1125 443 1159 De
474 1124 578 1160 exsil.
601 1137 660 1174 cp.
685 1126 734 1164 13
757 1124 843 1160 coll.
864 1124 1048 1161 Herodoti
1077 1123 1269 1175 epitaphio
1291 1123 1391 1174 apud
1422 1122 1541 1166 schol,
1562 1123 1610 1160 ad
1629 1125 1719 1160 Ari-

232 1178 410 1231 stophan.
436 1180 562 1216 Nubb.
595 1182 688 1220 331.
748 1181 852 1225 Quae
873 1193 1007 1218 causae
1027 1183 1206 1217 Nostrum
1228 1181 1470 1231 impulerint,
1502 1188 1543 1217 ut
1560 1179 1719 1217 Graeci&

232 1237 361 1274 relicta
379 1237 420 1272 in
439 1237 586 1273 Italiam
607 1233 834 1283 discederet,
874 1250 990 1274 nemo
1010 1238 1119 1274 facile
1146 1236 1308 1287 dixerit3
1347 1238 1387 1274 in
1417 1238 1556 1275 tumuli
1582 1237 1718 1275 inscri-

231 1293 361 1344 ptione
379 1291 452 1330 hoc
467 1293 594 1330 nescio
618 1291 722 1329 unde
740 1292 920 1330 traditum
940 1295 1125 1345 legimus:

413 1366 587 1413 Δωριέων
604 1365 748 1412 πάτρης
763 1366 955 1413 βλαστόντ’
979 1365 1077 1410 ἄπο,
1101 1369 1177 1403 τῶν
1199 1365 1255 1413 ἄρ’
1279 1364 1442 1412 ἄπλητον

504 1415 650 1458 Μῶμον
668 1412 966 1459 ὑπεκπροφυγὼν
990 1413 1152 1459 Θούριον
1174 1413 1250 1458 ἔσχε
1269 1413 1414 1458 πάτρην
1441 1413 1498 1457 **)

230 1497 466 1539 quamquam
494 1486 726 1523 accuratiora
755 1485 890 1523 desunt
930 1505 942 1521 ε
961 1487 1087 1523 Minus
1114 1499 1205 1525 vero
1235 1485 1284 1523 ad
1311 1493 1530 1536 temporum
1552 1483 1717 1522 rationes

229 1549 333 1580 recte
352 1542 631 1581 constituendas
651 1542 725 1580 hoc
741 1544 953 1593 congrue‘m
1003 1543 1138 1590 aletur,
1160 1543 1264 1596 quod
1284 1541 1505 1593 Sophocles,
1528 1543 1716 1593 quinqua-

229 1601 336 1649 ginta
364 1612 482 1636 annos
504 1606 633 1647 natus,
661 1612 762 1636 anno
783 1601 898 1650 igitur
917 1599 935 1628 l·
957 1600 978 1617 ”
1019 1613 1053 1638 a.
1078 1599 1167 1639 Chr.
1188 1614 1228 1640 11.
1253 1613 1283 1637 s.
1305 1601 1457 1649 Olymp.
1478 1598 1670 1643 LXXXV,
1691 1598 1712 1636 1

229 1656 280 1705 (si
300 1655 456 1706 quidem
475 1662 584 1692 natus
605 1661 659 1691 est
678 1654 740 1691 hic
760 1663 872 1705 poeta
885 1657 912 1692 (1
1011 1657 1197 1702 uLXXI,
1219 1659 1245 1695 2
1265 1655 1384 1695 s.495
1405 1668 1439 1692 a.
1453 1653 1543 1691 Chr.
1562 1667 1603 1691 n.
1614 1649 1713 1699 *³³5

227 1723 384 1748 carmen
402 1710 596 1748 Herodoto
616 1712 871 1761 composuisse
890 1711 1020 1758 fertur,
1043 1710 1088 1758 †)
1112 1718 1205 1748 teste
1225 1709 1430 1748 Plutarcho
1450 1712 1512 1746 An
1532 1710 1613 1747 seni
1632 1722 1714 1760 ger.

227 1780 326 1819 resp.
356 1780 440 1819 cap.
470 1770 515 1818 33
556 1766 661 1820 quod
691 1769 722 1805 si
742 1780 876 1806 verum
897 1774 969 1817 est,
1003 1766 1100 1804 illud
1131 1780 1284 1820 quoque
1321 1780 1456 1805 verum
1476 1779 1556 1804 esse
1587 1765 1712 1814 debet,

317 1953 354 1997 ²¹³)
393 1953 507 1987 Malim
539 1953 636 1998 sequi
659 1953 747 1988 hanc
769 1954 954 1997 rationem,
982 1954 1082 1989 Plinii
1117 1954 1181 1999 (H.
1204 1952 1252 1988 N.
1276 1953 1355 1995 XII,
1380 1952 1413 1995 4,
1442 1953 1482 1997 8)
1506 1952 1713 1988 auctoritate

224 1998 396 2039 munitam,
419 2011 519 2044 quam
542 2000 696 2041 alteram,
718 2012 805 2046 quae
829 2002 977 2035 Thurios
1001 2006 1140 2035 auctore
1165 1999 1314 2034 Diodoro
1339 2000 1438 2040 (XII,
1465 2001 1525 2043 10)
1558 1999 1712 2033 conditos

224 2045 320 2088 ponit
343 2056 428 2079 anno
451 2044 519 2079 446
542 2057 573 2079 a.
597 2045 678 2079 Chr.
703 2058 736 2079 11.
761 2058 788 2080 s.
814 2047 951 2092 Olymp.
975 2046 1171 2087 LXXXIII,
1196 2047 1230 2080 3.
1280 2045 1356 2079 Vid.
1384 2046 1489 2089 Heys.
1514 2045 1536 2078 l.
1561 2045 1584 2079 l.
1609 2045 1711 2090 p.64.

225 2091 268 2124 65
295 2094 339 2130 et,
363 2090 420 2136 qui
445 2102 514 2124 rem
538 2091 696 2133 confecit,
722 2092 911 2126 Voemelius
943 2093 976 2126 in
1000 2097 1249 2137 programmate
1273 2103 1375 2137 supra
1400 2092 1488 2124 laud.
1513 2102 1590 2135 pag.
1618 2091 1649 2125 5.
1677 2092 1710 2125 6.

223 2135 277 2168 De
299 2136 380 2180 ipsis
404 2136 543 2169 Thuriis
565 2138 708 2170 conditis
730 2144 870 2172 enarrat
900 2139 1038 2172 Diodor.
1065 2139 1140 2177 XII,
1167 2140 1188 2172 9
1212 2149 1306 2182 seqq.
1337 2137 1411 2170 coll.
1447 2137 1574 2170 Strabo
1600 2137 1649 2170 VI
1672 2147 1708 2183 p.

223 2182 291 2215 263
315 2193 342 2215 s.
368 2180 435 2215 404
459 2182 500 2215 B.
525 2182 639 2217 Schol.
662 2183 705 2216 ad
732 2184 904 2230 Aristoph.
928 2185 1044 2218 Nubb.
1070 2185 1149 2218 331.

315 2248 369 2292 **)
395 2249 472 2284 Vid.
495 2250 610 2284 Schol.
633 2250 676 2285 ad
703 2251 877 2296 Aristoph.
903 2252 1017 2285 Nubb.
1047 2252 1125 2294 331,
1150 2251 1266 2296 ibique
1298 2251 1342 2283 cf.
1367 2249 1549 2284 Hermann.
1572 2256 1615 2295 p.
1639 2249 1707 2284 265

224 2294 278 2330 ed.
301 2306 371 2329 sec.
396 2295 515 2341 Steph.
539 2296 623 2340 Byz.
648 2307 677 2331 s.
700 2307 737 2333 ν.
766 2295 926 2341 Θούριος
950 2309 982 2342 p.
1009 2298 1087 2331 311.

315 2363 394 2407 ***)
418 2363 478 2397 Sic
502 2368 596 2398 certe
621 2364 722 2409 vulgo
746 2370 885 2409 ponunt,
910 2366 1075 2409 probante
1099 2364 1287 2408 Lessingio,
1313 2363 1495 2407 Boeckhio,
1521 2363 1609 2398 aliis.
1646 2363 1703 2396 Cf.

224 2405 339 2453 Heyse
360 2409 383 2443 l.
409 2411 432 2443 1.
455 2421 489 2454 p.
514 2411 570 2445 67.
615 2411 662 2444 At
685 2422 793 2455 nuper
817 2412 987 2444 contendit
1011 2411 1050 2443 C.
1078 2412 1124 2444 G.
1150 2412 1264 2454 Lange
1288 2411 1321 2443 in
1346 2411 1569 2443 Commentat.
1584 2409 1626 2442 de
1637 2409 1704 2442 So-

224 2455 334 2499 phocl.
357 2455 426 2489 vit.
451 2467 525 2501 cap.
551 2458 573 2492 3
595 2468 674 2501 pag.
702 2458 794 2490 10—
810 2457 862 2491 14.
887 2455 1045 2501 Sophocl.
1071 2457 1204 2502 Olymp.
1230 2456 1338 2498 LXX,
1363 2457 1385 2490 4
1409 2461 1521 2490 natum
1549 2465 1633 2488 esse.

317 2523 359 2566 †)
385 2523 534 2557 Boeckh.
566 2524 601 2558 in
636 2524 836 2558 Commentt.
874 2525 994 2558 societ.
1024 2535 1094 2568 reg.
1118 2524 1262 2558 Berolin.
1289 2524 1375 2558 1824
1398 2535 1432 2567 p.
1456 2524 1499 2557 59
1522 2533 1592 2567 seq.
1624 2521 1701 2557 coll.

226 2567 360 2611 Jaeger.
394 2569 416 2604 1.
448 2569 470 2604 l.
495 2581 528 2614 p.
553 2571 596 2604 22
625 2582 697 2615 seq.
722 2571 785 2604 hoc
809 2571 915 2604 refert
939 2570 981 2603 ad
1006 2581 1082 2603 ann.
1107 2571 1241 2615 Olymp.
1267 2569 1458 2609 LXXXIV,
1482 2567 1504 2601 4
1526 2579 1552 2600 s.
1576 2567 1640 2601 441
1666 2579 1699 2601 a.

228 2613 310 2645 Chr.
338 2624 390 2653 n.;
413 2626 479 2658 quo
502 2615 633 2648 scilicet
657 2628 742 2650 anno
765 2617 961 2661 Sophocles,
993 2616 1059 2649 dux
1077 2622 1194 2649 contra
1218 2615 1347 2649 Samios
1372 2616 1415 2648 ab
1439 2613 1700 2646 Atheniensibus

227 2658 430 2692 constitutus
465 2672 536 2694 cum
572 2661 746 2696 Herodoto
774 2662 867 2696 Sami
891 2662 1027 2696 vivente
1051 2666 1086 2696 et
1117 2662 1274 2695 historias
1298 2660 1466 2694 scribente
1488 2659 1700 2692 familiarita-

228 2706 296 2736 tem
329 2706 552 2747 contraxerit,
589 2707 638 2740 ita
670 2712 709 2741 ut
739 2709 801 2741 hoc
835 2708 950 2741 eodem
983 2719 1068 2741 anno
1099 2707 1305 2741 Herodotum
1340 2716 1414 2738 cum
1443 2705 1610 2749 Sophocle
1632 2715 1698 2738 una

229 2750 379 2782 Athenas
410 2750 534 2782 adiisse
558 2757 731 2795 putemus,
754 2754 911 2797 longioris
933 2753 1133 2794 obsidionis,
1158 2764 1243 2797 quae
1266 2751 1418 2784 insecuta
1442 2755 1505 2792 est,
1528 2750 1698 2784 molestias

231 2795 442 2830 evitaturum.
489 2797 545 2838 At,
569 2797 598 2829 si
618 2798 699 2841 quid
723 2799 832 2841 video,
866 2800 964 2843 longe
987 2805 1088 2833 antea
1111 2799 1259 2832 Athenas
1281 2797 1348 2831 iam
1370 2795 1499 2830 Noster
1519 2795 1695 2830 inviserat.

1809 2323 1845 2500 ,J

1838 2501 1843 2696 1
