1996 3238
46 776 113 824 96

569 196 915 234 URANIA.
973 197 1099 235 V111.

1362 197 1440 237 131

182 304 343 361 ἀνδρὸς
372 303 565 358 ἀρίστου,
595 297 726 354 οὗτος
755 303 802 347 ἐν
831 307 891 361 τῷ
911 304 1097 362 θορύβῳ
1118 303 1260 362 τούτῳ
1290 309 1351 362 τῷ
1365 320 1441 350 πε-

153 374 231 428 2ρὶ
268 377 496 427 Σαλαμῖνα
539 370 758 428 γενομένῳ
796 371 897 416 τάδε
943 373 1092 416 ἐποίεε.

182 439 373 491 πολλούς
401 443 490 483 τῶν
519 437 753 491 ὁπλιτέων,
794 444 838 484 οἳ
865 440 1187 496 παρατετάχατο
1217 442 1336 498 παρὰ
1364 443 1444 499 τὴν

1172 374 1442 430 παραλαβών

185 507 320 564 ἀκτὴν
358 511 436 564 τῆς
472 510 747 565 Σαλαμινίης
775 509 935 566 χώρης,
980 509 1105 565 γένος
1142 508 1283 561 ἐόντες
1325 511 1448 568 Ἀθη·

181 581 324 628 ναῖοι,
355 576 397 627 ἐς
427 573 508 632 τήν
546 576 818 619 Ψυττάλειαν
847 582 983 633 νῆσον
1012 576 1196 633 α’πέβησε
1227 576 1369 632 ἄγων,
1404 583 1448 623 οἳ

179 643 281 695 τοὺς
319 643 493 699 Πέρσας
530 642 638 696 τούς
683 644 730 688 έν
759 649 812 703 τῇ
841 648 987 703 νησίδι
1015 645 1151 702 ταύτῃ
1184 648 1447 703 κατεφόνευ-
1460 656 1504 690 10

179 724 263 756 σαν
292 708 469 763 πάντας.

285 779 361 832 Ὡς
403 780 448 824 δὲ
477 779 504 835 ἡ
534 781 749 837 ναυμαχίη
781 779 1009 832 διελέλυτο,
1038 781 1369 836 κατειρύσαντες
1397 782 1441 834 ές

175 847 255 905 τήν
293 852 524 905 Σαλαμῖνα
566 851 610 892 οἱ
626 848 833 905 ’Έλληνες
863 853 951 892 τῶν
981 852 1203 905 ναυηγίων
1233 849 1314 893 ὅσα
1344 850 1444 894 ταύ-

177 934 230 974 τῃ
254 916 456 973 ἐτύγχανε
487 917 548 961 ἔτι
577 916 726 968 ἐόντα,
759 917 925 972 ἑτοῖμοι
953 911 1067 973 ἦσαν
1097 918 1138 970 ἐς
1168 917 1304 975 ἄλλην
1334 935 1444 962 ναυ-

148 986 360 1040 Ξμαχίηυ,
392 986 629 1039 ἐλπίζοντες
654 990 753 1043 τῇσι
783 984 1066 1042 περιεούσῃσι
1094 986 1222 1042 νηυσὶ
1253 985 1315 1030 ἔτι
1343 986 1443 1043 χρή-

179 1058 335 1097 σεσθαι
364 1054 554 1110 βασιλέα.
594 1058 683 1098 τῶν
713 1053 759 1098 δὲ
788 1055 1011 1109 ναυηγίων
1041 1054 1181 1098 πολλοὶ
1210 1050 1500 1110 ὑπολαβων15

180 1119 339 1177 ἄνεμος
378 1123 586 1178 ζέφυρος,
631 1123 757 1179 ἔφερε
786 1125 861 1178 τῆς
886 1121 1078 1178 Ἀττικῆς
1108 1122 1176 1166 ἐπὶ
1205 1121 1285 1178 τὴν
1314 1122 1446 1179 η’ϊόνα

177 1189 258 1246 τήν
274 1190 538 1249 καλεομένην
559 1190 790 1235 Κωλιάδα·

120 1381 182 1413 tur
201 1376 316 1414 Persa
344 1374 446 1427 apud
474 1375 710 1428 Aeschylum
739 1376 779 1413 in

121 1434 244 1469 Perss.
266 1431 347 1473 454·
369 1446 448 1486 seq.
469 1435 529 1470 ΒΙ.
568 1435 618 1471 Et
650 1440 781 1470 auctor

123 1496 178 1526 est
190 1488 414 1527 Plutarchus
434 1491 459 1527 1.
474 1491 497 1529 l.
520 1492 664 1537 Persas,
687 1503 782 1542 quos

121 1547 226 1584 vivos
247 1548 388 1597 ceperit
398 1547 591 1593 Aristides,
615 1546 663 1584 ad
673 1546 784 1583 The-

120 1603 334 1640 mistoclem
354 1604 486 1641 missos
507 1618 586 1641 esse
599 1634 608 1652 ‚
633 1605 699 1655 qui
721 1616 784 1641 eos

121 1658 276 1697 Baccho
298 1661 451 1698 Omesto
471 1661 495 1698 i.
512 1675 545 1698 e.
568 1660 703 1697 crudas
714 1659 785 1697 de-

122 1717 272 1755 voranti
330 1730 462 1754 carnes
484 1746 496 1766 ,
566 1718 784 1755 immolarit.

123 1772 295 1811 Aristidis
353 1775 500 1811 facinus
558 1774 786 1826 clademque

123 1832 328 1868 Persarum
349 1832 470 1882 attigit
486 1844 639 1884 quoque
653 1830 784 1870 Schol.

123 1886 278 1925 Aristid.
298 1901 337 1939 p.
358 1888 410 1928 64-
430 1889 638 1927 Frommel.

333 1977 425 2029 cap.
445 1978 583 2017 XCVI.

182 2051 481 2108 κατειρύσαντες
503 2055 521 2107 ]
581 2057 606 2095 i.
640 2071 674 2095 e.
711 2068 788 2094 cum

129 2112 178 2151 ad
204 2114 289 2150 litus
310 2126 339 2150 s,
374 2117 507 2150 terram
539 2113 789 2150 detraxissent.

130 2191 181 2198 —
212 2168 274 2206 Ad
304 2170 546 2220 partIcipium
571 2168 789 2220 ’ὑπολαβών

126 2224 205 2265 vid.
226 2233 322 2265 nott.
344 2225 392 2263 ad
412 2227 502 2276 vll,
526 2229 618 2267 170.
678 2225 790 2272 Quod

127 2285 299 2335 sequitur
319 2282 357 2330 ό,
388 2282 511 2320 delevi
530 2297 619 2320 cum
634 2290 791 2321 receutt.

129 2339 216 2377 edd.
237 2341 406 2392 plurium
429 2339 540 2378 codd.
563 2354 611 2377 ex
626 2342 794 2377 auctori-

129 2403 220 2434 tate.
242 2420 293 2425 -
315 2398 462 2434 Vocem
483 2394 630 2447 ἅνεμος
655 2396 793 2435 eodem

131 2452 250 2491 modo
289 2451 350 2490 hic
379 2455 597 2490 invenimus
624 2452 793 2491 additam

132 2523 209 2563 quo
230 2511 304 2558 IV,
325 2513 403 2558 22,
424 2511 491 2547 ubi
511 2510 613 2550 conf.
633 2515 732 2550 nott.

189 2566 255 2607 ἐπὶ
276 2564 350 2618 τήν
372 2562 494 2616 η’ϊόνα
513 2564 587 2618 τὴν
602 2565 791 2619 καλεομέ-

132 2638 210 2674 νην
234 2620 448 2674 Κωλιάδα]
501 2623 650 2661 Eadem
679 2623 794 2662 tradit

132 2680 296 2718 Pausau.
316 2682 354 2729 Ι,
387 2683 406 2721 1
432 2682 470 2726 §.
499 2679 538 2720 4.
560 2681 645 2718 coll.
667 2681 794 2718 Strab.

135 2737 193 2772 lx
225 2751 264 2788 Ρ.
285 2739 365 2778 398
392 2749 480 2787 pag.
509 2739 586 2777 611
618 2738 690 2785 A.‚
729 2738 796 2775 ubi

136 2800 293 2831 vocatur
302 2790 375 2847 ὄῖκρ
381 2789 580 2842 αΚωλιάς.
587 2792 689 2832 Add.
700 2796 797 2832 Har-

832 1189 940 1235 ὥστε
977 1187 1224 1247 οἷποπλῆσαι
1250 1189 1330 1234 τόν
1343 1207 1446 1248 χρη-

836 1382 982 1428 pocrat.
1010 1389 1040 1413 s.
1060 1389 1098 1412 v.
1124 1374 1311 1426 Stephan.
1339 1378 1504 1429 Byzant.

838 1447 868 1471 s.
888 1447 926 1470 v.
955 1447 993 1483 p.
1013 1432 1125 1477 497,
1163 1435 1230 1484 qui
1267 1432 1372 1470 addit
1402 1430 1501 1486 ἀκτὴ

840 1502 962 1542 aeque
993 1495 1107 1540 atque
1139 1489 1354 1527 Herodotus
1387 1486 1504 1540 η’ϊών.

839 1547 1153 1583 promontorium
1186 1545 1279 1594 hoc,
1319 1546 1422 1599 quod
1443 1549 1506 1585 vi-

842 1604 939 1654 ginti
969 1603 1089 1639 ferme
1120 1602 1247 1640 stadiis
1284 1616 1307 1639 a
1340 1602 1505 1641 Phalero

842 1661 954 1697 distat
972 1660 1194 1711 temploque
1207 1661 1361 1697 Veneris
1378 1661 1507 1698 Colia-

843 1716 899 1755 dis
925 1723 1105 1754 ornatum
1136 1717 1228 1765 fuit,
1270 1730 1373 1754 nunc
1400 1718 1507 1755 Tris-

837 1776 951 1826 ]›yrgi
969 1772 1043 1810 dici
1063 1781 1231 1810 narrant.
1254 1774 1363 1813 Conf.
1385 1776 1506 1812 Kruse

843 1832 971 1867 Hellas
989 1832 1045 1878 ll,
1071 1833 1089 1870 1
1114 1844 1152 1881 p.
1175 1830 1269 1871 215.
1308 1831 1377 1870 Cr.
1411 1845 1506 1869 con-

842 1889 933 1925 ferri
976 1900 1129 1939 quoque
1165 1888 1247 1924 vult
1285 1888 1427 1925 Stuart.
1469 1895 1507 1926 et

844 1947 993 1982 lievett.
1013 1945 1170 1996 Autiqq.
1192 1943 1332 1984 Athen.
1367 1944 1406 1993 (e
1416 1959 1506 1983 ver-

844 2003 982 2038 nacula
1017 2015 1115 2038 vers.
1145 2001 1460 2051 Darmstadiensi)
1489 2003 1507 2038 1

845 2073 882 2110 p.
916 2060 995 2097 119
1023 2064 1060 2093 et
1084 2059 1324 2108 potissimum
1352 2072 1390 2108 p.
1412 2061 1506 2099 137.

901 2110 1000 2152 ὥστε
1039 2109 1272 2164 οἷποπλῆσαι
1312 2112 1382 2153 τόν
1409 2128 1507 2165 χρη-

848 2165 967 2219 σμόν]
1001 2165 1230 2220 οἷποπλῆσαι
1257 2168 1320 2207 hic
1345 2170 1393 2207 de
1419 2183 1508 2208 ora-

847 2229 946 2275 culo⁷
976 2226 1080 2278 quod
1100 2227 1274 2278 expletur
1300 2233 1342 2264 ut
1374 2229 1413 2275 Ι,
1452 2227 1506 2268 43

847 2284 1038 2333 ἐκπλῆσαι
1066 2284 1150 2322 0011.
1178 2285 1254 2331 ΙΙΙ,
1298 2284 1389 2325 142.
1407 2279 1508 2323 οἷνοὲν

849 2344 998 2391 πλῆσαι
1040 2340 1098 2388 V,
1140 2340 1180 2380 4.
1220 2341 1293 2387 VI,
1335 2343 1399 2380 12.
1456 2341 1508 2378 At

848 2400 1130 2435 Buttmannum
1169 2398 1236 2436 Gr.
1277 2398 1342 2436 Gr.
1378 2398 1438 2444 11,
1468 2410 1508 2448 p.

850 2454 930 2495 215
952 2461 1031 2492 not.
1054 2453 1212 2491 offendit
1233 2455 1390 2491 aoristus
1408 2467 1508 2490 neu-

850 2512 933 2548 trali
956 2510 1143 2547 adhibitus
1163 2523 1296 2558 sensu,
1328 2524 1417 2547 cum
1438 2509 1509 2548 dif-

847 2568 1062 2605 ficillimum
1089 2568 1135 2604 sit
1162 2566 1305 2618 aliquid
1333 2568 1508 2618 supplere

849 2623 898 2662 ad
929 2624 1121 2673 complendi
1143 2624 1365 2672 notionem,
1396 2623 1509 2661 inde-

851 2695 926 2733 que
942 2687 1154 2730 suspectam
1164 2679 1279 2718 habet
1290 2682 1507 2729 lectionem,

853 2750 1036 2790 quaerens
1058 2766 1067 2784 ‚
1097 2750 1191 2774 uum
1218 2739 1374 2775 aoristus
1404 2740 1509 2788 πλῆ-

853 2799 963 2841 σθαι,
982 2794 1048 2846 qui
1063 2792 1111 2831 ad
1128 2794 1273 2833 Atticos
1283 2796 1510 2847 plerumque

1168 2847 1233 2892 9³⁸

1498 307 1613 367 proelio
1632 314 1734 342 opera,

1519 340 1691 368 arbarorum
1713 341 1771 368 cta—

1498 373 1564 401 dem
1577 374 1701 403 multum
1719 382 1772 402 au-

1496 415 1582 443 gene.

1497 784 1668 821 Naufragii}
1707 796 1776 824 par..

1499 819 1551 846 tim
1583 815 1775 857 Salaminem,

1499 854 1607 887 partim
1624 855 1777 884 Coliadem

1501 887 1616 916 delata:
1641 889 1744 924 imple—

1500 924 1623 955 tumque
1642 927 1728 950 vetus
1740 923 1778 951 de

1500 956 1675 983 mulieribus
1695 957 1752 985 Co-

1501 988 1628 1017 liadibus
1653 998 1718 1019 ora-

1499 1023 1608 1051 culum.
