1879 3222
184 188 268 227 666
494 187 784 224 ADDENDA
825 187 905 224 ET
943 187 1349 228 CORRIGENDA.

183 305 260 340 pag.
292 296 358 330 454
390 298 459 330 not.
495 295 587 339 ***).
660 297 704 329 At
741 296 860 330 Parrot
899 296 934 329 iu
969 296 1086 333 Itiner.
1127 297 1168 331 ad
1206 303 1347 332 montem
1384 299 1508 332 Ararat
1554 299 1591 334 P.
1625 301 1657 334 ΙΙ

400 345 517 375 contra
548 342 687 375 eslicere
723 341 855 382 studet,
904 352 1016 386 parem
1048 343 1111 377 sibi
1143 355 1218 377 esse
1249 345 1421 389 utriusque
1453 347 1574 388 maris,
1619 352 1655 380 et

400 387 518 431 Caspii
540 391 575 420 ct
598 388 690 420 lacus
715 387 804 428 Aral,
827 388 1058 431 superficie1n3
1088 400 1248 422 revocans
1273 390 1335 422 hoc
1357 390 1450 423 modo
1476 402 1563 435 quae
1586 393 1658 435 ipse

397 438 499 467 antea
521 433 684 466 docuerat
704 445 857 476 quaeque
880 433 964 466 alius
987 445 1119 478 quoque
1143 435 1374 479 peregrinator
1399 437 1534 478 Anglus‚
1558 437 1658 470 Mon-

399 478 485 512 teith
510 478 653 520 nomine,
679 479 875 512 affirmarat.
908 479 983 512 Vid.
1000 480 1146 512 Muncke
1169 481 1202 512 in
1221 481 1348 513 Annall.
1376 482 1550 515 Heidelbb.
1570 482 1655 516 1835

396 535 475 568 pag.
500 524 553 557 84.
588 530 623 557 et
646 523 851 568 potissimum
877 524 988 557 Virum
1012 525 1145 557 doctum
1185 525 1217 558 in
1241 527 1416 570 Gottingg.
1443 529 1544 559 Anzz.
1569 527 1655 561 1335

395 580 473 614 pag.
498 571 542 603 20
564 582 657 613 seqq.
683 570 726 603 26
748 567 846 614 seqq.
889 572 1036 603 Auctore
1063 570 1211 612 Burnes,
1246 571 1301 613 qui
1334 571 1394 605 has
1417 573 1570 613 regiones
1593 584 1655 605 nu—

394 626 458 660 per
494 615 714 659 perlustravit
735 615 901 658 (Travels
933 616 966 648 in
1002 622 1037 648 to
1074 616 1230 648 ssokhara
1260 616 1365 649 Lond.
1391 618 1486 651 1834.
1528 618 1597 651 Vol.
1621 618 1654 651 11

395 672 474 704 pag.
500 662 616 704 188.)‚
646 661 734 705 apud
765 661 914 694 'Pataros
945 672 1008 693 vox
1032 661 1120 693 Aral
1151 661 1240 694 valet
1269 661 1364 694 intra
1387 662 1655 706 (dazwischen);

392 707 483 739 intra
514 707 573 739 Sir
605 707 731 739 scilicet
763 713 864 749 atque
896 707 1001 739 Amoo
1033 705 1053 738 i.
1089 717 1118 739 e.
1149 705 1241 739 intra.
1276 707 1448 740 Iaxartem
1477 714 1513 741 et
1535 709 1653 745 Oxum.

392 752 497 785 Addit
518 752 602 785 idem
628 752 726 794 vulgo
750 752 831 784 ferri
856 752 976 784 famam
991 777 999 792 ‚
1021 752 1114 784 lacus
1139 762 1243 796 aquas
1267 752 1321 784 via
1344 753 1561 787 subterranea
1585 755 1654 788 Ca-

393 797 468 841 spio
495 799 576 830 mari
602 798 704 839 iungi,
727 797 807 840 quin
831 796 975 829 sonitum
999 808 1160 841 aquarum
1184 798 1256 830 loco
1280 798 1436 841 quodam,
1460 799 1513 831 cui
1537 811 1652 833 nomeu

390 842 487 876 Rara
511 843 699 882 Goombuz,
725 842 781 874 ubi
804 842 1085 885 proficiscentium
1110 847 1162 875 est
1184 842 1299 883 static,
1323 844 1490 884 exaudiri3
1515 856 1653 888 eamque

391 888 513 921 samam
537 901 577 922 eo
603 887 756 920 maiorem
776 887 872 920 fidem
896 888 1017 921 mereri
1041 888 1127 932 apud
1145 889 1291 931 vulgum,
1315 900 1380 933 quo
1404 889 1588 923 mirabilius
1601 891 1652 923 vi-

391 933 510 966 deatur
535 933 640 966 lacum
667 934 751 965 tanti
780 933 943 975 ambitus,
977 933 1033 978 qui
1056 939 1151 967 tanta
1175 933 1310 967 flumina
1333 934 1497 978 recipiat,
1530 936 1653 970 nullum
1695 963 1699 965 Δ

389 978 513 1011 habere
543 990 703 1021 aquarum
736 978 871 1012 exitum.
931 979 1018 1012 Nam
1051 980 1094 1012 de
1127 990 1288 1024 aquarum
1322 981 1560 1024 evaporatione
1579 981 1653 1016 sive

387 1024 612 1063 exhalatione,
639 1035 727 1068 quae
749 1024 818 1057 illic
841 1025 981 1058 maxima
1006 1028 1068 1064 est,
1091 1036 1156 1058 non
1181 1025 1342 1068 cogitant.

170 1079 247 1113 pag.
280 1069 345 1104 455
380 1073 449 1102 not.
490 1070 545 1103 lin.
570 1072 593 1103 4
624 1071 666 1102 ab
690 1069 747 1102 inf.
804 1070 888 1104 Add.
914 1070 1101 1104 Eichwald.
1128 1070 1256 1113 (Reise
1286 1071 1371 1104 nach
1403 1070 1436 1104 d.
1471 1070 1650 1114 Kaspisch.

386 1115 504 1156 Meer,
539 1116 554 1148 I
590 1127 623 1159 p.
657 1116 724 1149 275
757 1117 893 1159 seqq),
937 1116 994 1160 qui
1030 1117 1238 1150 Graecorum
1275 1116 1382 1150 Oxum
1417 1117 1507 1160 apud
1541 1117 1650 1150 Tata-

384 1172 496 1194 rorum
521 1160 706 1205 scriptores
731 1162 922 1195 Amudaria
947 1162 1015 1195 dici
1040 1163 1164 1203 refert,
1189 1161 1280 1206 apud
1300 1163 1568 1202 Tureomannos,
1593 1162 1651 1206 qui

387 1207 505 1252 Caspii
530 1207 627 1240 maris
650 1217 741 1240 oram
765 1208 958 1241 orientalem
981 1208 1154 1250 habitent,
1190 1208 1305 1241 vocari
1328 1208 1521 1248 Akh-tam3
1553 1208 1651 1241 huius

382 1264 464 1286 vero
489 1252 582 1286 fluvii
610 1264 709 1285 unum
734 1253 905 1286 brachium
937 1253 1033 1286 addit
1063 1254 1139 1286 olim
1162 1253 1240 1285 inde
1271 1264 1292 1286 a
1316 1259 1410 1287 terra
1436 1254 1574 1294 Ckiwa,
1612 1258 1651 1286 ut

384 1310 472 1332 nunc
494 1301 652 1336 vocatur,
683 1302 777 1332 recta
811 1299 1016 1333 occidentem
1041 1310 1159 1332 versus
1182 1298 1320 1332 fluxisse
1353 1303 1389 1332 et
1412 1299 1496 1332 mari
1522 1299 1648 1343 Caspio

382 1343 427 1378 ad
444 1344 549 1378 sinum
575 1344 817 1385 Balchanicum‚
841 1356 938 1389 quem
963 1356 1049 1378 nunc
1073 1345 1199 1385 dicunt,
1232 1356 1270 1378 se
1291 1344 1440 1377 iunxisse
1462 1345 1566 1389 idque
1587 1356 1650 1378 vo-

383 1389 453 1422 cari
483 1391 670 1431 Alch-tam3
703 1390 843 1423 alterum
876 1391 1047 1424 brachium
1080 1402 1166 1424 nunc
1197 1391 1230 1423 in
1264 1390 1373 1423 lacum
1396 1392 1477 1423 Aral
1508 1392 1649 1424 intrare.

342 1462 345 1467 .
379 1435 458 1469 Nec
480 1435 580 1468 aliter
604 1436 724 1468 Gallus
746 1436 874 1477 doctus,
896 1437 1035 1469 Iaubert
1058 1436 1241 1480 (Memoire
1264 1447 1321 1469 sur
1343 1435 1364 1468 l’
1378 1439 1495 1470 ancien
1521 1439 1648 1470 Oxus“

381 1484 414 1513 in
448 1481 630 1524 Berghaus.
657 1481 789 1515 Annall.
818 1482 882 1514 Iul.
918 1483 1005 1516 1834
1040 1493 1115 1527 pag.
1149 1482 1215 1516 335
1240 1493 1334 1526 seqq.
1367 1480 1529 1526 imprimis
1565 1493 1645 1527 pag.

382 1527 479 1569 345.)
503 1527 615 1560 allatis
639 1531 673 1560 et
696 1527 906 1561 orientalium
922 1529 1122 1572 scriptorum
1139 1527 1341 1561 testimoniis
1364 1532 1400 1560 et
1422 1527 1561 1561 aliorum
1587 1539 1647 1562 no-

379 1576 474 1605 strae
493 1572 617 1605 aetatis
627 1572 769 1606 virorum
781 1573 956 1606 doctorum
974 1574 1105 1607 iudiciis
1120 1574 1262 1618 probare
1278 1573 1404 1613 studet,
1427 1573 1541 1606 Oxum
1557 1574 1647 1608 anti-

380 1617 495 1662 quitus
520 1617 633 1651 induo
646 1619 784 1652 brachia
797 1619 900 1652 fuisse
915 1619 1056 1652 divisum
1071 1645 1079 1657 ,
1101 1630 1241 1663 quorum
1261 1621 1403 1652 alterum
1416 1619 1458 1652 ad
1472 1619 1579 1652 lacum
1599 1623 1644 1654 A-

378 1663 431 1695 ral
447 1664 666 1707 pertenderit,
689 1665 829 1697 alterum
849 1676 930 1697 vero
951 1666 994 1698 ad
1010 1665 1169 1708 Caspium
1189 1676 1280 1698 mare
1303 1675 1497 1697 conversum
1509 1666 1644 1700 saeculo

377 1707 572 1740 duodecimo
595 1710 700 1741 ferme
725 1715 802 1752 post
818 1709 900 1742 Chr.
924 1721 955 1742 n.
979 1711 1183 1743 exsiccatum
1208 1710 1330 1751 suerit;
1355 1720 1552 1754 quamquam
1575 1714 1644 1755 quii

377 1764 420 1785 ex
444 1755 545 1785 causa
579 1752 612 1785 id
638 1754 761 1786 factum
785 1754 852 1792 sit,
889 1754 1004 1798 utique
1027 1755 1200 1787 incertum.
1256 1755 1295 1786 In
1329 1754 1396 1786 alia
1427 1755 1537 1788 omnia
1572 1757 1646 1790 abit

378 1797 510 1830 Burnes
535 1798 702 1839 (Travels
729 1799 763 1831 in
787 1804 822 1831 to
846 1800 1005 1833 Bokhara
1028 1799 1072 1832 Τ.
1107 1799 1138 1831 11
1172 1810 1207 1842 p.
1232 1799 1337 1841 187),
1370 1801 1428 1842 qui
1463 1811 1505 1833 ex
1529 1806 1645 1835 terrae

375 1842 464 1875 illius
490 1842 620 1876 ratione
642 1844 698 1876 vix
721 1844 796 1877 fieri
820 1844 969 1889 potuisse
992 1846 1127 1885 censet,
1162 1849 1202 1877 ut
1225 1844 1293 1877 Oxi
1316 1844 1487 1878 brachium
1510 1846 1644 1891 aliquod

373 1888 577 1922 occidentem
602 1900 718 1922 versus
755 1890 798 1922 ad
832 1901 924 1923 mare
948 1890 1105 1934 Caspium
1137 1900 1279 1933 unquam
1312 1889 1461 1924 fluxerit.
1517 1892 1644 1928 Famae

378 1945 496 1967 ansam
520 1934 653 1967 dedisse
677 1939 774 1979 putat
796 1935 929 1969 canales
953 1935 1111 1979 quosdam
1135 1946 1221 1968 nunc
1243 1935 1434 1969 derelictos.

158 1987 237 2021 pag.
262 1977 329 2013 457
353 1984 422 2012 not.
447 1979 536 2024 ***).
587 1980 671 2013 Add.
699 1981 867 2016 Welcker.
899 1981 934 2015 in
959 1981 1046 2014 Mus.
1074 1982 1224 2014 Rhenau.
1257 1981 1299 2025 Ι,
1330 1982 1353 2015 3
1376 1992 1455 2026 pag.
1478 1982 1546 2018 394
1567 1995 1641 2030 seq.

158 2032 234 2065 pag.
259 2023 326 2057 485
351 2030 421 2059 not.
448 2025 494 2067 ³⁴²).
543 2025 652 2058 Add.:
677 2030 712 2059 et
736 2026 865 2059 LXVII
888 2038 966 2071 pag.
990 2028 1035 2061 23
1057 2032 1128 2060 not.

158 2079 237 2112 pag.
263 2069 330 2105 524
352 2075 422 2104 not.
454 2071 527 2113 **).
582 2072 798 2105 Herodoteae
822 2072 1006 2106 narrationi
1040 2073 1082 2105 de
1116 2072 1222 2117 Lydis
1253 2072 1284 2105 in
1319 2072 1492 2108 Etruriam
1526 2076 1642 2118 profe-

377 2116 441 2149 ctis
474 2117 609 2160 cgregie
633 2128 739 2161 nuper
761 2118 993 2162 patrocinatus
1024 2123 1078 2151 est
1100 2119 1188 2152 Gell.
1213 2119 1441 2163 Topography
1475 2121 1512 2154 of
1542 2121 1637 2156 Rom.

377 2162 442 2195 and
485 2162 528 2211 its
560 2162 698 2206 vicinity
733 2163 748 2196 Ι
784 2174 861 2208 pag.
895 2165 972 2198 359.
1034 2164 1089 2197 Tu
1124 2166 1210 2197 cons.
1240 2176 1373 2210 quoque
1404 2165 1560 2211 Kaempf.
1605 2167 1639 2200 in

374 2207 546 2240 Umbricc.
570 2208 715 2253 Specim.
740 2209 757 2242 1
780 2221 858 2254 pag.
885 2208 941 2252 41,
964 2209 1017 2243 cui
1041 2209 1080 2243 C.
1106 2210 1149 2244 O.
1175 2211 1310 2244 Miilleri
1333 2212 1498 2245 sententia
1521 2212 1563 2246 de
1587 2212 1640 2247 his

399 2255 547 2286 robatur.

157 2307 235 2340 pag.
260 2298 327 2332 537
351 2264 420 2332 nis't.
444 2298 483 2341 *)
509 2299 564 2332 lin.
593 2300 623 2332 1.
649 2302 727 2332 ante
751 2299 881 2334 Ncuros
904 2300 983 2334 add.
1008 2302 1077 2344 qui.

158 2353 235 2386 pag.
258 2343 325 2378 538
357 2348 425 2378 not.
460 2345 509 2387 *).
567 2345 666 2378 Cous.
696 2344 795 2379 etiam
826 2346 1005 2390 Gottingg.
1041 2345 1200 2390 Anzcigg.
1238 2348 1326 2382 1830
1348 2359 1425 2391 pag.
1454 2348 1550 2389 1417,
1575 2349 1638 2383 ubi

371 2401 412 2423 ex
439 2389 615 2430 Cailliaud,
641 2391 734 2423 Galli
760 2392 1037 2436 peregrinatoris,
1063 2393 1257 2426 narratione
1282 2393 1449 2433 discimus,
1473 2394 1505 2426 in
1529 2395 1636 2428 Tom-

371 2436 476 2468 buctu
501 2435 636 2479 regione
660 2436 838 2470 etiamnum
873 2449 944 2470 eam
969 2438 1123 2473 obtinere
1153 2440 1293 2483 saulam,
1328 2451 1395 2484 qua
1418 2439 1555 2475 fluvium
1579 2440 1637 2474 Io·-

371 2481 441 2516 liba
464 2491 536 2516 cum
563 2482 641 2517 Nilo
665 2483 821 2528 coniungi
845 2489 1017 2528 putarent.

1434 2765 1628 2819 wichtigo
