1996 3238
515 240 572 281 54

917 238 1376 275 HERODOTI

385 352 450 396 41
520 348 629 403 πρὸς
658 344 740 400 τήν
770 347 1012 401 Σαλαμῖνα.
1060 348 1112 389 Οἱ
1151 346 1229 403 μὲν
1260 348 1312 403 δὴ
1344 346 1468 391 ἄλλοι
1497 344 1703 401 κατέσχον
1734 347 1775 397 ἐς

191 417 334 442 Desertae
353 415 443 442 Athe-

190 458 255 481 nae,
283 450 466 484 paucissimis

189 483 351 509 incolarum
370 491 466 509 remai-

189 515 328 544 nentibus
345 517 466 552 [c.5l.].

521 415 599 471 τήν
629 417 878 468 Σαλαμῖνα,
906 411 1132 469 Ἀθηναῖοι
1164 415 1209 458 ὸὲ
1240 415 1281 464 ἐς
1313 414 1391 469 τὴν
1423 415 1608 458 ἑωυτῶν.

524 481 570 525 δὲ
599 480 679 536 τήν
710 478 873 533 ἄπιξιν,
911 481 1111 536 κήρυγμα
1141 480 1398 536 ἐποιήσαντο
1430 483 1694 539 ,,Ἀθηναίων
1724 484 1776 537 τῇ

1669 413 1774 468 μετὰ

517 565 607 601 „vis
630 547 824 599 δύναται,
845 546 995 600 σώζειν
1024 549 1075 591 τὰ
1106 549 1233 592 τέκνα
1254 565 1297 591 τε
1326 551 1397 592 καὶ
1426 551 1529 601 τούς
1561 550 1774 600 οἰκέτας.“

488 617 734 660 ΞἘνθαῦτοι
773 618 816 658 οἱ
844 615 921 670 μὲν
950 621 1140 660 πλεῖστοι
1182 617 1224 665 ἐς
1259 620 1471 672 Τροιζῆνα
1501 617 1827 668 &aemulam-30

515 687 560 730 οἱ
585 686 630 729 δὲ
661 686 703 738 ἐς
727 687 931 741 Αἴγιναν,
967 686 1010 727 οἱ
1041 684 1084 727 δὲ
1112 684 1153 734 ἐς
1183 688 1426 740 Σαλαμῖνα.

1485 686 1698 728 ἔσπευσαν
1729 685 1774 728 δὲ

514 756 652 797 ταῦτα
702 752 996 802 ὑπεκθέσθαι,
1046 754 1107 807 τῷ
1151 755 1395 810 χρηστηρίῳ
1434 769 1476 796 τε
1515 753 1775 809 βουλόμενοι

517 819 792 877 ὑπηρετέειν,
842 820 916 863 καὶ
954 818 1006 875 δὴ
1035 820 1108 862 καὶ
1151 822 1280 862 τοῦδε
1311 821 1454 862 εἵνεκα
1485 819 1567 863 οὐκ
1599 821 1774 877 ἥκιστα·

520 889 696 944 λέγουσι
725 891 768 933 οἱ
792 887 1029 945 Ἀθηναῖοι,
1052 887 1158 944 ὅφιν
1176 886 1313 945 μέγαν
1341 886 1517 943 φύλακα
1546 893 1618 944 τῆς
1648 887 1779 943 οἷκρο-

466 1091 504 1120 et
568 1082 762 1122 Bekkero.
850 1085 914 1122 Sic
969 1097 1124 1136 quoque

467 1136 572 1179 οὕτω
592 1138 640 1191 δὴ
663 1143 761 1189 VIII,
782 1144 850 1183 23.
873 1145 940 1182 31.
961 1142 1125 1185 coll.IIl‚

467 1199 522 1237 52
535 1204 616 1234 not.
639 1199 717 1246 VII,
742 1198 832 1239 174.

687 1287 781 1338 cap.
802 1288 906 1329 XLI.

522 1359 763 1416 Ἀθηναίων
791 1368 842 1420 τῇ
867 1381 924 1413 τις
947 1361 1127 1413 δύναται,

469 1414 609 1466 σώζειν
643 1419 691 1460 τοὶ
722 1422 839 1461 τέκνα
867 1437 906 1461 τε
941 1421 1008 1461 καὶ
1034 1419 1127 1468 τούς

469 1475 657 1528 οἰκέτας]
706 1481 912 1516 Decretum
943 1480 1016 1516 tale
1035 1486 1125 1527 erat,

469 1539 512 1569 ut
533 1546 608 1584 quo
629 1535 715 1572 loco
725 1537 884 1588 quisque
895 1537 1127 1573 suosliberos

469 1588 732 1643 familiamque
789 1594 931 1642 optime
979 1605 1127 1629 servare

467 1653 605 1696 posset,
645 1649 685 1684 in
715 1662 759 1685 eo
781 1649 997 1685 collocaret.
1055 1649 1128 1693 Qui

469 1703 596 1750 enim,
648 1705 826 1742 facultate
862 1706 1012 1756 publice
1048 1718 1128 1741 non

469 1759 665 1809 concessit,
699 1763 858 1812 periculi
894 1763 1128 1798 imminentis

468 1820 642 1865 tempore
681 1820 843 1869 patriam
890 1819 1130 1869 reliquissent

471 1871 706 1910 familiamve
745 1876 1036 1923 subtraxissent,
1067 1888 1130 1910 eos

472 1927 712 1978 proditorum
746 1932 829 1968 loco
860 1929 1022 1978 habitos,
1067 1932 1133 1982 qui

475 1985 619 2021 crimen
641 1987 790 2036 publica
813 1987 938 2038 poena
961 1989 1133 2038 plecten-

475 2038 570 2077 dum
619 2045 905 2090 commisissent,
961 2043 1131 2081 indicant

475 2108 574 2147 quae
594 2099 804 2137 Lare-herus
824 2100 871 2137 ad
892 2099 931 2140 h.
951 2100 977 2136 l.
996 2107 1131 2151 protu-

474 2153 519 2189 lit
539 2167 587 2190 ex
606 2156 770 2206 Lycurg.
792 2158 829 2192 in
850 2159 1021 2194 Leocrat.
1043 2170 1132 2207 pog-

479 2207 570 2256 154,
594 2213 641 2250 31
663 2212 716 2262 [p.
743 2216 819 2253 177
840 2214 903 2262 R.]
943 2212 1132 2250 Aeschine

477 2273 596 2302 contr.
630 2267 862 2318 Ctesiphout.
884 2282 969 2320 pag.
992 2269 1071 2310 468
1092 2271 1134 2308 F·

478 2321 544 2369 [ᾗ.
565 2324 661 2371 86].
704 2327 761 2361 De
791 2326 1030 2373 Troezeniis,
1067 2327 1134 2376 qui

478 2379 621 2427 optime
636 2378 886 2420 Athenienses
902 2383 1134 2431 exceperint,

477 2433 582 2470 idem
613 2437 759 2474 confert
797 2437 990 2475 Plutarch.
1024 2436 1134 2474 The-

479 2491 640 2529 mistocl.
672 2506 754 2545 cap.
779 2497 842 2535 11.
866 2517 913 2523 —
942 2493 1003 2531 Ad
1024 2507 1135 2531 voces

478 2544 526 2584 τοέ
547 2547 664 2587 τέκνα
694 2565 734 2590 τε
765 2550 830 2590 καὶ
855 2548 950 2597 τούς
983 2549 1136 2596 οἰκέτας

481 2603 583 2639 conf.
614 2613 710 2643 nott.
746 2607 794 2644 ad
825 2609 921 2657 VIII,
951 2605 988 2655 4,
1029 2614 1066 2643 et
1087 2606 1136 2644 ad

480 2660 642 2696 verbum
668 2658 898 2703 (ἐπέστειλαν
927 2664 1050 2714 suppl.
1086 2660 1134 2702 τοὶ

481 2713 598 2754 τέκνα
627 2732 667 2756 τε
694 2718 760 2757 καὶ
784 2717 879 2767 τούς
902 2719 1066 2766 οἰκέτας.
1084 2743 1134 2749 --

482 2773 614 2810 Verbis
635 2774 676 2812 οἱ
693 2772 734 2813 ὸὲ
757 2775 796 2822 ἐς
812 2780 1018 2828 Σαλαμῖνα
1041 2777 1137 2813 bene

483 2830 600 2867 utitur
632 2831 803 2883 Lessing.
851 2835 924 2874 Vir.
955 2832 1138 2885 Sopliocl,

1182 1084 1247 1129 (T.
1265 1083 1360 1119 xlx
1384 1097 1421 1133 p.
1445 1081 1525 1123 245
1548 1082 1607 1120 ed.
1631 1082 1838 1133 Carlsruli.)

1183 1153 1204 1177 a
1249 1140 1280 1175 C
1292 1153 1321 1180 r,
1356 1139 1543 1186 laudatus,
1585 1142 1721 1192 quibus
1759 1142 1840 1177 scil.

1182 1197 1370 1247 probaret,
1394 1195 1625 1246 Sophoclem
1643 1210 1803 1247 puerum
1819 1210 1841 1233 a

1182 1253 1401 1304 parentibus
1422 1255 1628 1290 securitatis
1649 1267 1759 1290 causa
1773 1253 1842 1290 de-

1182 1311 1303 1346 latum
1324 1310 1436 1346 fuisse
1462 1311 1500 1346 in
1523 1311 1760 1347 Salaminem
1781 1312 1842 1347 iu·-

1183 1367 1320 1403 sulam.

1242 1421 1434 1460 ἔσπευσαν
1465 1419 1527 1471 δὲ]
1571 1424 1646 1459 Pro
1668 1423 1770 1472 vulg.
1793 1420 1844 1473 δή

1185 1477 1364 1530 equidem
1399 1491 1488 1514 cum
1515 1485 1673 1516 recentt.
1709 1479 1843 1517 lubens

1184 1536 1310 1585 recepi
1332 1532 1386 1581 δὲ,
1410 1534 1514 1586 quod
1543 1535 1782 1572 Florentinus
1799 1535 1846 1571 li·-

1184 1593 1252 1628 ber
1272 1604 1361 1628 cum
1378 1591 1568 1628 Sancrofti
1587 1593 1683 1629 libro
1693 1592 1845 1643 alloque

1184 1649 1355 1684 Parisino
1376 1648 1622 1697 praebebant.
1671 1647 1734 1684 Ad
1755 1661 1847 1685 ver-

1184 1705 1279 1742 bum
1299 1702 1554 1744 ύπεκθέοθαι
1584 1705 1687 1742 conf.
1704 1705 1803 1753 VIII,
1819 1704 1846 1745 4-

1185 1768 1223 1798 et
1236 1762 1281 1808 V,
1304 1760 1367 1800 65.

1243 1819 1298 1872 τῷ
1322 1816 1543 1868 χρηστηρίῳ
1576 1831 1618 1856 τε
1653 1813 1848 1869 βουλόμε-

1187 1888 1252 1913 νοι
1274 1871 1524 1924 ὑπηρετέειν]
1547 1875 1591 1910 In
1612 1887 1688 1911 una
1707 1874 1848 1912 Aldina

1188 1937 1273 1981 post
1292 1944 1332 1968 τε
1352 1931 1488 1966 inserta
1509 1931 1688 1980 leguntur
1702 1932 1817 1969 verba
1833 1943 1845 1970 ε

1189 1985 1424 2036 πειθόμενοι
1448 1985 1526 2029 καὶ,
1552 2000 1600 2023 ex
1620 1989 1847 2038 interpreta-

1189 2050 1334 2087 mento,
1356 2043 1503 2092 opinor.
1533 2045 1698 2094 Respicit
1718 2052 1847 2082 autem

1186 2101 1321 2136 Noster
1341 2098 1390 2134 ad
1412 2101 1610 2136 oraculum
1640 2101 1721 2147 VII,
1768 2099 1842 2142 141

1189 2154 1323 2195 —143
1346 2155 1515 2192 allatum.
1562 2158 1655 2193 Mox
1676 2169 1764 2193 cum
1784 2170 1846 2193 re-

1189 2219 1306 2252 centt.
1327 2210 1416 2248 dedi
1437 2213 1647 2249 elibrorum
1661 2213 1738 2249 sere
1750 2226 1845 2250 cou-

1188 2279 1322 2306 sensu:
1382 2268 1505 2306 τοῦδ
1524 2282 1540 2307 ε
1589 2269 1740 2317 εἵνεκα,
1781 2270 1847 2307 ubi

1190 2323 1416 2362 Sohaeserus
1446 2324 1602 2362 dederat
1629 2328 1719 2365 τοῦ
1751 2326 1848 2366 εἵνε-

1188 2396 1252 2420 κα.
1312 2382 1412 2417 Olim
1440 2377 1526 2420 τού
1545 2396 1595 2421 το
1611 2397 1636 2420 υ
1659 2381 1803 2421 εἵνεκα.

1246 2433 1345 2486 ὅφιν
1373 2435 1494 2489 μέγαν
1525 2434 1687 2487 φύλακα
1712 2442 1782 2488 τῆς
1801 2434 1846 2477 α’-

1189 2489 1403 2544 κροπόλιος
1427 2509 1462 2532 κ.
1490 2508 1521 2532 τ.
1548 2492 1602 2546 L]
1635 2493 1847 2531 Athenien-

1190 2564 1247 2587 ses
1268 2551 1306 2585 in
1326 2563 1410 2586 arce
1422 2554 1606 2600 serpentem
1625 2552 1703 2588 sive
1726 2558 1765 2588 ut
1783 2551 1846 2587 alii

1190 2613 1330 2644 vocant
1368 2606 1550 2644 draconem
1581 2608 1744 2656 alebant,
1781 2620 1846 2644 sa*

1193 2676 1300 2700 crum
1329 2664 1521 2700 Minervae
1556 2665 1697 2701 animal
1716 2671 1844 2701 custo-

1194 2719 1359 2772 demque
1387 2717 1476 2767 (τόν
1495 2717 1700 2771 οἰκουρόν)
1729 2722 1844 2772 ipsius

1194 2778 1301 2816 arcis.
1363 2775 1444 2813 Vid.
1469 2775 1632 2828 llesych.
1654 2791 1683 2814 s.
1701 2791 1734 2816 v.
1753 2778 1789 2814 11
1810 2791 1848 2828 p.

1195 2835 1289 2874 726,
1347 2831 1537 2884 Aristopli.
1565 2835 1722 2886 Lysistr.
1754 2835 1850 2875 760.

1837 822 1916 861 638

1988 774 1992 820 l
