1879 3222
281 201 365 241 3⁸⁸
406 189 411 191 ’
824 197 1202 237 οοΜΜΕΝΤΑΤιο

284 311 474 350 coloniam
502 308 706 348 deductam
736 317 772 348 et
799 311 952 362 scriptos
973 317 1009 348 et
1036 324 1104 362 per
1125 311 1359 348 recitationes
1380 311 1531 348 Graecis
1551 312 1756 352 innotuisse

284 369 484 414 censuerit,
523 366 639 404 modo
660 381 709 404 ne
736 367 918 416 eandem,
961 367 1036 419 quai
1057 381 1158 405 nunc
1185 369 1380 417 leguntur,
1402 370 1564 404 sormam
1580 370 1655 405 iam
1676 377 1756 407 tum

281 423 454 461 habuisse
474 423 689 461 contendat.
746 426 878 476 Neque
911 425 1107 475 Olympiae
1128 426 1298 461 recitasse
1330 438 1466 474 negem
1488 437 1601 471 eum,
1641 439 1757 477 quem

282 487 319 517 et
344 478 545 517 Corinthiis
565 486 600 516 et
619 479 813 518 Thebanis
834 480 1004 517 historias
1020 493 1104 516 suas
1124 480 1333 517 venditasse
1353 482 1542 531 legamus,
1573 481 1675 532 quod
1696 489 1756 518 ta-

279 549 371 573 men
385 537 416 573 si
435 538 511 572 iam
527 537 676 587 Olymp.
695 539 859 574 LXXXI
880 538 1021 573 lactum
1037 542 1114 583 est,
1141 550 1296 586 parvam
1317 544 1465 574 tantum
1494 539 1606 574 totius
1634 539 1756 588 operis

280 600 428 643 partem
457 591 779 643 comprehendere
806 595 969 643 potuisse
999 599 1099 628 recte
1127 594 1286 643 Heysius
1316 594 1522 641 intellexit,
1563 594 1623 630 cni
1658 607 1756 645 quae

278 651 454 699 laegerus
473 662 595 699 nuper
612 651 786 699 opposuit
806 651 859 700 (p.
876 650 967 697 1⁶2):
997 661 1074 684 non
1101 649 1170 684 nisi
1192 650 1341 699 reliquis
1363 651 1554 686 itineribus
1577 651 1756 687 confectis

279 704 493 756 magnaque
512 718 638 741 rerum
658 706 766 756 copi&
789 705 946 742 collecta
974 711 1092 740 totam
1114 706 1234 754 operis
1256 706 1438 741 rationem
1456 735 1464 752 ,
1486 705 1587 741 unde
1609 707 1756 756 singula

278 760 488 812 pendeant,
519 759 702 798 Herodoti
722 763 848 798 animo
870 761 1057 810 designari
1077 762 1260 810 potuisse3
1292 774 1410 811 quum
1426 761 1472 797 ad
1488 762 1650 798 formam
1669 770 1755 799 tan—-

278 824 363 856 tum
382 819 502 869 operis
521 824 714 869 spectent,
744 830 871 855 rerum
891 818 1058 868 ipsarum
1079 818 1336 854 recitationem
1356 830 1434 854 non
1455 819 1712 856 convellunt.“

957 942 995 987 ὅ.
1035 942 1075 982 6.

390 1042 495 1087 Quae
515 1048 707 1092 praeterea
727 1041 921 1079 Herodoto
939 1041 1142 1080 acciderint
1163 1048 1199 1079 et
1219 1042 1338 1094 qualis
1358 1041 1470 1078 fuerit
1495 1042 1593 1079 vitae
1613 1055 1754 1091 cursus,

278 1111 328 1135 ex
349 1111 424 1150 quo
444 1097 609 1135 Thurios
630 1106 801 1147 cesserat,
832 1100 943 1150 plane
962 1101 1203 1150 ignoramus,
1248 1112 1336 1135 cum
1356 1097 1451 1134 nihil
1474 1099 1683 1150 quidquam
1707 1099 1755 1136 de

277 1153 335 1191 his
363 1155 452 1191 alibi
478 1154 657 1192 traditum
678 1163 798 1192 exstet
827 1163 862 1192 et
882 1169 1003 1206 pauca
1028 1163 1176 1192 tantum
1198 1168 1246 1190 ex
1266 1157 1379 1205 ipsius
1399 1154 1582 1192 Herodoti
1611 1157 1756 1206 scriptis

278 1210 495 1248 coniectura
524 1213 647 1263 potius
679 1213 825 1264 assequi
855 1213 977 1249 liceat.
1036 1213 1108 1257 Qui
1133 1225 1252 1263 quum
1283 1212 1478 1248 occasione
1501 1213 1625 1248 oblata
1655 1225 1756 1249 non-

276 1268 381 1303 nulla
402 1267 545 1315 tradat,
567 1281 664 1320 quae
694 1268 742 1305 ad
762 1270 900 1306 seriora
915 1269 1128 1319 pertineant
1147 1276 1341 1318 tempora,
1383 1267 1472 1304 inde
1500 1269 1754 1320 consequitur,

278 1336 323 1360 eo
343 1337 464 1375 usque
484 1325 592 1361 illum
614 1325 825 1362 extendisse
844 1326 975 1362 vitam.
1032 1327 1164 1377 Itaque
1190 1324 1265 1361 duo
1286 1325 1521 1375 potissimum
1554 1332 1642 1362 sunt
1667 1325 1754 1372 Ioci,

278 1380 413 1431 quibus
433 1381 583 1431 probari
604 1394 711 1431 posse
732 1388 867 1432 putant
888 1380 1124 1418 Herodotum
1136 1394 1255 1432 usque
1276 1380 1323 1417 ad
1344 1394 1488 1417 annum
1508 1381 1588 1421 408
1611 1393 1642 1418 a.
1662 1379 1755 1422 Chr,

277 1449 317 1473 n.
334 1449 370 1473 ·s.
395 1437 548 1488 Olymp.
563 1438 699 1487 XCIII,
723 1441 742 1477 1
770 1439 888 1476 vitam
909 1437 1152 1489 perduxisse:
1181 1436 1311 1485 111,15
1332 1444 1368 1473 et
1387 1438 1417 1482 I,
1440 1440 1538 1478 130:
1572 1449 1665 1488 quos
1679 1449 1756 1474 una

277 1505 366 1529 cum
387 1493 465 1530 aliis
484 1494 693 1545 iamsupra
714 1495 750 1540 ξ.
772 1492 797 1533 4
819 1495 1025 1544 attigimus.
1081 1497 1215 1546 Neque
1246 1506 1335 1530 vero
1364 1492 1754 1544 praetermittendum,

276 1549 437 1586 alterum
462 1551 590 1587 Iocum
609 1552 639 1598 I,
664 1553 741 1591 130
760 1553 945 1601 Kriigero,
974 1558 1017 1588 ut
1042 1551 1119 1587 iam
1138 1552 1178 1587 in
1195 1551 1437 1587 annotatione
1459 1548 1506 1586 ad
1530 1548 1570 1587 h.
1589 1551 1616 1587 l.
1637 1550 1755 1587 Tom-

275 1605 295 1641 Ι
313 1618 352 1655 p.
376 1607 456 1645 306
478 1605 642 1643 indicavi
672 1606 754 1655 (ubi
787 1606 884 1643 adde
903 1609 950 1644 sis
971 1608 1017 1644 ab
1039 1607 1175 1644 eodem
1197 1609 1368 1656 Kriigero
1389 1606 1575 1656 disputata
1594 1607 1634 1642 in
1657 1607 1754 1642 libro

276 1659 325 1697 de
343 1662 418 1698 vita
438 1660 675 1712 Thucydidis
694 1675 732 1712 p.
750 1664 802 1701 26
816 1676 895 1713 seq.
916 1665 970 1702 29
988 1665 1101 1714 seq.),
1129 1664 1324 1712 posteriori
1353 1669 1474 1699 aetate
1494 1663 1676 1699 insertum
1694 1663 1755 1699 vi-

276 1715 377 1762 deri,
405 1717 476 1752 nisi
495 1716 542 1754 ad
563 1718 686 1768 priora
706 1719 810 1753 Darii
829 1720 1021 1769 Hystaspis
1042 1726 1211 1768 tempora
1229 1719 1428 1755 reseratur:
1473 1717 1520 1754 de
1545 1731 1621 1769 quo
1643 1719 1754 1770 equi-

275 1771 366 1809 dem
385 1771 495 1809 valde
514 1772 660 1810 dubito.
717 1774 815 1819 Quin
832 1775 991 1810 alterum
1012 1787 1165 1826 quoque
1185 1775 1312 1811 locum
1332 1776 1396 1821 111,
1417 1773 1465 1814 15
1487 1773 1554 1823 (ad
1569 1787 1683 1826 quem
1705 1774 1752 1812 cf.

274 1835 370 1866 nott.
392 1829 442 1866 T.
461 1830 497 1865 H
515 1843 553 1880 p.
574 1831 639 1869 28.
660 1831 729 1878 29)
758 1828 834 1866 huo
867 1830 992 1867 afferri
1024 1844 1131 1881 posse
1156 1830 1259 1867 idem
1279 1837 1414 1879 negat,
1463 1843 1583 1881 quum
1613 1831 1679 1882 qui
1701 1831 1754 1868 ibi

277 1883 426 1921 dicatur
453 1885 705 1936 Amyrtaeusr,
744 1884 911 1923 diversus
937 1888 1000 1923 ille
1022 1886 1176 1938 quidem
1210 1887 1256 1922 ab
1287 1887 1501 1923 EusebIano
1531 1888 1753 1938 Amyrtaeo,

274 1940 377 1977 idem
392 1941 448 1988 sit,
466 1943 531 1993 qui
551 1942 825 1993 quinquaginta
847 1949 934 1979 ante
954 1945 1061 1980 annis
1086 1956 1175 1980 cum
1202 1945 1313 1979 Inaro
1334 1943 1527 1993 Aegyptiis
1551 1943 1754 1981 rebellibus

273 1997 487 2047 praefuerit.
543 1999 636 2035 Utut
661 2001 791 2035 statuis
807 2028 816 2046 ,
847 1999 936 2035 beili
964 2000 1279 2049 Peloponnesiaci
1312 2000 1413 2035 mala
1447 2006 1484 2035 et
1522 2000 1753 2037 calamitates

272 2052 511 2090 Herodotum
531 2053 666 2091 vidisse
684 2055 846 2105 probant
868 2056 931 2103 VI,
944 2057 997 2096 98
1020 2057 1107 2092 coll.
1130 2057 1210 2103 VII,
1227 2058 1303 2096 137
1319 2056 1410 2107 ibiq.
1431 2061 1527 2093 nott.
1546 2069 1617 2093 nec
1638 2055 1752 2108 quid-

273 2122 390 2161 quam
409 2123 498 2147 sane
519 2110 660 2158 obstat,
691 2112 894 2162 quominus
919 2110 966 2148 ad
986 2111 1102 2148 finem
1123 2110 1278 2149 huiusce
1298 2112 1386 2148 belli
1415 2124 1535 2163 usque
1574 2111 1752 2150 Herodo-

272 2171 354 2202 tum
374 2167 511 2203 vixisse
531 2166 749 2215 credamus3
781 2169 847 2220 qui
868 2181 943 2220 quo
965 2181 1064 2205 anno
1085 2169 1242 2215 obierit,
1272 2169 1446 2218 nuspiam
1470 2166 1649 2216 traditur3
1677 2182 1750 2206 nec

271 2222 392 2272 magis
421 2221 600 2260 traditum
636 2224 829 2271 invenias,
877 2223 968 2276 quid
998 2238 1064 2275 per
1091 2224 1184 2261 illud
1204 2226 1382 2274 temporis
1401 2224 1575 2274 spatium,
1605 2238 1654 2262 ex
1673 2237 1749 2276 quo

271 2277 438 2315 Thurios
454 2278 636 2327 discessit,
665 2292 786 2331 usque
807 2279 854 2316 ad
884 2282 1029 2317 obitum
1049 2283 1222 2330 gesserit3
1258 2281 1452 2330 expletum
1487 2287 1587 2317 certe
1619 2280 1749 2318 credas

271 2334 358 2371 licet
377 2342 459 2371 tum
478 2333 719 2373 historiarum
739 2349 852 2386 opere
872 2337 910 2372 in
931 2336 1104 2373 ordinem
1131 2335 1358 2386 redigendo,
1411 2335 1662 2387 perficiendo,
1698 2338 1749 2373 li-

272 2390 427 2439 mando,
446 2398 528 2428 tum
538 2392 730 2429 itineribus
751 2406 819 2443 per
834 2393 1030 2430 Graeciam
1052 2405 1233 2442 magnam
1246 2393 1503 2444 Siciliamque,
1523 2394 1613 2444 quin
1627 2394 1747 2443 ipsam

272 2459 339 2495 per
366 2448 564 2484 Graeciam
594 2446 648 2499 (si
678 2455 778 2485 recte
805 2461 918 2499 supra
947 2449 1168 2497 statuimus)
1202 2449 1319 2486 factis.
1384 2450 1462 2485 Nec
1494 2448 1628 2486 desunt
1654 2461 1746 2485 sane

272 2502 365 2548 locI,
397 2516 490 2555 quos
518 2505 557 2540 in
578 2505 682 2541 Italia
703 2506 929 2556 conscriptos
945 2518 1023 2542 esse
1048 2504 1205 2542 dubium
1231 2506 1295 2542 vix
1316 2511 1389 2542 est:
1425 2506 1488 2553 IV,
1510 2503 1562 2544 46
1583 2504 1653 2540 coll
1680 2505 1745 2547 15,

271 2558 334 2603 IV,
352 2559 415 2597 99.
443 2561 486 2606 V,
503 2559 556 2599 44
575 2561 703 2612 ibique
731 2568 810 2598 not.
860 2562 907 2598 Et
926 2562 1075 2611 longius
1094 2563 1272 2599 Nostrum
1292 2560 1446 2598 Thuriis
1468 2567 1744 2598 commoratum

275 2626 352 2650 esse
362 2615 420 2650 vel
428 2615 514 2652 inde
525 2617 607 2668 quis
619 2616 886 2671 colligat,quod
897 2630 918 2654 a
930 2617 1156 2670 quibusdam
1165 2618 1310 2656 serioris
1321 2618 1448 2654 aetatis
1455 2613 1743 2668 scriptoribus&

365 2742 402 2800 *),
426 2743 484 2797 ⁸1³⁰
506 2744 629 2780 Strabo
654 2747 746 2789 XIV,
770 2750 792 2783 2
815 2759 847 2802 p.
873 2748 938 2783 656
961 2759 987 2783 s.
1014 2750 1081 2784 970
1104 2751 1140 2782 Α.
1171 2745 1369 2801 ᾙρόδοτος
1397 2741 1441 2800 δη
1466 2742 1621 2789 ὕστερον
1644 2745 1740 2781 Θού-

274 2800 356 2831 ριον
382 2791 566 2824 εκαλεσαν.
612 2792 832 2828 Add.1uham
855 2794 967 2839 Epist.
985 2796 1030 2829 22
1052 2794 1124 2829 init.
1148 2794 1266 2828 Avien.
1287 2804 1336 2827 or.
1359 2795 1468 2826 mant.
1489 2794 1545 2827 49.
1569 2793 1741 2831 Plutarch.
