<?xml version="1.0" encoding="UTF-8"?>
<!DOCTYPE html PUBLIC "-//W3C//DTD XHTML 1.0 Transitional//EN"
    "http://www.w3.org/TR/xhtml1/DTD/xhtml1-transitional.dtd">
<html xmlns="http://www.w3.org/1999/xhtml" xml:lang="en" lang="en">
 <head>
  <title>
</title>
<meta http-equiv="Content-Type" content="text/html;charset=utf-8" />
  <meta name='ocr-system' content='tesseract 3.04.00' />
  <meta name='ocr-capabilities' content='ocr_page ocr_carea ocr_par ocr_line ocrx_word'/>
</head>
<body>
  <div class='ocr_page' id='page_1' title='image "./musaeherodoto04hero/musaeherodoto04hero_0123.png"; bbox 0 0 1996 3238; ppageno 0'>
   <div class='ocr_carea' id='block_1_1' title="bbox 515 241 1420 281">
    <p class='ocr_par' dir='ltr' id='par_1_1' title="bbox 515 241 1420 281">
     <span class='ocr_line' id='line_1_1' title="bbox 515 241 1420 281; baseline -0.002 0"><span class='ocrx_word' id='word_1_1' title='bbox 515 243 866 281; x_wconf 79' lang='lat' dir='ltr'><strong>URANIA.</strong></span> <span class='ocrx_word' id='word_1_2' title='bbox 935 242 1067 279; x_wconf 86' lang='lat' dir='ltr'><strong>VIII.</strong></span> <span class='ocrx_word' id='word_1_3' title='bbox 1336 241 1420 279; x_wconf 76' lang='lat'><strong>113</strong></span> 
     </span>
    </p>
   </div>
   <div class='ocr_carea' id='block_1_2' title="bbox 25 348 1756 951">
    <p class='ocr_par' dir='ltr' id='par_1_2' title="bbox 159 348 1424 475">
     <span class='ocr_line' id='line_1_2' title="bbox 159 348 1422 408; baseline -0.006 -8"><span class='ocrx_word' id='word_1_4' title='bbox 159 355 205 400; x_wconf 76' lang='grc' dir='ltr'><strong>δὲ</strong></span> <span class='ocrx_word' id='word_1_5' title='bbox 237 351 356 405; x_wconf 82' lang='grc' dir='ltr'><em>αὖτις</em></span> <span class='ocrx_word' id='word_1_6' title='bbox 384 353 545 408; x_wconf 77' lang='grc' dir='ltr'><em>ἐγίνετο</em></span> <span class='ocrx_word' id='word_1_7' title='bbox 576 349 720 406; x_wconf 81' lang='grc' dir='ltr'><em>λόγων</em></span> <span class='ocrx_word' id='word_1_8' title='bbox 759 348 1049 405; x_wconf 75' lang='grc' dir='ltr'><em>ἀμφισβασίη·</em></span> <span class='ocrx_word' id='word_1_9' title='bbox 1091 350 1134 393; x_wconf 89' lang='grc' dir='ltr'><strong>οἷ</strong></span> <span class='ocrx_word' id='word_1_10' title='bbox 1172 349 1256 405; x_wconf 72' lang='grc' dir='ltr'><strong>γὰρ</strong></span> <span class='ocrx_word' id='word_1_11' title='bbox 1294 351 1422 392; x_wconf 82' lang='grc' dir='ltr'><em>πλεῦ-</em></span> 
     </span>
     <span class='ocr_line' id='line_1_3' title="bbox 160 415 1424 475; baseline -0.007 -8"><span class='ocrx_word' id='word_1_12' title='bbox 160 440 232 475; x_wconf 82' lang='grc' dir='ltr'><strong>νες</strong></span> <span class='ocrx_word' id='word_1_13' title='bbox 259 426 346 466; x_wconf 80' lang='grc' dir='ltr'><strong>τῶν</strong></span> <span class='ocrx_word' id='word_1_14' title='bbox 375 423 628 474; x_wconf 78' lang='grc' dir='ltr'><em>στρατηγῶν</em></span> <span class='ocrx_word' id='word_1_15' title='bbox 659 417 741 462; x_wconf 83' lang='grc' dir='ltr'><strong>οὐκ</strong></span> <span class='ocrx_word' id='word_1_16' title='bbox 771 418 1001 461; x_wconf 80' lang='grc' dir='ltr'><em>ἐπείθοντο</em></span> <span class='ocrx_word' id='word_1_17' title='bbox 1021 415 1074 457; x_wconf 86' lang='grc' dir='ltr'><strong>τοὶ</strong></span> <span class='ocrx_word' id='word_1_18' title='bbox 1105 416 1424 472; x_wconf 79' lang='grc' dir='ltr'><em>ἐξαγγελθέντα.</em></span> 
     </span>
    </p>

    <p class='ocr_par' dir='ltr' id='par_1_3' title="bbox 25 479 1756 815">
     <span class='ocr_line' id='line_1_4' title="bbox 25 479 1690 540; baseline -0.004 -6"><span class='ocrx_word' id='word_1_19' title='bbox 25 484 92 530; x_wconf 77' lang='grc'><strong>82</strong></span> <span class='ocrx_word' id='word_1_20' title='bbox 159 486 466 534; x_wconf 86' lang='grc' dir='ltr'><em>Ἀπιστεόντων</em></span> <span class='ocrx_word' id='word_1_21' title='bbox 504 486 549 530; x_wconf 79' lang='grc' dir='ltr'><strong>ὁὲ</strong></span> <span class='ocrx_word' id='word_1_22' title='bbox 585 485 777 537; x_wconf 85' lang='grc' dir='ltr'><em>τούτων,</em></span> <span class='ocrx_word' id='word_1_23' title='bbox 815 479 891 540; x_wconf 79' lang='grc' dir='ltr'><strong>ἧκε</strong></span> <span class='ocrx_word' id='word_1_24' title='bbox 919 481 1100 539; x_wconf 79' lang='grc' dir='ltr'><strong><em>τριήρης</em></strong></span> <span class='ocrx_word' id='word_1_25' title='bbox 1131 482 1308 538; x_wconf 81' lang='grc' dir='ltr'><em>ἀνὸρών</em></span> <span class='ocrx_word' id='word_1_26' title='bbox 1341 488 1423 540; x_wconf 85' lang='grc' dir='ltr'><strong>Τη-</strong></span> <span class='ocrx_word' id='word_1_27' title='bbox 1480 504 1518 532; x_wconf 75' lang='lat' dir='ltr'><strong>ad</strong></span> <span class='ocrx_word' id='word_1_28' title='bbox 1556 503 1690 530; x_wconf 65' lang='lat' dir='ltr'><strong>Graecos</strong></span> 
     </span>
     <span class='ocr_line' id='line_1_5' title="bbox 157 537 1756 612; baseline -0.008 -11"><span class='ocrx_word' id='word_1_29' title='bbox 157 559 264 601; x_wconf 85' lang='grc' dir='ltr'><em>νίων</em></span> <span class='ocrx_word' id='word_1_30' title='bbox 302 552 653 609; x_wconf 80' lang='grc' dir='ltr'><em>αὐτομολέουσα,</em></span> <span class='ocrx_word' id='word_1_31' title='bbox 701 557 775 609; x_wconf 77' lang='grc' dir='ltr'><strong>τῆς</strong></span> <span class='ocrx_word' id='word_1_32' title='bbox 813 548 917 608; x_wconf 80' lang='grc' dir='ltr'><em>ἦρχε</em></span> <span class='ocrx_word' id='word_1_33' title='bbox 957 549 1070 607; x_wconf 69' lang='grc' dir='ltr'><em>ἁνήρ</em></span> <span class='ocrx_word' id='word_1_34' title='bbox 1114 554 1354 603; x_wconf 82' lang='grc' dir='ltr'><em>Παναίτιος</em></span> <span class='ocrx_word' id='word_1_35' title='bbox 1397 537 1756 612; x_wconf 55' lang='grc' dir='ltr'><strong>ὁΙΟζᾝἪῇῗῖᾎῗῆῑ.</strong></span> 
     </span>
     <span class='ocr_line' id='line_1_6' title="bbox 156 609 1633 677; baseline -0.005 -11"><span class='ocrx_word' id='word_1_36' title='bbox 156 622 452 677; x_wconf 80' lang='grc' dir='ltr'><em>Σωσιμένεος,</em></span> <span class='ocrx_word' id='word_1_37' title='bbox 491 619 602 676; x_wconf 80' lang='grc' dir='ltr'><strong><em>ἥπερ</em></strong></span> <span class='ocrx_word' id='word_1_38' title='bbox 639 620 691 677; x_wconf 77' lang='grc' dir='ltr'><strong>δή</strong></span> <span class='ocrx_word' id='word_1_39' title='bbox 731 621 857 676; x_wconf 75' lang='grc' dir='ltr'><strong><em>ἔφερε</em></strong></span> <span class='ocrx_word' id='word_1_40' title='bbox 899 618 978 674; x_wconf 82' lang='grc' dir='ltr'><strong>τὴν</strong></span> <span class='ocrx_word' id='word_1_41' title='bbox 1009 618 1227 674; x_wconf 72' lang='grc' dir='ltr'><em>ἀληθηΐην</em></span> <span class='ocrx_word' id='word_1_42' title='bbox 1263 624 1422 662; x_wconf 85' lang='grc' dir='ltr'><em>πᾶσαν.</em></span> <span class='ocrx_word' id='word_1_43' title='bbox 1477 609 1633 634; x_wconf 64' lang='lat' dir='ltr'><strong>tationem.</strong></span> 
     </span>
     <span class='ocr_line' id='line_1_7' title="bbox 157 686 1424 744; baseline -0.003 -10"><span class='ocrx_word' id='word_1_44' title='bbox 157 690 229 735; x_wconf 77' lang='grc' dir='ltr'><strong>διὰ</strong></span> <span class='ocrx_word' id='word_1_45' title='bbox 261 690 306 734; x_wconf 81' lang='grc' dir='ltr'><strong>δὲ</strong></span> <span class='ocrx_word' id='word_1_46' title='bbox 336 694 465 732; x_wconf 86' lang='grc' dir='ltr'><em>τοῦτο</em></span> <span class='ocrx_word' id='word_1_47' title='bbox 495 689 544 732; x_wconf 85' lang='grc' dir='ltr'><strong>τὸ</strong></span> <span class='ocrx_word' id='word_1_48' title='bbox 576 689 706 744; x_wconf 76' lang='grc' dir='ltr'><em>ἔργον</em></span> <span class='ocrx_word' id='word_1_49' title='bbox 733 686 1035 744; x_wconf 79' lang='grc' dir='ltr'><em>ἐνεγράφησαν</em></span> <span class='ocrx_word' id='word_1_50' title='bbox 1072 686 1222 741; x_wconf 73' lang='grc' dir='ltr'><em>Τήνιοι</em></span> <span class='ocrx_word' id='word_1_51' title='bbox 1252 686 1300 729; x_wconf 82' lang='grc' dir='ltr'><strong>ἐν</strong></span> <span class='ocrx_word' id='word_1_52' title='bbox 1321 692 1424 730; x_wconf 59' lang='lat' dir='ltr'><strong>Aest-</strong></span> 
     </span>
     <span class='ocr_line' id='line_1_8' title="bbox 158 752 1426 815; baseline -0.003 -13"><span class='ocrx_word' id='word_1_53' title='bbox 158 763 284 815; x_wconf 84' lang='grc' dir='ltr'><em>φοῖσι</em></span> <span class='ocrx_word' id='word_1_54' title='bbox 314 758 356 809; x_wconf 72' lang='grc' dir='ltr'><strong>ἐς</strong></span> <span class='ocrx_word' id='word_1_55' title='bbox 385 758 464 801; x_wconf 86' lang='grc' dir='ltr'><strong>τὸν</strong></span> <span class='ocrx_word' id='word_1_56' title='bbox 492 758 678 810; x_wconf 78' lang='grc' dir='ltr'><em>τρίποδα</em></span> <span class='ocrx_word' id='word_1_57' title='bbox 706 756 754 800; x_wconf 81' lang='grc' dir='ltr'><strong>ἐν</strong></span> <span class='ocrx_word' id='word_1_58' title='bbox 782 761 895 800; x_wconf 85' lang='grc' dir='ltr'><em>τοῖσι</em></span> <span class='ocrx_word' id='word_1_59' title='bbox 924 754 1003 798; x_wconf 80' lang='grc' dir='ltr'><strong>τόν</strong></span> <span class='ocrx_word' id='word_1_60' title='bbox 1036 752 1264 809; x_wconf 79' lang='grc' dir='ltr'><em>βάρβαρον</em></span> <span class='ocrx_word' id='word_1_61' title='bbox 1305 771 1426 798; x_wconf 84' lang='grc' dir='ltr'><em>κατε-</em></span> 
     </span>
    </p>

    <p class='ocr_par' dir='ltr' id='par_1_4' title="bbox 131 820 1428 951">
     <span class='ocr_line' id='line_1_9' title="bbox 131 820 1426 882; baseline -0.002 -14"><span class='ocrx_word' id='word_1_62' title='bbox 131 830 307 870; x_wconf 69' lang='grc' dir='ltr'><em>Ξλοῦσι.</em></span> <span class='ocrx_word' id='word_1_63' title='bbox 368 825 466 869; x_wconf 76' lang='grc' dir='ltr'><strong>Σὺν</strong></span> <span class='ocrx_word' id='word_1_64' title='bbox 495 825 540 868; x_wconf 81' lang='grc' dir='ltr'><strong>ὁὲ</strong></span> <span class='ocrx_word' id='word_1_65' title='bbox 567 821 630 868; x_wconf 74' lang='grc' dir='ltr'><strong>ὦν</strong></span> <span class='ocrx_word' id='word_1_66' title='bbox 660 823 797 882; x_wconf 80' lang='grc' dir='ltr'><em>ταύτῃ</em></span> <span class='ocrx_word' id='word_1_67' title='bbox 826 827 878 880; x_wconf 80' lang='grc' dir='ltr'><strong>τῇ</strong></span> <span class='ocrx_word' id='word_1_68' title='bbox 908 824 985 878; x_wconf 81' lang='grc' dir='ltr'><strong>νηῒ</strong></span> <span class='ocrx_word' id='word_1_69' title='bbox 1011 825 1064 878; x_wconf 81' lang='grc' dir='ltr'><strong>τῇ</strong></span> <span class='ocrx_word' id='word_1_70' title='bbox 1094 820 1426 879; x_wconf 79' lang='grc' dir='ltr'><em>αὐτομολησάσῃ</em></span> 
     </span>
     <span class='ocr_line' id='line_1_10' title="bbox 159 888 1428 951; baseline -0.004 -13"><span class='ocrx_word' id='word_1_71' title='bbox 159 895 203 946; x_wconf 80' lang='grc' dir='ltr'><strong>ἐς</strong></span> <span class='ocrx_word' id='word_1_72' title='bbox 246 898 502 950; x_wconf 75' lang='grc' dir='ltr'><em>Σαλαμῖνα,</em></span> <span class='ocrx_word' id='word_1_73' title='bbox 541 893 614 936; x_wconf 89' lang='grc' dir='ltr'><strong>καὶ</strong></span> <span class='ocrx_word' id='word_1_74' title='bbox 653 898 706 951; x_wconf 80' lang='grc' dir='ltr'><strong>τῇ</strong></span> <span class='ocrx_word' id='word_1_75' title='bbox 745 890 962 948; x_wconf 80' lang='grc' dir='ltr'><em>πρότερον</em></span> <span class='ocrx_word' id='word_1_76' title='bbox 992 889 1053 932; x_wconf 77' lang='grc' dir='ltr'><strong>ἐπ’</strong></span> <span class='ocrx_word' id='word_1_77' title='bbox 1078 888 1345 945; x_wconf 82' lang='grc' dir='ltr'><em>Ἀρτεμίσιον</em></span> <span class='ocrx_word' id='word_1_78' title='bbox 1374 895 1428 948; x_wconf 85' lang='grc' dir='ltr'><strong>τῇ</strong></span> 
     </span>
    </p>
   </div>
   <div class='ocr_carea' id='block_1_3' title="bbox 1479 467 1740 504">
    <p class='ocr_par' dir='ltr' id='par_1_5' title="bbox 1479 467 1740 504">
     <span class='ocr_line' id='line_1_11' title="bbox 1479 467 1740 504; baseline -0.011 -6"><span class='ocrx_word' id='word_1_79' title='bbox 1479 469 1578 498; x_wconf 69' lang='lat' dir='ltr'><strong>Teuta</strong></span> <span class='ocrx_word' id='word_1_80' title='bbox 1595 467 1740 504; x_wconf 76' lang='lat' dir='ltr'><strong>triremis,</strong></span> 
     </span>
    </p>
   </div>
   <div class='ocr_carea' id='block_1_4' title="bbox 161 956 1486 1020">
    <p class='ocr_par' dir='ltr' id='par_1_6' title="bbox 161 956 1486 1020">
     <span class='ocr_line' id='line_1_12' title="bbox 161 956 1486 1020; baseline -0.003 -14"><span class='ocrx_word' id='word_1_81' title='bbox 161 964 356 1020; x_wconf 81' lang='grc' dir='ltr'><em>Λημνίῃ,</em></span> <span class='ocrx_word' id='word_1_82' title='bbox 397 961 684 1018; x_wconf 78' lang='grc' dir='ltr'><em>ἐξεπληροῦτο</em></span> <span class='ocrx_word' id='word_1_83' title='bbox 723 958 772 1003; x_wconf 79' lang='grc' dir='ltr'><strong>τὸ</strong></span> <span class='ocrx_word' id='word_1_84' title='bbox 804 957 1015 1002; x_wconf 86' lang='grc' dir='ltr'><em>ναυτικὸν</em></span> <span class='ocrx_word' id='word_1_85' title='bbox 1043 963 1159 1002; x_wconf 86' lang='grc' dir='ltr'><em>τοῖσι</em></span> <span class='ocrx_word' id='word_1_86' title='bbox 1185 956 1361 1015; x_wconf 81' lang='grc' dir='ltr'><em>Ἕλλησι</em></span> <span class='ocrx_word' id='word_1_87' title='bbox 1388 958 1430 1011; x_wconf 83' lang='grc' dir='ltr'><strong>ἐς</strong></span> <span class='ocrx_word' id='word_1_88' title='bbox 1444 966 1486 1002; x_wconf 85' lang='grc'><strong>15</strong></span> 
     </span>
    </p>
   </div>
   <div class='ocr_carea' id='block_1_5' title="bbox 105 1146 781 2276">
    <p class='ocr_par' dir='ltr' id='par_1_7' title="bbox 105 1146 773 1755">
     <span class='ocr_line' id='line_1_13' title="bbox 105 1146 770 1199; baseline -0.002 -14"><span class='ocrx_word' id='word_1_89' title='bbox 105 1147 193 1186; x_wconf 85' lang='lat' dir='ltr'><strong>satis</strong></span> <span class='ocrx_word' id='word_1_90' title='bbox 223 1160 405 1199; x_wconf 85' lang='lat' dir='ltr'><strong>apparere</strong></span> <span class='ocrx_word' id='word_1_91' title='bbox 427 1146 579 1185; x_wconf 81' lang='lat' dir='ltr'><strong>videtur</strong></span> <span class='ocrx_word' id='word_1_92' title='bbox 607 1149 770 1185; x_wconf 90' lang='lat' dir='ltr'><strong>Wesse-</strong></span> 
     </span>
     <span class='ocr_line' id='line_1_14' title="bbox 105 1204 769 1256; baseline -0.003 -14"><span class='ocrx_word' id='word_1_93' title='bbox 105 1205 248 1255; x_wconf 81' lang='lat' dir='ltr'><strong>lingio,</strong></span> <span class='ocrx_word' id='word_1_94' title='bbox 282 1204 488 1242; x_wconf 85' lang='lat' dir='ltr'><strong>Aristidem</strong></span> <span class='ocrx_word' id='word_1_95' title='bbox 516 1205 587 1256; x_wconf 89' lang='lat' dir='ltr'><strong>ipsi</strong></span> <span class='ocrx_word' id='word_1_96' title='bbox 616 1217 769 1256; x_wconf 82' lang='lat' dir='ltr'>pugnae</span> 
     </span>
     <span class='ocr_line' id='line_1_15' title="bbox 106 1263 768 1314; baseline 0 -16"><span class='ocrx_word' id='word_1_97' title='bbox 106 1263 246 1309; x_wconf 82' lang='lat' dir='ltr'><strong>navali,</strong></span> <span class='ocrx_word' id='word_1_98' title='bbox 269 1274 367 1314; x_wconf 85' lang='lat' dir='ltr'><strong>quae</strong></span> <span class='ocrx_word' id='word_1_99' title='bbox 387 1264 557 1299; x_wconf 88' lang='lat' dir='ltr'><strong>insecuta</strong></span> <span class='ocrx_word' id='word_1_100' title='bbox 579 1270 661 1307; x_wconf 84' lang='lat' dir='ltr'><strong>est,</strong></span> <span class='ocrx_word' id='word_1_101' title='bbox 689 1275 768 1298; x_wconf 87' lang='lat' dir='ltr'><strong>non</strong></span> 
     </span>
     <span class='ocr_line' id='line_1_16' title="bbox 105 1318 770 1370; baseline 0 -15"><span class='ocrx_word' id='word_1_102' title='bbox 105 1318 333 1366; x_wconf 81' lang='lat' dir='ltr'><strong>interfuisse,</strong></span> <span class='ocrx_word' id='word_1_103' title='bbox 357 1320 529 1370; x_wconf 84' lang='lat' dir='ltr'><strong>quamvis</strong></span> <span class='ocrx_word' id='word_1_104' title='bbox 550 1320 657 1356; x_wconf 85' lang='lat' dir='ltr'><strong>aliter</strong></span> <span class='ocrx_word' id='word_1_105' title='bbox 675 1319 770 1355; x_wconf 89' lang='lat' dir='ltr'><strong>scri-</strong></span> 
     </span>
     <span class='ocr_line' id='line_1_17' title="bbox 109 1375 769 1426; baseline -0.002 -13"><span class='ocrx_word' id='word_1_106' title='bbox 109 1376 175 1413; x_wconf 87' lang='lat' dir='ltr'><strong>bat</strong></span> <span class='ocrx_word' id='word_1_107' title='bbox 191 1376 304 1415; x_wconf 85' lang='lat' dir='ltr'><strong>Corn.</strong></span> <span class='ocrx_word' id='word_1_108' title='bbox 326 1378 452 1426; x_wconf 84' lang='lat' dir='ltr'>Nepos</span> <span class='ocrx_word' id='word_1_109' title='bbox 473 1377 512 1412; x_wconf 88' lang='lat' dir='ltr'><strong>iu</strong></span> <span class='ocrx_word' id='word_1_110' title='bbox 532 1375 685 1412; x_wconf 80' lang='lat' dir='ltr'><strong>Aristid.</strong></span> <span class='ocrx_word' id='word_1_111' title='bbox 709 1389 769 1426; x_wconf 87' lang='lat' dir='ltr'><strong>cp.</strong></span> 
     </span>
     <span class='ocr_line' id='line_1_18' title="bbox 111 1432 772 1480; baseline 0 -12"><span class='ocrx_word' id='word_1_112' title='bbox 111 1435 150 1480; x_wconf 78' lang='lat'><strong>2,</strong></span> <span class='ocrx_word' id='word_1_113' title='bbox 183 1432 378 1469; x_wconf 86' lang='lat' dir='ltr'>Herodoto</span> <span class='ocrx_word' id='word_1_114' title='bbox 408 1446 498 1469; x_wconf 88' lang='lat' dir='ltr'><strong>sane</strong></span> <span class='ocrx_word' id='word_1_115' title='bbox 518 1433 674 1469; x_wconf 88' lang='lat' dir='ltr'><strong>inferior</strong></span> <span class='ocrx_word' id='word_1_116' title='bbox 701 1445 772 1468; x_wconf 89' lang='lat' dir='ltr'><strong>au—</strong></span> 
     </span>
     <span class='ocr_line' id='line_1_19' title="bbox 111 1489 771 1539; baseline -0.002 -14"><span class='ocrx_word' id='word_1_117' title='bbox 111 1496 193 1526; x_wconf 91' lang='lat' dir='ltr'><strong>ctor</strong></span> <span class='ocrx_word' id='word_1_118' title='bbox 225 1496 263 1526; x_wconf 91' lang='lat' dir='ltr'><strong>et</strong></span> <span class='ocrx_word' id='word_1_119' title='bbox 293 1489 450 1525; x_wconf 85' lang='lat' dir='ltr'>forsitan</span> <span class='ocrx_word' id='word_1_120' title='bbox 491 1489 540 1525; x_wconf 92' lang='lat' dir='ltr'><strong>ad</strong></span> <span class='ocrx_word' id='word_1_121' title='bbox 574 1502 618 1525; x_wconf 88' lang='lat' dir='ltr'><strong>ea</strong></span> <span class='ocrx_word' id='word_1_122' title='bbox 650 1491 771 1539; x_wconf 86' lang='lat' dir='ltr'><strong>respi-</strong></span> 
     </span>
     <span class='ocr_line' id='line_1_20' title="bbox 111 1545 770 1597; baseline -0.002 -15"><span class='ocrx_word' id='word_1_123' title='bbox 111 1547 229 1592; x_wconf 86' lang='lat' dir='ltr'><strong>ciens,</strong></span> <span class='ocrx_word' id='word_1_124' title='bbox 258 1558 356 1597; x_wconf 89' lang='lat' dir='ltr'><strong>quae</strong></span> <span class='ocrx_word' id='word_1_125' title='bbox 369 1545 585 1583; x_wconf 87' lang='lat' dir='ltr'><strong>Herodotus</strong></span> <span class='ocrx_word' id='word_1_126' title='bbox 607 1547 706 1593; x_wconf 65' lang='lat' dir='ltr'><strong>vlu,</strong></span> <span class='ocrx_word' id='word_1_127' title='bbox 718 1545 770 1586; x_wconf 82' lang='lat'><strong>95</strong></span> 
     </span>
     <span class='ocr_line' id='line_1_21' title="bbox 109 1601 772 1653; baseline -0.002 -14"><span class='ocrx_word' id='word_1_128' title='bbox 109 1602 225 1639; x_wconf 77' lang='lat' dir='ltr'>tradit</span> <span class='ocrx_word' id='word_1_129' title='bbox 249 1601 297 1638; x_wconf 90' lang='lat' dir='ltr'><strong>de</strong></span> <span class='ocrx_word' id='word_1_130' title='bbox 328 1602 499 1639; x_wconf 79' lang='lat' dir='ltr'>Aristidis</span> <span class='ocrx_word' id='word_1_131' title='bbox 529 1602 772 1653; x_wconf 83' lang='lat' dir='ltr'><strong>expeditione</strong></span> 
     </span>
     <span class='ocr_line' id='line_1_22' title="bbox 111 1659 773 1711; baseline -0.003 -15"><span class='ocrx_word' id='word_1_132' title='bbox 111 1661 151 1696; x_wconf 90' lang='lat' dir='ltr'><strong>in</strong></span> <span class='ocrx_word' id='word_1_133' title='bbox 186 1660 411 1711; x_wconf 85' lang='lat' dir='ltr'><strong>Psyttaliam</strong></span> <span class='ocrx_word' id='word_1_134' title='bbox 458 1660 648 1697; x_wconf 86' lang='lat' dir='ltr'><strong>insulam:</strong></span> <span class='ocrx_word' id='word_1_135' title='bbox 706 1659 773 1695; x_wconf 86' lang='lat' dir='ltr'><strong>ubi</strong></span> 
     </span>
     <span class='ocr_line' id='line_1_23' title="bbox 111 1715 307 1755; baseline -0.01 0"><span class='ocrx_word' id='word_1_136' title='bbox 111 1715 190 1755; x_wconf 78' lang='lat' dir='ltr'><strong>vid.</strong></span> <span class='ocrx_word' id='word_1_137' title='bbox 211 1723 307 1753; x_wconf 85' lang='lat' dir='ltr'><strong>nott.</strong></span> 
     </span>
    </p>

    <p class='ocr_par' dir='ltr' id='par_1_8' title="bbox 113 1767 781 2276">
     <span class='ocr_line' id='line_1_24' title="bbox 169 1767 774 1825; baseline -0.003 -13"><span class='ocrx_word' id='word_1_138' title='bbox 169 1769 300 1825; x_wconf 82' lang='grc' dir='ltr'><em>λόγων</em></span> <span class='ocrx_word' id='word_1_139' title='bbox 341 1767 633 1824; x_wconf 73' lang='grc' dir='ltr'><em>ἄμφισβασίη]</em></span> <span class='ocrx_word' id='word_1_140' title='bbox 685 1771 774 1810; x_wconf 81' lang='lat' dir='ltr'><strong>Vid.</strong></span> 
     </span>
     <span class='ocr_line' id='line_1_25' title="bbox 113 1829 775 1878; baseline 0 -12"><span class='ocrx_word' id='word_1_141' title='bbox 113 1830 176 1878; x_wconf 86' lang='lat' dir='ltr'><strong>IV,</strong></span> <span class='ocrx_word' id='word_1_142' title='bbox 200 1829 266 1869; x_wconf 82' lang='lat'><strong>14.</strong></span> <span class='ocrx_word' id='word_1_143' title='bbox 291 1830 390 1877; x_wconf 80' lang='lat' dir='ltr'><strong>Vm,</strong></span> <span class='ocrx_word' id='word_1_144' title='bbox 422 1832 490 1870; x_wconf 88' lang='grc'><strong>78.</strong></span> <span class='ocrx_word' id='word_1_145' title='bbox 548 1831 641 1866; x_wconf 82' lang='lat' dir='ltr'><strong>Mox</strong></span> <span class='ocrx_word' id='word_1_146' title='bbox 669 1843 689 1865; x_wconf 93' lang='lat' dir='ltr'><strong>e</strong></span> <span class='ocrx_word' id='word_1_147' title='bbox 706 1831 775 1866; x_wconf 86' lang='lat' dir='ltr'><strong>tri-</strong></span> 
     </span>
     <span class='ocr_line' id='line_1_26' title="bbox 114 1885 776 1937; baseline 0.002 -14"><span class='ocrx_word' id='word_1_148' title='bbox 114 1887 185 1924; x_wconf 88' lang='lat' dir='ltr'><strong>bus</strong></span> <span class='ocrx_word' id='word_1_149' title='bbox 215 1885 327 1923; x_wconf 88' lang='lat' dir='ltr'>codd.</span> <span class='ocrx_word' id='word_1_150' title='bbox 359 1899 449 1923; x_wconf 91' lang='lat' dir='ltr'><strong>cum</strong></span> <span class='ocrx_word' id='word_1_151' title='bbox 479 1885 698 1937; x_wconf 82' lang='lat' dir='ltr'><strong>Schweigh.</strong></span> <span class='ocrx_word' id='word_1_152' title='bbox 739 1893 776 1924; x_wconf 86' lang='lat' dir='ltr'><strong>et</strong></span> 
     </span>
     <span class='ocr_line' id='line_1_27' title="bbox 117 1940 778 1996; baseline 0.005 -16"><span class='ocrx_word' id='word_1_153' title='bbox 117 1943 235 1980; x_wconf 87' lang='lat' dir='ltr'><strong>Gaisf.</strong></span> <span class='ocrx_word' id='word_1_154' title='bbox 286 1945 412 1994; x_wconf 80' lang='lat' dir='ltr'>recepi</span> <span class='ocrx_word' id='word_1_155' title='bbox 453 1943 493 1982; x_wconf 81' lang='grc' dir='ltr'><strong>οἱ</strong></span> <span class='ocrx_word' id='word_1_156' title='bbox 530 1940 605 1996; x_wconf 75' lang='grc' dir='ltr'><strong>γοῖρ</strong></span> <span class='ocrx_word' id='word_1_157' title='bbox 655 1946 778 1983; x_wconf 78' lang='grc' dir='ltr'><strong>πλεῦ-</strong></span> 
     </span>
     <span class='ocr_line' id='line_1_28' title="bbox 118 2000 778 2050; baseline 0.011 -17"><span class='ocrx_word' id='word_1_158' title='bbox 118 2015 184 2046; x_wconf 73' lang='grc' dir='ltr'><strong>νες</strong></span> <span class='ocrx_word' id='word_1_159' title='bbox 226 2012 296 2050; x_wconf 91' lang='lat' dir='ltr'><strong>pro</strong></span> <span class='ocrx_word' id='word_1_160' title='bbox 353 2001 457 2049; x_wconf 84' lang='lat' dir='ltr'>vulg.</span> <span class='ocrx_word' id='word_1_161' title='bbox 518 2000 559 2038; x_wconf 82' lang='grc' dir='ltr'><strong>οἱ</strong></span> <span class='ocrx_word' id='word_1_162' title='bbox 612 2003 778 2047; x_wconf 70' lang='grc' dir='ltr'><em>πλεῦνες</em></span> 
     </span>
     <span class='ocr_line' id='line_1_29' title="bbox 120 2053 778 2110; baseline 0.003 -19"><span class='ocrx_word' id='word_1_163' title='bbox 120 2053 211 2110; x_wconf 66' lang='grc' dir='ltr'><strong>γάρ,</strong></span> <span class='ocrx_word' id='word_1_164' title='bbox 236 2054 553 2108; x_wconf 85' lang='lat' dir='ltr'><strong>quodtenuerunt</strong></span> <span class='ocrx_word' id='word_1_165' title='bbox 582 2056 778 2094; x_wconf 82' lang='lat' dir='ltr'><strong>Schaefer.</strong></span> 
     </span>
     <span class='ocr_line' id='line_1_30' title="bbox 120 2111 778 2164; baseline -0.002 -15"><span class='ocrx_word' id='word_1_166' title='bbox 120 2120 157 2149; x_wconf 91' lang='lat' dir='ltr'><strong>et</strong></span> <span class='ocrx_word' id='word_1_167' title='bbox 178 2111 334 2156; x_wconf 69' lang='lat' dir='ltr'><strong>Manli„</strong></span> <span class='ocrx_word' id='word_1_168' title='bbox 356 2114 420 2164; x_wconf 89' lang='lat' dir='ltr'><strong>qui</strong></span> <span class='ocrx_word' id='word_1_169' title='bbox 447 2112 551 2149; x_wconf 85' lang='lat' dir='ltr'><strong>idem</strong></span> <span class='ocrx_word' id='word_1_170' title='bbox 573 2114 608 2158; x_wconf 84' lang='lat'><strong>§.</strong></span> <span class='ocrx_word' id='word_1_171' title='bbox 631 2114 709 2154; x_wconf 80' lang='lat'><strong>421</strong></span> <span class='ocrx_word' id='word_1_172' title='bbox 742 2127 778 2164; x_wconf 92' lang='lat' dir='ltr'><strong>p.</strong></span> 
     </span>
     <span class='ocr_line' id='line_1_31' title="bbox 119 2170 781 2210; baseline 0.009 -6"><span class='ocrx_word' id='word_1_173' title='bbox 119 2172 201 2210; x_wconf 84' lang='lat'><strong>773</strong></span> <span class='ocrx_word' id='word_1_174' title='bbox 241 2176 471 2206; x_wconf 84' lang='lat' dir='ltr'><strong>structuram</strong></span> <span class='ocrx_word' id='word_1_175' title='bbox 501 2170 608 2207; x_wconf 81' lang='lat' dir='ltr'><strong>verbi</strong></span> <span class='ocrx_word' id='word_1_176' title='bbox 645 2172 781 2209; x_wconf 79' lang='grc' dir='ltr'><strong><em>πείθε-</em></strong></span> 
     </span>
     <span class='ocr_line' id='line_1_32' title="bbox 121 2227 372 2276; baseline -0.012 -10"><span class='ocrx_word' id='word_1_177' title='bbox 121 2229 220 2266; x_wconf 84' lang='grc' dir='ltr'><em>σθαι</em></span> <span class='ocrx_word' id='word_1_178' title='bbox 238 2227 372 2276; x_wconf 77' lang='lat' dir='ltr'><strong>attigit.</strong></span> 
     </span>
    </p>
   </div>
   <div class='ocr_carea' id='block_1_6' title="bbox 292 2305 612 2357">
    <p class='ocr_par' dir='ltr' id='par_1_9' title="bbox 292 2305 612 2357">
     <span class='ocr_line' id='line_1_33' title="bbox 292 2305 612 2357; baseline 0 -14"><span class='ocrx_word' id='word_1_179' title='bbox 292 2306 384 2357; x_wconf 75' lang='lat' dir='ltr'><strong>cap.</strong></span> <span class='ocrx_word' id='word_1_180' title='bbox 410 2305 612 2343; x_wconf 78' lang='lat' dir='ltr'><strong>Lxxxn.</strong></span> 
     </span>
    </p>
   </div>
   <div class='ocr_carea' id='block_1_7' title="bbox 121 2381 790 2934">
    <p class='ocr_par' dir='ltr' id='par_1_10' title="bbox 121 2381 790 2891">
     <span class='ocr_line' id='line_1_34' title="bbox 178 2381 782 2437; baseline -0.007 -12"><span class='ocrx_word' id='word_1_181' title='bbox 178 2381 339 2437; x_wconf 67' lang='grc' dir='ltr'><em>ἀνδρῶν</em></span> <span class='ocrx_word' id='word_1_182' title='bbox 365 2385 540 2435; x_wconf 83' lang='grc' dir='ltr'><em>Τηνίων]</em></span> <span class='ocrx_word' id='word_1_183' title='bbox 576 2384 692 2422; x_wconf 84' lang='lat' dir='ltr'><strong>Tenus</strong></span> <span class='ocrx_word' id='word_1_184' title='bbox 720 2386 782 2421; x_wconf 89' lang='lat' dir='ltr'><strong>in-</strong></span> 
     </span>
     <span class='ocr_line' id='line_1_35' title="bbox 121 2443 782 2493; baseline -0.003 -13"><span class='ocrx_word' id='word_1_185' title='bbox 121 2443 203 2480; x_wconf 86' lang='lat' dir='ltr'><strong>sula</strong></span> <span class='ocrx_word' id='word_1_186' title='bbox 223 2455 341 2493; x_wconf 82' lang='lat' dir='ltr'>prope</span> <span class='ocrx_word' id='word_1_187' title='bbox 359 2443 500 2478; x_wconf 89' lang='lat' dir='ltr'><strong>Delum</strong></span> <span class='ocrx_word' id='word_1_188' title='bbox 520 2444 559 2478; x_wconf 90' lang='lat' dir='ltr'><strong>in</strong></span> <span class='ocrx_word' id='word_1_189' title='bbox 579 2444 782 2479; x_wconf 85' lang='lat' dir='ltr'><strong>Persarum</strong></span> 
     </span>
     <span class='ocr_line' id='line_1_36' title="bbox 124 2498 782 2551; baseline -0.002 -15"><span class='ocrx_word' id='word_1_190' title='bbox 124 2499 330 2536; x_wconf 80' lang='lat' dir='ltr'><strong>devenerat</strong></span> <span class='ocrx_word' id='word_1_191' title='bbox 359 2505 586 2549; x_wconf 82' lang='lat' dir='ltr'><strong>potestatem</strong></span> <span class='ocrx_word' id='word_1_192' title='bbox 615 2498 782 2551; x_wconf 87' lang='lat' dir='ltr'><strong>indeque</strong></span> 
     </span>
     <span class='ocr_line' id='line_1_37' title="bbox 125 2556 784 2593; baseline 0 0"><span class='ocrx_word' id='word_1_193' title='bbox 125 2558 204 2593; x_wconf 83' lang='lat' dir='ltr'><strong>eius</strong></span> <span class='ocrx_word' id='word_1_194' title='bbox 222 2557 369 2593; x_wconf 86' lang='lat' dir='ltr'><strong>incolae</strong></span> <span class='ocrx_word' id='word_1_195' title='bbox 388 2556 428 2591; x_wconf 92' lang='lat' dir='ltr'><strong>in</strong></span> <span class='ocrx_word' id='word_1_196' title='bbox 448 2556 651 2592; x_wconf 81' lang='lat' dir='ltr'><strong>Persarum</strong></span> <span class='ocrx_word' id='word_1_197' title='bbox 672 2569 784 2593; x_wconf 82' lang='lat' dir='ltr'><strong>exer-</strong></span> 
     </span>
     <span class='ocr_line' id='line_1_38' title="bbox 127 2609 787 2664; baseline 0 -15"><span class='ocrx_word' id='word_1_198' title='bbox 127 2614 204 2650; x_wconf 83' lang='lat' dir='ltr'><strong>citu</strong></span> <span class='ocrx_word' id='word_1_199' title='bbox 256 2611 444 2664; x_wconf 86' lang='lat' dir='ltr'><strong>stipendia</strong></span> <span class='ocrx_word' id='word_1_200' title='bbox 471 2609 480 2614; x_wconf 47' lang='grc'><em>“</em></span> <span class='ocrx_word' id='word_1_201' title='bbox 499 2613 624 2649; x_wconf 80' lang='lat' dir='ltr'><strong>facere</strong></span> <span class='ocrx_word' id='word_1_202' title='bbox 665 2613 787 2649; x_wconf 83' lang='lat' dir='ltr'><strong>coacti</strong></span> 
     </span>
     <span class='ocr_line' id='line_1_39' title="bbox 127 2669 787 2717; baseline 0.002 -12"><span class='ocrx_word' id='word_1_203' title='bbox 127 2676 247 2708; x_wconf 87' lang='lat' dir='ltr'><strong>erant.</strong></span> <span class='ocrx_word' id='word_1_204' title='bbox 306 2670 417 2708; x_wconf 79' lang='lat' dir='ltr'><strong>Conl.</strong></span> <span class='ocrx_word' id='word_1_205' title='bbox 444 2669 508 2717; x_wconf 87' lang='lat' dir='ltr'><strong>IV,</strong></span> <span class='ocrx_word' id='word_1_206' title='bbox 536 2671 600 2709; x_wconf 82' lang='lat'><strong>33.</strong></span> <span class='ocrx_word' id='word_1_207' title='bbox 629 2669 690 2716; x_wconf 91' lang='lat' dir='ltr'><strong>VI,</strong></span> <span class='ocrx_word' id='word_1_208' title='bbox 719 2671 787 2709; x_wconf 80' lang='grc'><strong>97.</strong></span> 
     </span>
     <span class='ocr_line' id='line_1_40' title="bbox 127 2724 787 2776; baseline 0 -13"><span class='ocrx_word' id='word_1_209' title='bbox 127 2725 244 2776; x_wconf 87' lang='lat' dir='ltr'><strong>Apud</strong></span> <span class='ocrx_word' id='word_1_210' title='bbox 290 2724 485 2763; x_wconf 75' lang='lat' dir='ltr'><strong>Plutarch.</strong></span> <span class='ocrx_word' id='word_1_211' title='bbox 535 2725 787 2763; x_wconf 87' lang='lat' dir='ltr'><strong>Themistocl.</strong></span> 
     </span>
     <span class='ocr_line' id='line_1_41' title="bbox 133 2781 788 2832; baseline 0.003 -13"><span class='ocrx_word' id='word_1_212' title='bbox 133 2784 185 2822; x_wconf 81' lang='lat'><strong>12</strong></span> <span class='ocrx_word' id='word_1_213' title='bbox 205 2795 242 2832; x_wconf 90' lang='lat' dir='ltr'><strong>p.</strong></span> <span class='ocrx_word' id='word_1_214' title='bbox 270 2785 350 2823; x_wconf 85' lang='lat'><strong>118</strong></span> <span class='ocrx_word' id='word_1_215' title='bbox 371 2784 403 2832; x_wconf 80' lang='lat' dir='ltr'><strong>E</strong></span> <span class='ocrx_word' id='word_1_216' title='bbox 425 2781 561 2819; x_wconf 83' lang='lat' dir='ltr'><strong>dicitur</strong></span> <span class='ocrx_word' id='word_1_217' title='bbox 579 2783 685 2819; x_wconf 82' lang='lat' dir='ltr'><strong>navis</strong></span> <span class='ocrx_word' id='word_1_218' title='bbox 717 2785 788 2821; x_wconf 81' lang='grc' dir='ltr'><strong>Τε-</strong></span> 
     </span>
     <span class='ocr_line' id='line_1_42' title="bbox 129 2837 790 2891; baseline -0.002 -14"><span class='ocrx_word' id='word_1_219' title='bbox 129 2837 254 2886; x_wconf 83' lang='grc' dir='ltr'><em>νέδια,</em></span> <span class='ocrx_word' id='word_1_220' title='bbox 275 2839 341 2875; x_wconf 89' lang='lat' dir='ltr'><strong>ubi</strong></span> <span class='ocrx_word' id='word_1_221' title='bbox 359 2846 447 2876; x_wconf 88' lang='lat' dir='ltr'><strong>sunt</strong></span> <span class='ocrx_word' id='word_1_222' title='bbox 475 2840 541 2891; x_wconf 88' lang='lat' dir='ltr'><strong>qui</strong></span> <span class='ocrx_word' id='word_1_223' title='bbox 558 2839 635 2891; x_wconf 84' lang='lat' dir='ltr'><strong>legi</strong></span> <span class='ocrx_word' id='word_1_224' title='bbox 655 2839 790 2876; x_wconf 86' lang='lat' dir='ltr'><strong>malint</strong></span> 
     </span>
    </p>

    <p class='ocr_par' dir='ltr' id='par_1_11' title="bbox 185 2896 494 2934">
     <span class='ocr_line' id='line_1_43' title="bbox 185 2896 494 2934; baseline 0.003 -2"><span class='ocrx_word' id='word_1_225' title='bbox 185 2896 408 2933; x_wconf 65' lang='lat' dir='ltr'><strong>Hssfiono&#39;r.</strong></span> <span class='ocrx_word' id='word_1_226' title='bbox 427 2896 494 2934; x_wconf 88' lang='lat' dir='ltr'><strong>IV.</strong></span> 
     </span>
    </p>
   </div>
   <div class='ocr_carea' id='block_1_8' title="bbox 831 1145 1489 1197">
    <p class='ocr_par' dir='ltr' id='par_1_12' title="bbox 831 1145 1489 1197">
     <span class='ocr_line' id='line_1_44' title="bbox 831 1145 1489 1197; baseline -0.005 -12"><span class='ocrx_word' id='word_1_227' title='bbox 831 1145 969 1196; x_wconf 85' lang='grc' dir='ltr'><em>Τηνία,</em></span> <span class='ocrx_word' id='word_1_228' title='bbox 1014 1146 1254 1197; x_wconf 86' lang='lat' dir='ltr'><strong>improbante</strong></span> <span class='ocrx_word' id='word_1_229' title='bbox 1308 1145 1489 1194; x_wconf 87' lang='lat' dir='ltr'><strong>Sintenis‚</strong></span> 
     </span>
    </p>
   </div>
   <div class='ocr_carea' id='block_1_9' title="bbox 826 1201 1247 1255">
    <p class='ocr_par' dir='ltr' id='par_1_13' title="bbox 826 1201 1247 1255">
     <span class='ocr_line' id='line_1_45' title="bbox 826 1201 1247 1255; baseline 0 -16"><span class='ocrx_word' id='word_1_230' title='bbox 826 1216 944 1255; x_wconf 90' lang='lat' dir='ltr'><strong>quem</strong></span> <span class='ocrx_word' id='word_1_231' title='bbox 963 1201 1042 1240; x_wconf 85' lang='lat' dir='ltr'><strong>vid.</strong></span> <span class='ocrx_word' id='word_1_232' title='bbox 1062 1216 1150 1254; x_wconf 83' lang='lat' dir='ltr'><strong>pag.</strong></span> <span class='ocrx_word' id='word_1_233' title='bbox 1181 1205 1247 1244; x_wconf 86' lang='lat'><strong>91.</strong></span> 
     </span>
    </p>
   </div>
   <div class='ocr_carea' id='block_1_10' title="bbox 826 1278 1497 2296">
    <p class='ocr_par' dir='ltr' id='par_1_14' title="bbox 826 1278 1497 2296">
     <span class='ocr_line' id='line_1_46' title="bbox 883 1278 1488 1334; baseline -0.002 -13"><span class='ocrx_word' id='word_1_234' title='bbox 883 1281 926 1322; x_wconf 79' lang='grc' dir='ltr'><strong>ἐν</strong></span> <span class='ocrx_word' id='word_1_235' title='bbox 948 1286 1050 1321; x_wconf 83' lang='grc' dir='ltr'><em>τοῖσι</em></span> <span class='ocrx_word' id='word_1_236' title='bbox 1067 1280 1136 1322; x_wconf 76' lang='grc' dir='ltr'><strong>τόν</strong></span> <span class='ocrx_word' id='word_1_237' title='bbox 1155 1278 1361 1334; x_wconf 76' lang='grc' dir='ltr'><em>βάρβαρον</em></span> <span class='ocrx_word' id='word_1_238' title='bbox 1379 1295 1488 1321; x_wconf 83' lang='grc' dir='ltr'><em>κατε-</em></span> 
     </span>
     <span class='ocr_line' id='line_1_47' title="bbox 826 1340 1492 1388; baseline -0.005 -10"><span class='ocrx_word' id='word_1_239' title='bbox 826 1340 960 1388; x_wconf 83' lang='grc' dir='ltr'><em>λοῦσι]</em></span> <span class='ocrx_word' id='word_1_240' title='bbox 994 1341 1016 1376; x_wconf 90' lang='lat' dir='ltr'><strong>i.</strong></span> <span class='ocrx_word' id='word_1_241' title='bbox 1047 1353 1079 1376; x_wconf 88' lang='lat' dir='ltr'><strong>e.</strong></span> <span class='ocrx_word' id='word_1_242' title='bbox 1102 1340 1200 1376; x_wconf 90' lang='lat' dir='ltr'><strong>inter</strong></span> <span class='ocrx_word' id='word_1_243' title='bbox 1237 1340 1395 1375; x_wconf 88' lang='lat' dir='ltr'><strong>nomina</strong></span> <span class='ocrx_word' id='word_1_244' title='bbox 1424 1351 1492 1375; x_wconf 91' lang='lat' dir='ltr'><strong>ea-</strong></span> 
     </span>
     <span class='ocr_line' id='line_1_48' title="bbox 827 1397 1493 1447; baseline 0 -15"><span class='ocrx_word' id='word_1_245' title='bbox 827 1409 914 1432; x_wconf 89' lang='lat' dir='ltr'><strong>rum</strong></span> <span class='ocrx_word' id='word_1_246' title='bbox 944 1397 1166 1440; x_wconf 73' lang='lat' dir='ltr'><strong>civitatum,</strong></span> <span class='ocrx_word' id='word_1_247' title='bbox 1207 1408 1305 1447; x_wconf 89' lang='lat' dir='ltr'><strong>quae</strong></span> <span class='ocrx_word' id='word_1_248' title='bbox 1335 1397 1493 1432; x_wconf 84' lang='lat' dir='ltr'><strong>Persam</strong></span> 
     </span>
     <span class='ocr_line' id='line_1_49' title="bbox 830 1450 1493 1503; baseline -0.002 -14"><span class='ocrx_word' id='word_1_249' title='bbox 830 1453 1059 1500; x_wconf 81' lang='lat' dir='ltr'><strong>devicerant,</strong></span> <span class='ocrx_word' id='word_1_250' title='bbox 1079 1450 1266 1503; x_wconf 82' lang='lat' dir='ltr'><strong>Delphico</strong></span> <span class='ocrx_word' id='word_1_251' title='bbox 1278 1453 1416 1503; x_wconf 85' lang='lat' dir='ltr'><strong>tripodi</strong></span> <span class='ocrx_word' id='word_1_252' title='bbox 1430 1455 1493 1488; x_wconf 89' lang='lat' dir='ltr'><strong>in-</strong></span> 
     </span>
     <span class='ocr_line' id='line_1_50' title="bbox 835 1511 1492 1561; baseline -0.002 -15"><span class='ocrx_word' id='word_1_253' title='bbox 835 1511 987 1559; x_wconf 81' lang='lat' dir='ltr'><strong>scripta,</strong></span> <span class='ocrx_word' id='word_1_254' title='bbox 1010 1511 1226 1546; x_wconf 89' lang='lat' dir='ltr'><strong>Teniorum</strong></span> <span class='ocrx_word' id='word_1_255' title='bbox 1243 1521 1396 1561; x_wconf 88' lang='lat' dir='ltr'><strong>quoque</strong></span> <span class='ocrx_word' id='word_1_256' title='bbox 1416 1522 1492 1546; x_wconf 89' lang='lat' dir='ltr'><strong>no-</strong></span> 
     </span>
     <span class='ocr_line' id='line_1_51' title="bbox 827 1566 1492 1603; baseline 0 -1"><span class='ocrx_word' id='word_1_257' title='bbox 827 1580 920 1602; x_wconf 87' lang='lat' dir='ltr'><strong>men</strong></span> <span class='ocrx_word' id='word_1_258' title='bbox 947 1567 1109 1603; x_wconf 86' lang='lat' dir='ltr'><strong>relatum</strong></span> <span class='ocrx_word' id='word_1_259' title='bbox 1127 1573 1217 1602; x_wconf 86' lang='lat' dir='ltr'><strong>erat.</strong></span> <span class='ocrx_word' id='word_1_260' title='bbox 1247 1568 1305 1602; x_wconf 96' lang='lat' dir='ltr'><strong>De</strong></span> <span class='ocrx_word' id='word_1_261' title='bbox 1325 1566 1399 1602; x_wconf 87' lang='lat' dir='ltr'><strong>hoc</strong></span> <span class='ocrx_word' id='word_1_262' title='bbox 1419 1567 1492 1602; x_wconf 88' lang='lat' dir='ltr'><strong>tri-</strong></span> 
     </span>
     <span class='ocr_line' id='line_1_52' title="bbox 828 1622 1494 1675; baseline 0 -16"><span class='ocrx_word' id='word_1_263' title='bbox 828 1622 951 1674; x_wconf 83' lang='lat' dir='ltr'><strong>pode,</strong></span> <span class='ocrx_word' id='word_1_264' title='bbox 993 1624 1058 1675; x_wconf 85' lang='lat' dir='ltr'><strong>qui</strong></span> <span class='ocrx_word' id='word_1_265' title='bbox 1088 1625 1127 1659; x_wconf 93' lang='lat' dir='ltr'><strong>in</strong></span> <span class='ocrx_word' id='word_1_266' title='bbox 1156 1623 1388 1660; x_wconf 81' lang='lat' dir='ltr'><strong>Salaminiae</strong></span> <span class='ocrx_word' id='word_1_267' title='bbox 1420 1635 1494 1674; x_wconf 88' lang='lat' dir='ltr'><strong>pu-</strong></span> 
     </span>
     <span class='ocr_line' id='line_1_53' title="bbox 829 1679 1495 1731; baseline 0 -16"><span class='ocrx_word' id='word_1_268' title='bbox 829 1693 928 1730; x_wconf 86' lang='lat' dir='ltr'><strong>gnae</strong></span> <span class='ocrx_word' id='word_1_269' title='bbox 947 1681 1176 1717; x_wconf 87' lang='lat' dir='ltr'><strong>memoriam</strong></span> <span class='ocrx_word' id='word_1_270' title='bbox 1189 1679 1358 1731; x_wconf 86' lang='lat' dir='ltr'><strong>Delphos</strong></span> <span class='ocrx_word' id='word_1_271' title='bbox 1383 1679 1495 1716; x_wconf 89' lang='lat' dir='ltr'><strong>dedi-</strong></span> 
     </span>
     <span class='ocr_line' id='line_1_54' title="bbox 831 1737 1494 1787; baseline 0 -13"><span class='ocrx_word' id='word_1_272' title='bbox 831 1737 987 1774; x_wconf 86' lang='lat' dir='ltr'><strong>cabatur</strong></span> <span class='ocrx_word' id='word_1_273' title='bbox 1025 1738 1225 1787; x_wconf 86' lang='lat' dir='ltr'><strong>inscriptus</strong></span> <span class='ocrx_word' id='word_1_274' title='bbox 1271 1737 1494 1774; x_wconf 80' lang='lat' dir='ltr'><strong>nominibus</strong></span> 
     </span>
     <span class='ocr_line' id='line_1_55' title="bbox 832 1795 1492 1845; baseline 0 -15"><span class='ocrx_word' id='word_1_275' title='bbox 832 1806 968 1830; x_wconf 88' lang='lat' dir='ltr'><strong>eorum</strong></span> <span class='ocrx_word' id='word_1_276' title='bbox 1011 1795 1194 1831; x_wconf 82' lang='lat' dir='ltr'><strong>Graeciae</strong></span> <span class='ocrx_word' id='word_1_277' title='bbox 1246 1795 1492 1845; x_wconf 86' lang='lat' dir='ltr'><strong>populorum,</strong></span> 
     </span>
     <span class='ocr_line' id='line_1_56' title="bbox 834 1852 1493 1903; baseline 0.002 -17"><span class='ocrx_word' id='word_1_278' title='bbox 834 1853 900 1903; x_wconf 87' lang='lat' dir='ltr'><strong>qui</strong></span> <span class='ocrx_word' id='word_1_279' title='bbox 929 1852 1061 1888; x_wconf 87' lang='lat' dir='ltr'><strong>Persas</strong></span> <span class='ocrx_word' id='word_1_280' title='bbox 1090 1852 1130 1887; x_wconf 92' lang='lat' dir='ltr'><strong>in</strong></span> <span class='ocrx_word' id='word_1_281' title='bbox 1159 1864 1291 1902; x_wconf 87' lang='lat' dir='ltr'><strong>pugna</strong></span> <span class='ocrx_word' id='word_1_282' title='bbox 1312 1852 1493 1900; x_wconf 85' lang='lat' dir='ltr'><strong>vicerant,</strong></span> 
     </span>
     <span class='ocr_line' id='line_1_57' title="bbox 834 1907 1495 1961; baseline 0.002 -17"><span class='ocrx_word' id='word_1_283' title='bbox 834 1914 966 1945; x_wconf 88' lang='lat' dir='ltr'><strong>auctor</strong></span> <span class='ocrx_word' id='word_1_284' title='bbox 987 1921 1141 1961; x_wconf 88' lang='lat' dir='ltr'><strong>quoque</strong></span> <span class='ocrx_word' id='word_1_285' title='bbox 1163 1915 1217 1945; x_wconf 86' lang='lat' dir='ltr'><strong>est</strong></span> <span class='ocrx_word' id='word_1_286' title='bbox 1244 1907 1495 1959; x_wconf 87' lang='lat' dir='ltr'><strong>Thucydides</strong></span> 
     </span>
     <span class='ocr_line' id='line_1_58' title="bbox 833 1964 1495 2013; baseline 0.003 -12"><span class='ocrx_word' id='word_1_287' title='bbox 833 1967 864 2013; x_wconf 84' lang='grc' dir='ltr'><strong>Ι,</strong></span> <span class='ocrx_word' id='word_1_288' title='bbox 888 1967 980 2013; x_wconf 77' lang='lat'>132,</span> <span class='ocrx_word' id='word_1_289' title='bbox 1013 1966 1079 2001; x_wconf 84' lang='lat' dir='ltr'><strong>ubi</strong></span> <span class='ocrx_word' id='word_1_290' title='bbox 1111 1964 1188 2002; x_wconf 81' lang='lat' dir='ltr'><strong>vid.</strong></span> <span class='ocrx_word' id='word_1_291' title='bbox 1219 1972 1315 2002; x_wconf 87' lang='lat' dir='ltr'><strong>nott.</strong></span> <span class='ocrx_word' id='word_1_292' title='bbox 1335 1964 1495 2004; x_wconf 88' lang='lat' dir='ltr'><strong>Diodor.</strong></span> 
     </span>
     <span class='ocr_line' id='line_1_59' title="bbox 834 2022 1497 2074; baseline 0 -16"><span class='ocrx_word' id='word_1_293' title='bbox 834 2023 903 2066; x_wconf 87' lang='lat' dir='ltr'><strong>XI,</strong></span> <span class='ocrx_word' id='word_1_294' title='bbox 929 2024 981 2062; x_wconf 79' lang='lat'><strong>33</strong></span> <span class='ocrx_word' id='word_1_295' title='bbox 1003 2023 1132 2074; x_wconf 85' lang='lat' dir='ltr'><strong>ibique</strong></span> <span class='ocrx_word' id='word_1_296' title='bbox 1162 2022 1326 2059; x_wconf 86' lang='lat' dir='ltr'><strong>Wessel.</strong></span> <span class='ocrx_word' id='word_1_297' title='bbox 1347 2023 1497 2058; x_wconf 88' lang='lat' dir='ltr'><strong>Demo-</strong></span> 
     </span>
     <span class='ocr_line' id='line_1_60' title="bbox 834 2077 1496 2129; baseline 0 -14"><span class='ocrx_word' id='word_1_298' title='bbox 834 2077 958 2116; x_wconf 85' lang='lat' dir='ltr'><strong>sthen.</strong></span> <span class='ocrx_word' id='word_1_299' title='bbox 997 2080 1037 2114; x_wconf 90' lang='lat' dir='ltr'><strong>in</strong></span> <span class='ocrx_word' id='word_1_300' title='bbox 1083 2080 1218 2115; x_wconf 88' lang='lat' dir='ltr'><strong>Neaer.</strong></span> <span class='ocrx_word' id='word_1_301' title='bbox 1255 2091 1344 2129; x_wconf 86' lang='lat' dir='ltr'><strong>pag.</strong></span> <span class='ocrx_word' id='word_1_302' title='bbox 1389 2080 1496 2119; x_wconf 83' lang='lat'>1378</span> 
     </span>
     <span class='ocr_line' id='line_1_61' title="bbox 835 2133 1496 2185; baseline 0.002 -14"><span class='ocrx_word' id='word_1_303' title='bbox 835 2133 964 2173; x_wconf 81' lang='lat' dir='ltr'><strong>Reisk.</strong></span> <span class='ocrx_word' id='word_1_304' title='bbox 1008 2135 1160 2171; x_wconf 89' lang='lat' dir='ltr'><strong>Cornel.</strong></span> <span class='ocrx_word' id='word_1_305' title='bbox 1197 2136 1295 2185; x_wconf 87' lang='lat' dir='ltr'><strong>Nep.</strong></span> <span class='ocrx_word' id='word_1_306' title='bbox 1330 2136 1496 2172; x_wconf 88' lang='lat' dir='ltr'><strong>Pausan.</strong></span> 
     </span>
     <span class='ocr_line' id='line_1_62' title="bbox 841 2191 1496 2242; baseline 0.002 -15"><span class='ocrx_word' id='word_1_307' title='bbox 841 2195 878 2238; x_wconf 83' lang='lat'><strong>1,</strong></span> <span class='ocrx_word' id='word_1_308' title='bbox 893 2192 958 2227; x_wconf 92' lang='lat' dir='ltr'><strong>ubi</strong></span> <span class='ocrx_word' id='word_1_309' title='bbox 979 2191 1055 2230; x_wconf 77' lang='lat' dir='ltr'><strong>vId.</strong></span> <span class='ocrx_word' id='word_1_310' title='bbox 1071 2192 1281 2242; x_wconf 82' lang='lat' dir='ltr'><strong>interprett.</strong></span> <span class='ocrx_word' id='word_1_311' title='bbox 1293 2191 1378 2228; x_wconf 89' lang='lat' dir='ltr'><strong>coll.</strong></span> <span class='ocrx_word' id='word_1_312' title='bbox 1390 2192 1496 2228; x_wconf 86' lang='lat' dir='ltr'><strong>Pau-</strong></span> 
     </span>
     <span class='ocr_line' id='line_1_63' title="bbox 836 2249 1178 2296; baseline 0.012 -12"><span class='ocrx_word' id='word_1_313' title='bbox 836 2261 915 2285; x_wconf 85' lang='lat' dir='ltr'><strong>san.</strong></span> <span class='ocrx_word' id='word_1_314' title='bbox 937 2249 981 2296; x_wconf 87' lang='lat' dir='ltr'><strong>V,</strong></span> <span class='ocrx_word' id='word_1_315' title='bbox 1005 2251 1056 2289; x_wconf 81' lang='lat'><strong>23</strong></span> <span class='ocrx_word' id='word_1_316' title='bbox 1078 2249 1115 2293; x_wconf 62' lang='grc' dir='ltr'><strong>ξ.</strong></span> <span class='ocrx_word' id='word_1_317' title='bbox 1141 2251 1178 2288; x_wconf 84' lang='lat'><strong>1·</strong></span> 
     </span>
    </p>
   </div>
   <div class='ocr_carea' id='block_1_11' title="bbox 837 2327 1502 2891">
    <p class='ocr_par' dir='ltr' id='par_1_15' title="bbox 837 2327 1502 2891">
     <span class='ocr_line' id='line_1_64' title="bbox 894 2327 1498 2382; baseline 0 -17"><span class='ocrx_word' id='word_1_318' title='bbox 894 2329 944 2382; x_wconf 81' lang='grc' dir='ltr'><strong>τῇ</strong></span> <span class='ocrx_word' id='word_1_319' title='bbox 966 2327 1154 2381; x_wconf 83' lang='grc' dir='ltr'><em>Λημνίῃ]</em></span> <span class='ocrx_word' id='word_1_320' title='bbox 1178 2327 1288 2365; x_wconf 87' lang='lat' dir='ltr'><strong>Conf.</strong></span> <span class='ocrx_word' id='word_1_321' title='bbox 1308 2327 1406 2375; x_wconf 87' lang='lat' dir='ltr'>VIII,</span> <span class='ocrx_word' id='word_1_322' title='bbox 1432 2328 1498 2367; x_wconf 86' lang='grc'><strong>11.</strong></span> 
     </span>
     <span class='ocr_line' id='line_1_65' title="bbox 837 2383 1500 2432; baseline 0.002 -11"><span class='ocrx_word' id='word_1_323' title='bbox 837 2383 900 2421; x_wconf 86' lang='lat' dir='ltr'><strong>Ad</strong></span> <span class='ocrx_word' id='word_1_324' title='bbox 934 2385 1012 2421; x_wconf 80' lang='lat' dir='ltr'><strong>vim</strong></span> <span class='ocrx_word' id='word_1_325' title='bbox 1042 2385 1187 2421; x_wconf 85' lang='lat' dir='ltr'><strong>articuli</strong></span> <span class='ocrx_word' id='word_1_326' title='bbox 1227 2387 1266 2421; x_wconf 88' lang='lat' dir='ltr'><strong>in</strong></span> <span class='ocrx_word' id='word_1_327' title='bbox 1304 2385 1427 2421; x_wconf 82' lang='lat' dir='ltr'><strong>verbis</strong></span> <span class='ocrx_word' id='word_1_328' title='bbox 1458 2383 1500 2432; x_wconf 77' lang='grc' dir='ltr'><strong>ἐς</strong></span> 
     </span>
     <span class='ocr_line' id='line_1_66' title="bbox 838 2437 1500 2494; baseline 0.002 -15"><span class='ocrx_word' id='word_1_329' title='bbox 838 2439 930 2487; x_wconf 79' lang='grc' dir='ltr'><em>τοὶς</em></span> <span class='ocrx_word' id='word_1_330' title='bbox 971 2437 1201 2494; x_wconf 74' lang='grc' dir='ltr'><em>ὀγδώκοντα</em></span> <span class='ocrx_word' id='word_1_331' title='bbox 1239 2440 1306 2480; x_wconf 83' lang='grc' dir='ltr'><strong>καὶ</strong></span> <span class='ocrx_word' id='word_1_332' title='bbox 1339 2456 1500 2492; x_wconf 81' lang='grc' dir='ltr'><em>τριηκο-</em></span> 
     </span>
     <span class='ocr_line' id='line_1_67' title="bbox 840 2498 1499 2549; baseline -0.002 -12"><span class='ocrx_word' id='word_1_333' title='bbox 840 2499 926 2544; x_wconf 85' lang='grc' dir='ltr'><em>σίας</em></span> <span class='ocrx_word' id='word_1_334' title='bbox 947 2502 1047 2548; x_wconf 84' lang='grc' dir='ltr'><em>νῆας</em></span> <span class='ocrx_word' id='word_1_335' title='bbox 1070 2499 1234 2549; x_wconf 82' lang='lat' dir='ltr'><strong>respexit</strong></span> <span class='ocrx_word' id='word_1_336' title='bbox 1264 2498 1398 2535; x_wconf 81' lang='lat' dir='ltr'><strong>Matth.</strong></span> <span class='ocrx_word' id='word_1_337' title='bbox 1431 2499 1499 2536; x_wconf 88' lang='lat' dir='ltr'><strong>Gr.</strong></span> 
     </span>
     <span class='ocr_line' id='line_1_68' title="bbox 841 2554 1500 2606; baseline 0.005 -16"><span class='ocrx_word' id='word_1_338' title='bbox 841 2557 906 2591; x_wconf 90' lang='lat' dir='ltr'><strong>Gr.</strong></span> <span class='ocrx_word' id='word_1_339' title='bbox 929 2556 967 2600; x_wconf 58' lang='grc' dir='ltr'><strong>ξ.</strong></span> <span class='ocrx_word' id='word_1_340' title='bbox 990 2558 1072 2596; x_wconf 80' lang='lat'><strong>267</strong></span> <span class='ocrx_word' id='word_1_341' title='bbox 1093 2567 1181 2606; x_wconf 84' lang='lat' dir='ltr'><strong>pag.</strong></span> <span class='ocrx_word' id='word_1_342' title='bbox 1202 2554 1298 2603; x_wconf 84' lang='lat'><strong><em>550,</em></strong></span> <span class='ocrx_word' id='word_1_343' title='bbox 1316 2556 1381 2606; x_wconf 85' lang='lat' dir='ltr'><strong>qui</strong></span> <span class='ocrx_word' id='word_1_344' title='bbox 1395 2554 1500 2593; x_wconf 87' lang='lat' dir='ltr'><strong>idem</strong></span> 
     </span>
     <span class='ocr_line' id='line_1_69' title="bbox 842 2609 1499 2658; baseline 0.006 -11"><span class='ocrx_word' id='word_1_345' title='bbox 842 2613 880 2658; x_wconf 62' lang='grc' dir='ltr'><strong>ξ.</strong></span> <span class='ocrx_word' id='word_1_346' title='bbox 902 2612 983 2652; x_wconf 78' lang='grc'><strong>355</strong></span> <span class='ocrx_word' id='word_1_347' title='bbox 1004 2618 1101 2648; x_wconf 89' lang='lat' dir='ltr'><strong>nott.</strong></span> <span class='ocrx_word' id='word_1_348' title='bbox 1130 2615 1169 2658; x_wconf 83' lang='lat'><strong>2,</strong></span> <span class='ocrx_word' id='word_1_349' title='bbox 1204 2610 1252 2647; x_wconf 88' lang='lat' dir='ltr'><strong>ad</strong></span> <span class='ocrx_word' id='word_1_350' title='bbox 1282 2625 1394 2649; x_wconf 87' lang='lat' dir='ltr'><strong>voces</strong></span> <span class='ocrx_word' id='word_1_351' title='bbox 1425 2609 1499 2652; x_wconf 79' lang='grc' dir='ltr'><strong>δύο</strong></span> 
     </span>
     <span class='ocr_line' id='line_1_70' title="bbox 842 2666 1502 2719; baseline 0 -13"><span class='ocrx_word' id='word_1_352' title='bbox 842 2671 952 2719; x_wconf 77' lang='grc' dir='ltr'><em>νηῶν</em></span> <span class='ocrx_word' id='word_1_353' title='bbox 965 2666 1502 2719; x_wconf 80' lang='lat' dir='ltr'><strong>conferatur.Schweighaeu-</strong></span> 
     </span>
     <span class='ocr_line' id='line_1_71' title="bbox 842 2723 1501 2777; baseline -0.002 -14"><span class='ocrx_word' id='word_1_354' title='bbox 842 2738 927 2763; x_wconf 87' lang='lat' dir='ltr'><strong>sero</strong></span> <span class='ocrx_word' id='word_1_355' title='bbox 958 2738 1007 2761; x_wconf 86' lang='lat' dir='ltr'><strong>ex</strong></span> <span class='ocrx_word' id='word_1_356' title='bbox 1045 2723 1358 2762; x_wconf 84' lang='lat' dir='ltr'><strong>antecedentibus</strong></span> <span class='ocrx_word' id='word_1_357' title='bbox 1405 2740 1501 2777; x_wconf 90' lang='lat' dir='ltr'><strong>sup-</strong></span> 
     </span>
     <span class='ocr_line' id='line_1_72' title="bbox 843 2778 1500 2833; baseline 0.011 -16"><span class='ocrx_word' id='word_1_358' title='bbox 843 2783 947 2833; x_wconf 88' lang='lat' dir='ltr'><strong>plere</strong></span> <span class='ocrx_word' id='word_1_359' title='bbox 977 2782 1100 2832; x_wconf 85' lang='lat' dir='ltr'><strong>placet</strong></span> <span class='ocrx_word' id='word_1_360' title='bbox 1123 2778 1168 2822; x_wconf 74' lang='grc' dir='ltr'><strong>το“</strong></span> <span class='ocrx_word' id='word_1_361' title='bbox 1203 2778 1406 2823; x_wconf 81' lang='grc' dir='ltr'><em>ναυτικόν.</em></span> <span class='ocrx_word' id='word_1_362' title='bbox 1455 2785 1500 2818; x_wconf 94' lang='lat' dir='ltr'><strong>In</strong></span> 
     </span>
     <span class='ocr_line' id='line_1_73' title="bbox 842 2838 1502 2891; baseline 0.002 -15"><span class='ocrx_word' id='word_1_363' title='bbox 842 2841 924 2891; x_wconf 89' lang='lat' dir='ltr'><strong>ipso</strong></span> <span class='ocrx_word' id='word_1_364' title='bbox 945 2845 1074 2875; x_wconf 87' lang='lat' dir='ltr'><strong>autem</strong></span> <span class='ocrx_word' id='word_1_365' title='bbox 1084 2840 1241 2877; x_wconf 84' lang='lat' dir='ltr'><strong>navium</strong></span> <span class='ocrx_word' id='word_1_366' title='bbox 1249 2852 1410 2877; x_wconf 86' lang='lat' dir='ltr'><strong>numero</strong></span> <span class='ocrx_word' id='word_1_367' title='bbox 1427 2838 1502 2877; x_wconf 88' lang='lat' dir='ltr'><strong>dis-</strong></span> 
     </span>
    </p>
   </div>
   <div class='ocr_carea' id='block_1_12' title="bbox 1197 2897 1223 2936">
    <p class='ocr_par' dir='ltr' id='par_1_16' title="bbox 1197 2897 1223 2936">
     <span class='ocr_line' id='line_1_74' title="bbox 1197 2897 1223 2936; baseline 0 0"><span class='ocrx_word' id='word_1_368' title='bbox 1197 2897 1223 2936; x_wconf 88' lang='lat'>8</span> 
     </span>
    </p>
   </div>
   <div class='ocr_carea' id='block_1_13' title="bbox 1884 0 1996 3236">
    <p class='ocr_par' dir='ltr' id='par_1_17' title="bbox 1884 0 1996 3236">
     <span class='ocr_line' id='line_1_75' title="bbox 1884 0 1996 3236; baseline 0 0"><span class='ocrx_word' id='word_1_369' title='bbox 1884 0 1996 3236; x_wconf 95' lang='lat' dir='ltr'><strong> </strong></span> 
     </span>
    </p>
   </div>
  </div>
 </body>
</html>
