1879 3222
395 199 463 236 DE
492 195 618 235 VITA
648 196 721 234 ET
751 195 985 235 SCRIPTIS
1014 196 1293 235 HERODOTI.
1497 197 1581 238 429

101 311 252 350 alterius
278 312 432 349 nomine
460 308 610 346 Archiae
639 309 817 346 enotavit.
874 311 1000 362 Atque
1020 309 1123 348 hunc
1147 308 1310 348 Archiae
1339 323 1369 348 s.
1390 309 1580 348 Sancrofti

100 371 239 407 librum
260 370 396 406 iterum
415 373 543 416 postea
564 365 845 415 diligentissime
867 373 903 402 et
923 369 1198 404 accuratissime
1214 368 1370 404 contulit
1391 365 1580 404 Gaisford.

100 426 220 476 „Inde
242 426 381 462 sactum
403 429 477 469 est,
518 423 567 458 ait
597 422 699 458 idem
725 421 913 459 Gaisford.
938 425 1100 461 praefat.
1123 439 1160 475 p.
1182 426 1350 461 XXXVI
1380 424 1438 462 ed.
1463 425 1578 474 Lips.,

100 490 141 519 ut
161 495 239 519 non
259 480 372 517 modo
394 485 512 515 errata
534 478 722 530 quaedam
743 480 940 529 corrigere,
971 479 1037 517 sed
1058 488 1098 517 ut
1119 482 1297 518 lectiones
1318 479 1420 518 haud
1441 493 1579 532 paucas

98 538 279 576 hactenus
300 537 451 573 omissas
472 549 560 572 cum
582 536 732 586 publico
754 537 1034 572 communicare
1055 538 1257 587 potuerim.
1315 539 1429 574 Plura
1449 536 1578 574 dehoc

98 595 228 633 codice
257 592 456 629 edisserere
487 590 580 628 nihil
610 593 753 629 attinet.
810 594 916 629 Licet
946 594 1048 628 enim
1079 595 1267 644 permulta
1286 606 1388 631 nunc
1408 595 1579 644 protule-

98 653 181 700 rim,
213 662 375 702 quorum
396 648 534 685 indicio
557 650 634 686 eius
654 648 799 686 indoles
821 650 956 686 certius
978 662 1094 701 quam
1115 657 1225 686 antea
1246 651 1478 698 innotescat,
1515 664 1579 688 sa·

96 710 141 746 tis
169 714 298 744 tamen
330 713 495 743 correcte
528 705 575 742 de
605 707 683 743 eius
712 705 937 756 praestantia
966 705 1148 743 iudicasse
1175 705 1271 743 mihi
1299 706 1475 744 videntur
1508 708 1580 744 viri

95 762 242 802 eruditi.
300 764 427 814 Atque
456 764 559 799 istius
581 762 737 814 quidem
765 762 902 800 codicis
929 776 1000 813 ope
1021 776 1099 799 una
1128 776 1216 800 cum
1237 764 1461 801 lectionibus
1482 765 1578 800 alio-

92 833 178 858 rum
205 819 379 857 codicum
396 821 478 870 plus
494 821 665 857 minusve
688 819 888 870 diligenter
908 821 1103 871 excerptis,
1133 821 1247 858 verba
1269 821 1430 858 auctoris
1450 821 1577 872 aliqua

90 878 225 914 saltem
246 891 293 913 ex
312 884 418 927 parte
438 876 485 913 ad
505 877 689 913 veriorem
709 878 931 927 scripturam
952 890 1129 914 revocare
1149 883 1305 914 conatus
1324 878 1448 915 sum.“
1479 877 1578 913 Cum

89 933 263 971 Mediceo
296 933 426 970 codice
457 935 650 985 alteroque
670 935 888 970 Florentino
913 934 1008 971 libro
1030 932 1132 971 haud
1162 947 1246 971 raro
1279 936 1466 985 conspirat
1486 947 1578 984 pro-

90 990 232 1042 basque
260 991 438 1028 lectiones
459 990 584 1039 affert3
611 1004 683 1027 nec
703 998 831 1027 tamen
849 991 1153 1041 antiquissimum
1174 997 1210 1028 et
1240 992 1429 1042 optimum
1465 990 1577 1027 dixe-

89 1047 162 1084 rim
176 1046 366 1096 codicem,
398 1054 439 1083 ut
458 1048 582 1098 placet
601 1050 682 1084 viro
714 1047 824 1084 docto
844 1048 882 1083 in
898 1046 1173 1097 Ephemeridd.
1194 1049 1359 1086 lenenss.
1387 1050 1531 1088 181711
1543 1061 1576 1085 r.

92 1106 171 1144 162
191 1118 227 1155 p.
254 1105 347 1145 353.
404 1105 579 1155 Namque
597 1105 949 1155 interpolationibus
977 1117 1054 1142 11011
1076 1118 1216 1143 vacuus
1237 1112 1312 1153 est3
1345 1105 1480 1156 quibus
1510 1105 1578 1142 iis-

89 1159 178 1197 dem
207 1174 294 1198 cum
322 1161 467 1198 laboret
514 1161 781 1199 Vindobonensis
815 1161 971 1214 quidam
1000 1163 1107 1211 liber,
1145 1163 1249 1199 cuius
1280 1163 1459 1199 lectiones
1485 1174 1575 1198 cum

86 1217 343 1268 Wesselingio
363 1218 467 1254 fuere
484 1220 805 1268 communicatae,
828 1218 931 1256 haud
949 1220 1026 1256 scio
1046 1232 1094 1255 an
1116 1218 1163 1256 ad
1186 1232 1304 1255 unam
1335 1218 1576 1270 eandemque

85 1273 269 1310 familiam
289 1281 449 1326 uterque
470 1275 592 1312 codex
613 1277 741 1312 referri
765 1275 920 1324 debeat3
952 1277 1018 1312 ubi
1040 1277 1143 1312 enim
1165 1289 1185 1312 a
1207 1275 1392 1324 Mediceo,
1414 1276 1576 1312 Floren-

85 1331 187 1378 tino,
217 1331 296 1367 aliis
317 1330 473 1368 discedit
494 1333 684 1369 Sancrofti
702 1333 818 1379 liber,
840 1346 929 1369 cum
953 1332 1236 1369 vindobonensi
1256 1334 1352 1369 libro
1374 1333 1576 1382 conspirat.

85 1387 190 1432 Quae
210 1400 300 1424 vero
316 1387 417 1424 hisce
441 1388 632 1425 codicibus
653 1391 874 1426 communia
892 1390 1133 1439 reperiuntur
1152 1388 1305 1437 menda,
1346 1402 1389 1425 ea
1409 1390 1576 1440 reliquo-

84 1456 171 1480 rum
191 1443 367 1480 codicum
388 1443 514 1481 adhuc
540 1447 780 1495 cognitorum
798 1459 870 1496 ope
893 1447 974 1483 tolli
995 1454 1212 1498 nequeunt,
1240 1459 1360 1498 quum
1380 1445 1428 1482 ad
1448 1447 1574 1496 priora

83 1507 254 1551 tempora
274 1502 463 1553 librosque
483 1503 936 1554 primitivosrppertineant.
993 1504 1044 1540 Et
1066 1502 1164 1540 hanc
1189 1504 1235 1540 ob
1258 1516 1411 1540 causam
1430 1503 1480 1540 T.
1500 1503 1519 1538 I
1533 1516 1573 1553 p.

84 1557 166 1596 852
187 1556 234 1594 ad
254 1559 300 1605 II,
327 1561 404 1599 158
424 1558 616 1607 dixeram,
653 1559 771 1597 videri
805 1559 1043 1597 Herodoteos
1064 1559 1211 1597 codices
1237 1558 1362 1596 adhuc
1391 1561 1574 1610 supersti-

81 1619 136 1649 tes
159 1626 208 1649 ex
228 1627 303 1650 una
323 1615 465 1651 familia
485 1615 687 1653 oriundos:
717 1617 789 1652 nisi
807 1614 918 1653 huius
928 1617 1094 1652 familiae
1114 1615 1205 1653 duas
1224 1617 1316 1653 velis
1328 1617 1458 1666 stirpes
1478 1629 1573 1652 con-

80 1670 252 1717 stituere,
282 1683 445 1722 quarum
468 1673 583 1708 altera
602 1672 820 1708 Mediceum
841 1685 884 1709 ac
912 1673 1201 1720 Florentinum,
1236 1673 1352 1709 altera
1387 1673 1573 1710 Sancrof-

79 1727 227 1763 tianum
248 1734 284 1764 et
302 1727 638 1765 Vindobonensem
661 1729 801 1766 librum
831 1728 1150 1780 comprehendat:
1182 1741 1418 1781 quamquam
1445 1728 1573 1765 Medi-

80 1785 138 1820 cei
159 1790 196 1820 et
215 1785 424 1821 Florentini
442 1786 482 1820 111
496 1783 599 1822 haud
620 1787 749 1836 paucis
769 1786 860 1822 locis
883 1787 1039 1837 reperiri
1058 1785 1330 1824 dissensionem
1359 1784 1463 1822 haud
1483 1799 1571 1822 sum

79 1840 241 1880 nescius.
298 1842 399 1877 Hinc
436 1848 510 1877 tres
540 1842 718 1879 codicum
749 1843 882 1879 classes
914 1843 1093 1893 distingui
1125 1843 1207 1880 vult
1236 1855 1370 1879 censor
1401 1843 1570 1879 lenensis

81 1896 210 1943 (1817
230 1909 288 1932 1¹1·-
314 1899 388 1936 161
412 1911 450 1947 p.
472 1898 585 1947 352),
617 1906 801 1950 quatenus
820 1899 875 1935 illi
899 1900 978 1936 scil.
1000 1899 1121 1950 magis
1142 1897 1190 1935 ad
1209 1900 1400 1946 Ionicam,
1422 1899 1571 1948 epicam

81 1964 124 1988 ac
144 1952 341 2002 vulgarem
369 1952 571 1990 dialectum
599 1956 795 1992 inclinant.
855 1957 941 2006 Ego
971 1957 1093 1992 nolim
1117 1955 1208 1992 certi
1231 1954 1330 2006 ‘quid
1361 1956 1400 1991 in
1420 1953 1478 1992 his
1499 1954 1570 1992 de-

79 2007 201 2056 finire,
225 2021 323 2060 quae
345 2022 462 2060 quam
481 2011 623 2047 lubrica
645 2019 681 2048 et
702 2013 845 2048 incerta
869 2013 965 2060 sint,
998 2025 1114 2048 nemo
1139 2025 1219 2048 non
1239 2012 1427 2062 intelligit.

193 2067 250 2101 De
286 2065 411 2102 Veneto
441 2065 591 2115 codice,
622 2069 727 2105 cuius
753 2069 934 2105 lectiones
964 2067 1148 2120 quasdam
1175 2081 1195 2104 e
1226 2069 1379 2104 Zanetti
1408 2068 1568 2119 catalog.

78 2121 178 2167 Bibl.
201 2122 242 2158 S.
263 2123 382 2159 Marci
401 2123 450 2161 T.
468 2125 503 2159 Π
522 2137 559 2173 p.
574 2126 650 2164 169
672 2123 826 2161 exhibet
845 2126 1091 2175 Wesselingii
1112 2123 1225 2161 editio
1245 2138 1366 2177 usque
1390 2123 1438 2161 ad
1458 2126 1488 2173 I,
1501 2128 1567 2174 32,

77 2178 186 2228 plura
216 2179 392 2228 nuspiam
424 2181 546 2229 reperi
576 2187 718 2218 notata.
775 2183 922 2229 Restat,
953 2189 995 2218 ut
1026 2181 1073 2218 de
1102 2182 1278 2218 Parisinis
1295 2180 1405 2220 codd.
1428 2180 1568 2229 dicam,

79 2247 242 2286 quorum
261 2241 335 2271 tres
354 2236 394 2271 in
415 2237 660 2287 Wesselingii
680 2251 791 2275 usum
811 2238 966 2275 collatos
988 2245 1024 2275 et
1042 2239 1082 2275 in
1104 2239 1181 2275 eius
1196 2237 1360 2275 editione
1374 2237 1567 2276 distinctos

77 2291 293 2327 invenimus
323 2292 437 2341 signis
463 2294 512 2329 A.
535 2294 580 2331 Β.
604 2294 647 2331 C.
703 2296 838 2346 Neque
867 2307 957 2331 vero
985 2296 1072 2332 satis
1092 2283 1307 2332 accu'ratam
1328 2308 1406 2332 esse
1426 2293 1566 2332 horum

77 2348 318 2386 voluminum
338 2349 591 2398 collationem,
619 2351 700 2401 ipse
718 2351 997 2402 Wesselingius
1014 2353 1092 2388 iam
1114 2359 1342 2403 conquestus
1358 2358 1461 2399 erat3
1481 2358 1566 2402 post

78 2417 195 2456 quem
222 2402 432 2441 Larcherus
461 2406 501 2441 in
531 2409 810 2445 commentariis
840 2410 914 2445 suis
950 2409 1095 2446 Gallico
1124 2422 1299 2445 sermone
1319 2407 1368 2444 ad
1388 2408 1565 2445 Herodo-

77 2467 161 2497 tum
176 2462 393 2511 conscriptis
413 2463 614 2499 nonnullas
634 2462 696 2500 hic
726 2466 802 2501 illic
822 2465 1002 2502 lectiones
1024 2479 1072 2502 ex
1090 2464 1226 2502 iisdem
1247 2466 1383 2502 attulit.
1438 2466 1564 2502 Accu-

78 2519 191 2555 ratius
210 2518 295 2554 illos
315 2531 391 2554 una
412 2532 500 2555 cum
515 2520 632 2557 tribus
651 2522 731 2558 aliis
751 2519 1104 2572 Schweighaeuseri
1124 2528 1258 2572 rogatu
1283 2522 1442 2559 contulit
1462 2523 1563 2559 Gor-

80 2574 217 2623 giades,
239 2575 405 2612 Graecus
425 2574 556 2624 1101110,
595 2578 863 2630 variarumque
877 2580 1172 2630 uniuscuiusque
1192 2577 1330 2616 codicis
1353 2578 1563 2616 lectionum

80 2628 222 2668 libellos
241 2639 430 2682 separatos
451 2631 814 2684 Schweighaeusero
835 2636 1050 2682 transmisit,
1079 2635 1120 2671 in
1140 2636 1245 2673 cuius
1265 2634 1467 2672 editionem
1482 2643 1562 2672 tota

80 2682 173 2722 haec
203 2689 350 2725 collatio
369 2696 521 2740 recepta
543 2697 619 2739 est,
650 2704 776 2744 neque
791 2698 919 2728 tamen
938 2692 998 2728 vel
1013 2693 1065 2728 sic
1087 2690 1222 2729 desunt
1240 2692 1333 2740 loci,
1363 2693 1402 2728 in
1424 2693 1560 2744 quibus

81 2739 174 2792 quid
199 2743 238 2779 in
265 2742 338 2782 hoc
367 2746 446 2782 sive
473 2747 538 2783 illo
559 2747 656 2784 libro
675 2749 911 2796 inveniatur,
941 2747 1078 2785 dubius
1098 2746 1252 2786 haereas
1280 2752 1499 2800 praesertim
1517 2750 1558 2784 in

79 2797 235 2848 siugulis
265 2799 490 2852 quibusdam
520 2803 674 2855 formis,
703 2805 1051 2855 terminationibus,
1081 2805 1162 2845 aliis
1187 2804 1408 2844 huiusmodi
1432 2805 1557 2854 rebus,
