1879 3222
635 203 665 240 J.
695 203 855 239 INDEX
884 204 1077 242 RERUM.
1519 204 1601 244 5⁰1

160 309 202 350 II,
228 309 420 343 143—146.
455 308 582 341 Graeci
607 320 650 342 etr
672 310 824 344 homini-

148 356 220 393 ,hus
245 362 340 390 natos
366 358 452 389 Deos
476 358 509 387 ct
545 355 743 389 hominibus
775 357 824 389 si-

157 402 258 435 miles
289 403 426 441 habent,
465 400 491 441 I,
517 400 596 434 131.
635 402 826 436 Graecani-

156 459 216 480 cus
246 447 385 491 Iupiter,
420 446 480 486 lx,
504 447 537 479 7.
564 446 620 479 dei
655 448 825 482 Graeciae

155 493 338 538 praesides,
385 492 426 532 V,
473 492 530 525 92.
579 493 634 526 dei
683 495 825 528 Graecis

155 550 362 580 communes,
397 537 460 577 lx,
495 538 552 573 90.
596 540 639 572 cI'.
675 541 733 582 w,
767 541 825 575 65.

153 585 317 620 festorum
359 583 573 617 Graecorum
606 586 747 620 nomina
788 587 823 620 in

153 631 294 664 eandem
314 630 470 663 desinunt
495 631 630 664 literam
647 657 656 672 ,
691 633 719 674 Ι,
744 632 822 667 118.

152 677 223 709 vid.
255 676 405 710 Festum.
466 676 592 710 Graeci
617 679 722 720 diem,
755 691 824 722 quo

153 722 331 754 defunctus
355 727 406 755 est
423 727 534 765 pater,
553 724 678 758 festum
699 729 821 770 agunt,

151 768 213 809 IV,
246 767 292 800 26
325 771 395 801 not.
440 769 602 802 vestitum
646 771 826 805 Minervae

152 817 185 846 et
220 813 363 850 aegidus
397 825 418 847 a
453 815 608 859 Libyssis
647 818 824 860 adoptant,

151 859 213 900 IV,
237 859 314 893 189.
341 860 555 894 Graesorum
579 866 612 895 et
644 864 820 907 Lydorum

150 905 246 949 leges
279 906 421 947 similes,
452 907 479 949 I,
513 906 567 940 94.
607 908 822 943 Graecorum

152 963 280 984 coenae
303 963 324 984 a
343 952 452 985 Persis
475 959 679 995 cameratae,
701 955 819 997 1‚133.

152 997 198 1032 οἳ.
222 998 282 1036 lx,
312 997 368 1030 82.
394 999 521 1032 Graeci
544 1000 641 1033 ludos
658 1002 820 1045 Olympi-

151 1054 209 1075 cos
233 1045 420 1084 celebrant,
445 1049 478 1078 et
501 1057 568 1078 non
592 1046 634 1078 de
667 1047 822 1089 pecuniis

153 1089 212 1123 sed
246 1090 287 1122 de
314 1091 410 1123 oleae
441 1101 567 1124 corona
602 1094 820 1134 contendunt,

154 1135 248 1178 VIII,
273 1135 329 1168 26.
353 1147 536 1176 puerorum
562 1139 738 1172 amm-ihus
763 1140 821 1172 de-

151 1181 226 1218 diti,
251 1182 277 1222 I,
302 1181 379 1214 1:35).
406 1200 448 1205 —
483 1183 616 1216 Merces
647 1185 823 1227 accipiunt

152 1238 174 1260 a
198 1227 439 1269 Phoenicibus,
465 1229 491 1269 I,
516 1230 547 1262 1.
573 1230 633 1270 III,
651 1230 821 1264 107111.

153 1273 279 1306 Graeci
317 1273 395 1306 inde
420 1285 441 1306 a
466 1276 714 1310 Psammiticho
738 1289 823 1321 rege

152 1331 231 1351 cum
277 1319 460 1365 Aegyptiis
507 1324 718 1356 commercia
757 1324 823 1356 ha-

151 1366 243 1406 hent,
278 1365 322 1406 ΙΙ,
357 1365 434 1399 154.
469 1367 513 1399 cf.
539 1379 568 1400 c.
593 1368 673 1402 152.
710 1370 823 1403 solam

151 1411 339 1445 Naucratin
375 1413 568 1455 emporium
597 1415 749 1456 habent,
775 1416 822 1456 II,

152 1456 233 1490 178.
267 1456 345 1490 179.
388 1469 408 1491 a
441 1459 624 1504 Cambysis
656 1465 823 1504 tempore,

152 1504 346 1546 frequentes
377 1504 413 1537 in
451 1505 650 1549 Aegyptum
681 1508 824 1541 veniunt

151 1553 186 1581 et
220 1550 393 1583 mercandi
430 1555 463 1584 et
496 1553 667 1586 militandi
707 1564 822 1594 causa,

151 1595 215 1635 ΙΙΙ,
239 1595 317 1629 139.
342 1597 386 1629 cf.
414 1596 458 1636 II,
477 1597 543 1631 154
569 1604 602 1631 et
625 1599 686 1640 III,
710 1599 734 1632 4
753 1605 823 1633 not.

152 1641 277 1674 Graeci
301 1642 364 1674 sub
393 1643 626 1678 Psammenito
660 1645 823 1684 militant,

150 1687 214 1726 ΙΙΙ,
239 1687 293 1719 11.
318 1688 533 1722 Graecorum
564 1690 735 1733 scriptura
768 1691 822 1723 di-

150 1744 252 1766 versa
280 1733 325 1766 ab
357 1734 560 1778 Aegyptiis,
592 1736 649 1777 ΙΙ,
672 1737 717 1770 36
749 1741 821 1769 not.

150 1779 366 1812 Graecorum
374 1782 620 1815 commercium
630 1794 707 1816 cum
721 1782 822 1816 Ponti

152 1824 280 1858 Euxini
299 1826 438 1867 accolis,
451 1828 523 1869 Vll,
534 1828 601 1861 117
617 1832 685 1861 not.
712 1830 823 1862 Grae-

154 1881 215 1903 cae
238 1871 424 1904 sententiae
447 1873 573 1914 Persis,
599 1874 677 1907 aliis
704 1875 822 1908 tribu-

153 1920 221 1957 tae,
240 1916 302 1956 ΙΙΙ,
326 1917 370 1950 71
394 1921 463 1951 not.
487 1919 545 1955 72.
569 1919 614 1953 80
640 1924 708 1953 not.
735 1921 776 1960 V,
801 1921 823 1954 4

153 1966 222 1996 not.
249 1963 288 2000 V,
312 1961 368 1995 24.
395 1964 468 2005 VII,
491 1965 536 1998 10
559 1964 623 2008 §.4
645 1970 715 1999 not.
740 1967 821 2000 coll.

154 2007 230 2047 VII,
251 2007 318 2040 102
341 2012 411 2042 not.
436 2014 469 2043 et
492 2009 569 2044 152.
596 2013 751 2044 Graecae
766 2024 822 2045 re-

153 2053 303 2098 ligiones
326 2059 359 2087 et
383 2066 493 2096 sacra,
521 2057 565 2089 ad
587 2057 673 2090 alias
703 2062 823 2101 gentes

153 2100 332 2140 translata,
358 2102 428 2143 vu,
447 2100 492 2135 53
503 2107 572 2135 not.
597 2104 822 2146 Graeciqua-

153 2146 222 2178 lem
274 2147 422 2189 reipubl.
473 2149 619 2182 liberam
661 2156 822 2183 naturam

153 2191 377 2233 constituunt,
409 2193 472 2234 ΙΙΙ,
504 2194 549 2228 80
582 2198 653 2228 not.
695 2196 822 2229 Graeci

152 2237 190 2271 in
223 2239 420 2272 nominibus
444 2240 657 2284 imponendis
689 2243 822 2285 aliquid

153 2288 322 2326 spectant,
348 2285 406 2326 VI,
428 2285 473 2319 63
496 2292 566 2321 not.
602 2288 728 2322 Graeci
763 2301 823 2322 ne-

155 2330 208 2363 fas
231 2330 360 2364 habent
384 2342 481 2365 saera
505 2344 567 2367 sna
599 2346 676 2367 cum
702 2335 824 2368 alieni-

155 2375 255 2419 genis
286 2378 553 2421 communicare,
585 2380 643 2420 w,
675 2380 720 2414 81
751 2385 821 2417 not.

157 2421 285 2456 Gneci
308 2423 406 2457 triste
428 2428 560 2467 putant,
583 2427 714 2460 nullam
744 2439 824 2471 pro-

155 2469 226 2501 lem
254 2469 395 2511 habere,
421 2470 480 2509 VI,
508 2471 553 2505 86
576 2475 608 2514 ἓ.
632 2472 664 2506 3.
696 2473 823 2507 Graeci

154 2518 334 2558 parentum
361 2516 502 2560 culpam
525 2517 558 2549 in
583 2519 726 2558 posteris
756 2531 823 2563 pu-

156 2560 224 2594 niri
255 2566 394 2604 putant,
429 2563 504 2605 VII,
530 2562 598 2596 137
629 2568 697 2598 not.
743 2567 822 2600 coll.

155 2605 232 2640 134.
259 2607 385 2641 Graeci
408 2608 529 2642 Asiam
543 2609 729 2644 incolentes
747 2612 822 2654 (re-

159 2658 345 2694 censentur,
370 2654 398 2692 Ι.
423 2654 636 2699 142-150.)
660 2667 679 2690 a
695 2658 822 2692 Croeso

157 2698 301 2741 subacti,
324 2700 351 2741 Ι,
374 2700 421 2734 26
443 2713 513 2745 seq.
552 2702 727 2746 Lydorum
750 2704 823 2737 im-

158 2743 255 2786 perio
277 2756 298 2778 a
319 2747 433 2782 Persis
459 2760 590 2791 evers0,
625 2749 751 2783 Sardes
773 2751 823 2783 le-

158 2793 260 2832 gatos
281 2791 419 2832 mittunt
439 2795 484 2830 ad
507 2796 659 2841 Cyrum,
692 2796 721 2838 Ι,
744 2796 822 2832 141.

927 312 987 354 qui
1013 311 1298 346 Lacedaemoniis
1323 312 1523 347 contemtim
1547 325 1602 347 re-

928 359 1082 401 spondet,
1109 359 1136 399 I,
1161 358 1229 393 152
1253 370 1323 402 seq.
1363 360 1553 405 Cambyses
1582 371 1602 393 e

931 404 1075 437 Graecis
1098 404 1197 437 Iones
1220 410 1253 438 et
1276 406 1471 448 Aeolenses,
1493 417 1515 439 a
1538 416 1602 450 pa-

930 452 983 482 tre
1007 462 1069 492 pro
1095 451 1204 483 servis
1229 456 1399 494 acceptos,
1424 463 1541 486 secum
1565 451 1601 486 in

928 496 1124 539 Aegyptum
1150 497 1257 537 ducit,
1283 497 1325 537 ΙΙ,
1353 498 1384 530 l.
1410 498 1470 539 ΙΙΙ,
1500 497 1599 531 125.

927 541 1036 574 Durio
1060 542 1093 574 in
1105 542 1199 575 hello
1211 542 1378 586 Scythico
1402 548 1538 586 pontem
1564 544 1599 577 in

925 586 1013 620 Istro
1050 587 1182 620 factum
1217 589 1421 630 custodiunt,
1456 590 1519 629 lV,
1542 590 1599 624 97.

927 644 998 674 seq.
1025 633 1069 665 cf.
1097 645 1126 666 c.
1154 633 1348 668 137-139.
1378 654 1413 659 -
1440 646 1460 668 a
1486 636 1600 669 Persis

926 678 1102 720 deficiunt,
1134 679 1340 722 Aristagora
1376 687 1526 722 auctore,
1559 682 1600 724 V,

927 724 1076 759 29-37.
1102 725 1200 758 Iones
1224 725 1485 760 Atheniensium
1521 739 1598 770 ope,

927 772 1055 804 Sardes
1079 771 1232 813 capiunt,
1256 772 1297 811 Y,
1325 771 1394 804 100
1415 783 1485 814 seq.
1518 773 1600 806 inde

928 818 1067 850 Bellum
1092 816 1282 857 Persicum,
1307 818 1350 850 cf.
1368 818 1405 857 V,
1425 818 1471 852 97
1486 821 1519 851 et
1530 818 1600 852 vid.

922 864 1170 902 Athenienses„
1193 882 1238 887 --
1285 863 1420 896 Graeci
1456 864 1598 898 Asiatici

922 910 1033 942 denuo
1057 920 1079 942 a
1100 909 1216 942 Persis
1238 909 1392 951 subacti,
1419 910 1477 947 VI.
1501 910 1600 943 31—

924 955 971 988 33
996 960 1028 989 et
1053 966 1168 999 praee.
1193 967 1222 988 c.
1239 954 1295 988 42.
1322 956 1498 989 aGraecis
1510 957 1599 1000 (Eu-

925 1013 1047 1044 ropam
1083 1001 1328 1045 incolentibus)
1370 1003 1498 1035 Darius
1529 1008 1600 1036 ter-

923 1059 1000 1080 ram
1023 1051 1057 1080 et
1081 1057 1206 1090 aquam
1232 1048 1355 1091 poscit,
1388 1048 1445 1090 VI,
1470 1048 1526 1082 48.
1551 1048 1598 1081 cf.

924 1094 1001 1135 vll,
1028 1092 1073 1125 32
1099 1098 1132 1127 et
1156 1093 1222 1125 131
1247 1105 1339 1136 seqq.
1364 1095 1489 1139 Pugna
1520 1095 1600 1127 Ma-

923 1139 1097 1180 rathonia,
1131 1139 1191 1179 VI,
1231 1139 1298 1172 111
1335 1151 1428 1183 seqq.
1473 1141 1600 1173 Darius

924 1197 1051 1218 novam
1123 1185 1375 1228 expeditionem
1431 1187 1597 1220 adversus

925 1232 1078 1265 Graecos
1100 1235 1212 1274 parat,
1236 1231 1310 1273 ΠΙ,
1324 1233 1356 1265 1.
1382 1243 1488 1275 quam
1508 1233 1599 1266 Xer-

925 1289 983 1311 xes
1010 1277 1163 1320 suscipit,
1196 1288 1225 1309 c.
1262 1277 1386 1314 8—19.
1429 1280 1474 1315 cf,
1523 1278 1599 1317 VII,

925 1323 994 1357 239
1028 1328 1061 1356 ct
1094 1335 1167 1365 cap.
1193 1322 1272 1356 133.
1316 1325 1430 1357 Xerxe
1482 1324 1599 1358 adhuc

926 1369 1094 1403 Sardibus
1114 1375 1284 1408 versante,
1309 1370 1436 1403 Graeci
1460 1375 1600 1404 mutuas

926 1415 1125 1449 inimicitias
1161 1415 1370 1456 dissolvunt,
1414 1417 1489 1458 VII,
1531 1414 1599 1449 145

927 1474 997 1504 seq.
1037 1473 1144 1504 eoque
1178 1462 1362 1495 Graeciam
1394 1462 1467 1496 iam
1498 1462 1600 1496 inva-

927 1509 1038 1548 dente,
1063 1509 1122 1541 alii
1139 1519 1257 1540 eorum
1273 1508 1385 1541 Persis
1409 1514 1538 1543 terram
1563 1512 1600 1542 et

925 1565 1051 1596 aquam
1077 1555 1169 1593 daut,
1200 1555 1275 1595 VII,
1301 1554 1379 1587 138.
1405 1556 1450 1588 cf.
1477 1567 1504 1589 c.
1517 1554 1597 1588 178.

925 1601 1029 1633 ceteri
1055 1600 1118 1632 hos
1143 1600 1310 1640 Delphico
1333 1601 1397 1633 deo
1420 1601 1599 1634 deciman-

926 1647 987 1678 ‹los
1003 1645 1128 1685 iurant,
1154 1645 1230 1685 VII,
1242 1645 1319 1678 132.
1346 1646 1598 1680 GraeciThra-

924 1692 1015 1724 ciam
1058 1691 1248 1724 incolentes
1280 1703 1358 1724 cum
1392 1694 1509 1726 Xerxe
1531 1692 1598 1725 mi-

923 1737 1038 1777 litant,
1084 1737 1158 1775 VII,
1205 1735 1283 1772 185.
1315 1738 1359 1770 cf.
1402 1738 1496 1780 VIII,
1539 1737 1598 1773 66.

923 1783 1048 1817 Graeci
1077 1783 1223 1816 meliora
1246 1784 1438 1825 sentientes,
1461 1785 1598 1828 legatos

923 1830 959 1862 iu
983 1830 1153 1862 Isthmum
1179 1829 1330 1870 mittunt,
1370 1831 1429 1873 qui
1453 1842 1515 1872 pro
1539 1841 1598 1862 sa-

925 1877 997 1909 lute
1022 1875 1193 1908 Graeciae
1216 1875 1418 1916 deliberent,
1444 1876 1516 1914 VII,
1527 1875 1596 1909 172

926 1923 975 1954 cf.
997 1920 1074 1953 145.
1113 1920 1235 1964 Argivi
1260 1921 1461 1955 societatem
1485 1922 1596 1955 Grae-

926 1978 1045 1999 corum
1095 1971 1265 2007 recusant,
1309 1979 1339 1999 c.
1384 1967 1452 2001 148
1502 1979 1595 2011 seqq.

925 2014 1139 2045 Graecorum
1174 2012 1282 2055 legati
1308 2013 1342 2044 in
1367 2014 1524 2047 Siciliam
1551 2014 1596 2047 ad

923 2059 1090 2092 Gelonem
1115 2058 1440 2103 missi.c.153seqq.
1467 2059 1597 2094 Graeci

924 2116 947 2139 a
970 2105 1175 2148 Corcyraeis
1200 2105 1366 2145 frustrati,
1389 2118 1419 2141 c.
1445 2105 1526 2139 168.
1560 2109 1594 2139 et

925 2162 947 2186 a
969 2151 1200 2192 Cretensibus,
1235 2163 1264 2184 c.
1289 2151 1357 2184 169
1380 2164 1449 2195 seq.
1482 2153 1595 2185 Thes-

924 2197 1014 2231 salos
1056 2197 1166 2230 socios
1205 2196 1378 2235 amittunt.
1411 2210 1442 2231 c.
1481 2197 1595 2231 172—-

924 2242 1002 2277 174.
1039 2244 1231 2278 Decet-nunt
1261 2244 1304 2276 ad
1337 2244 1596 2288 Thermopylas

925 2294 959 2323 et
982 2289 1209 2323 Artemisium
1233 2289 1422 2323 barbarum
1453 2290 1596 2323 introitu

922 2336 960 2369 in
998 2335 1184 2368 Graeciam
1217 2335 1414 2379 prohibere,
1462 2348 1492 2370 c.
1526 2335 1595 2369 173

924 2393 1018 2425 seqq.
1044 2381 1172 2415 Graeci
1183 2382 1228 2415 ad
1237 2382 1495 2426 Thermopylas
1509 2383 1594 2415 Per-

924 2440 1002 2462 sam
1034 2431 1244 2472 exspectant,
1283 2427 1352 2461 202
1383 2432 1454 2462 not.
1499 2440 1593 2470 seqq.

925 2485 1008 2508 mox
1030 2474 1072 2507 de
1093 2478 1233 2514 receptu
1252 2475 1457 2517 consultant,
1483 2486 1512 2508 c.
1526 2473 1594 2508 207

925 2532 994 2563 seq.
1021 2520 1065 2553 cf.
1090 2532 1120 2553 c.
1142 2519 1211 2553 219
1235 2531 1327 2563 seqq.
1352 2520 1432 2554 222.
1468 2519 1595 2554 Graeci

924 2565 1126 2610 olympicos
1163 2566 1264 2600 ludos
1302 2571 1431 2611 agunt,
1478 2567 1594 2600 Xerxe

924 2612 1183 2656 Thermopylas
1225 2617 1466 2658 expugnante,
1504 2612 1589 2645 vlll

925 2659 982 2692 26.
1014 2659 1059 2693 ct'.
1095 2658 1167 2701 v11,
1189 2657 1269 2693 206.
1292 2678 1338 2684 -
1379 2660 1594 2693 Graecorum

925 2704 1044 2738 classis
1075 2704 1120 2738 ad
1154 2705 1390 2746 Artemisium,
1430 2705 1522 2747 vm,
1569 2703 1592 2736 1

924 2762 995 2793 seq.
1019 2750 1062 2783 de
1083 2755 1223 2794 receptu
1254 2752 1298 2785 ad
1329 2752 1499 2786 Isthmum
1533 2750 1592 2782 de-

927 2797 1088 2840 liberant,
1110 2808 1140 2831 c.
1163 2795 1187 2831 4
1210 2802 1244 2833 et
1259 2797 1315 2833 18.
1339 2799 1424 2833 cf.c.
1440 2797 1487 2832 49
1497 2807 1589 2840 seqq.
