<?xml version="1.0" encoding="UTF-8"?>
<!DOCTYPE html PUBLIC "-//W3C//DTD XHTML 1.0 Transitional//EN"
    "http://www.w3.org/TR/xhtml1/DTD/xhtml1-transitional.dtd">
<html xmlns="http://www.w3.org/1999/xhtml" xml:lang="en" lang="en">
 <head>
  <title>
</title>
<meta http-equiv="Content-Type" content="text/html;charset=utf-8" />
  <meta name='ocr-system' content='tesseract 3.04.00' />
  <meta name='ocr-capabilities' content='ocr_page ocr_carea ocr_par ocr_line ocrx_word'/>
</head>
<body>
  <div class='ocr_page' id='page_1' title='image "./musaeherodoto04hero_0206.png"; bbox 0 0 1996 3238; ppageno 0'>
   <div class='ocr_carea' id='block_1_1' title="bbox 492 253 575 293">
    <p class='ocr_par' dir='ltr' id='par_1_1' title="bbox 492 253 575 293">
     <span class='ocr_line' id='line_1_1' title="bbox 492 253 575 293; baseline -0.024 0"><span class='ocrx_word' id='word_1_1' title='bbox 492 253 575 293; x_wconf 77' lang='lat'><em>196</em></span> 
     </span>
    </p>
   </div>
   <div class='ocr_carea' id='block_1_2' title="bbox 899 248 1360 286">
    <p class='ocr_par' dir='ltr' id='par_1_2' title="bbox 899 248 1360 286">
     <span class='ocr_line' id='line_1_2' title="bbox 899 248 1360 286; baseline 0.004 -2"><span class='ocrx_word' id='word_1_2' title='bbox 899 248 1360 286; x_wconf 76' lang='lat' dir='ltr'>HERODOTI</span> 
     </span>
    </p>
   </div>
   <div class='ocr_carea' id='block_1_3' title="bbox 465 350 1802 616">
    <p class='ocr_par' dir='ltr' id='par_1_3' title="bbox 465 350 1802 616">
     <span class='ocr_line' id='line_1_3' title="bbox 465 350 1802 412; baseline -0.004 -10"><span class='ocrx_word' id='word_1_3' title='bbox 465 362 608 412; x_wconf 77' lang='grc' dir='ltr'><em>2,,νῦν</em></span> <span class='ocrx_word' id='word_1_4' title='bbox 645 373 688 400; x_wconf 85' lang='grc' dir='ltr'><em>τε</em></span> <span class='ocrx_word' id='word_1_5' title='bbox 727 350 831 407; x_wconf 78' lang='grc' dir='ltr'><em>ὦδε,</em></span> <span class='ocrx_word' id='word_1_6' title='bbox 872 355 1120 412; x_wconf 80' lang='grc' dir='ltr'><strong><em>Μαρδόνιε,</em></strong></span> <span class='ocrx_word' id='word_1_7' title='bbox 1167 357 1298 400; x_wconf 82' lang='grc' dir='ltr'><em>ποίεε.</em></span> <span class='ocrx_word' id='word_1_8' title='bbox 1358 359 1487 400; x_wconf 85' lang='grc' dir='ltr'><em>τοῦτο</em></span> <span class='ocrx_word' id='word_1_9' title='bbox 1533 354 1630 411; x_wconf 75' lang='grc' dir='ltr'><em>μὲν,</em></span> <span class='ocrx_word' id='word_1_10' title='bbox 1668 355 1802 412; x_wconf 82' lang='grc' dir='ltr'><em>τὴν45</em></span> 
     </span>
     <span class='ocr_line' id='line_1_4' title="bbox 494 422 1746 482; baseline -0.002 -14"><span class='ocrx_word' id='word_1_11' title='bbox 494 430 605 482; x_wconf 78' lang='grc' dir='ltr'><em>,,γῆν</em></span> <span class='ocrx_word' id='word_1_12' title='bbox 635 436 714 480; x_wconf 81' lang='grc' dir='ltr'><em>σφι</em></span> <span class='ocrx_word' id='word_1_13' title='bbox 744 424 927 475; x_wconf 77' lang='grc' dir='ltr'><em>ἀπόδος·</em></span> <span class='ocrx_word' id='word_1_14' title='bbox 957 427 1089 468; x_wconf 79' lang='grc' dir='ltr'><em>τοῦτο</em></span> <span class='ocrx_word' id='word_1_15' title='bbox 1121 424 1179 475; x_wconf 75' lang='grc' dir='ltr'><em>δὲ,</em></span> <span class='ocrx_word' id='word_1_16' title='bbox 1210 425 1345 480; x_wconf 71' lang='grc' dir='ltr'><em>ἄλλην</em></span> <span class='ocrx_word' id='word_1_17' title='bbox 1363 424 1471 477; x_wconf 85' lang='grc' dir='ltr'><em>πρὸς</em></span> <span class='ocrx_word' id='word_1_18' title='bbox 1497 423 1632 479; x_wconf 82' lang='grc' dir='ltr'><em>ταύτῃ</em></span> <span class='ocrx_word' id='word_1_19' title='bbox 1663 422 1746 466; x_wconf 79' lang='grc' dir='ltr'><em>ἑλέ-</em></span> 
     </span>
     <span class='ocr_line' id='line_1_5' title="bbox 497 489 1749 547; baseline -0.002 -10"><span class='ocrx_word' id='word_1_20' title='bbox 497 499 646 543; x_wconf 78' lang='grc' dir='ltr'><em>,,σθων</em></span> <span class='ocrx_word' id='word_1_21' title='bbox 678 491 827 543; x_wconf 78' lang='grc' dir='ltr'><em>αὐτοὶ,</em></span> <span class='ocrx_word' id='word_1_22' title='bbox 858 491 912 547; x_wconf 81' lang='grc' dir='ltr'><em>ἦν</em></span> <span class='ocrx_word' id='word_1_23' title='bbox 946 509 1042 535; x_wconf 81' lang='grc' dir='ltr'><em>τινα</em></span> <span class='ocrx_word' id='word_1_24' title='bbox 1073 491 1128 534; x_wconf 74' lang='grc' dir='ltr'><em>ἂν</em></span> <span class='ocrx_word' id='word_1_25' title='bbox 1159 493 1358 542; x_wconf 80' lang='grc' dir='ltr'><em>ἐθέλωσι,</em></span> <span class='ocrx_word' id='word_1_26' title='bbox 1399 490 1539 541; x_wconf 79' lang='grc' dir='ltr'><em>ἐόντες</em></span> <span class='ocrx_word' id='word_1_27' title='bbox 1569 489 1749 534; x_wconf 81' lang='grc' dir='ltr'><em>αὐτόνο-</em></span> 
     </span>
     <span class='ocr_line' id='line_1_6' title="bbox 499 556 1751 616; baseline -0.002 -14"><span class='ocrx_word' id='word_1_28' title='bbox 499 572 623 616; x_wconf 86' lang='grc' dir='ltr'><em>,,μοι·</em></span> <span class='ocrx_word' id='word_1_29' title='bbox 658 559 732 612; x_wconf 77' lang='grc' dir='ltr'><em>ἱροί</em></span> <span class='ocrx_word' id='word_1_30' title='bbox 758 576 801 603; x_wconf 83' lang='grc' dir='ltr'><em>τε</em></span> <span class='ocrx_word' id='word_1_31' title='bbox 830 559 973 602; x_wconf 77' lang='grc' dir='ltr'><em>πάντα</em></span> <span class='ocrx_word' id='word_1_32' title='bbox 1003 571 1102 614; x_wconf 75' lang='grc' dir='ltr'><em>σφι,</em></span> <span class='ocrx_word' id='word_1_33' title='bbox 1131 557 1188 613; x_wconf 79' lang='grc' dir='ltr'><em>ἢν</em></span> <span class='ocrx_word' id='word_1_34' title='bbox 1217 559 1268 616; x_wconf 72' lang='grc' dir='ltr'><em>δή</em></span> <span class='ocrx_word' id='word_1_35' title='bbox 1299 558 1545 615; x_wconf 79' lang='grc' dir='ltr'><em>βούλωνταί</em></span> <span class='ocrx_word' id='word_1_36' title='bbox 1578 575 1624 613; x_wconf 79' lang='grc' dir='ltr'><em>γε</em></span> <span class='ocrx_word' id='word_1_37' title='bbox 1654 556 1751 611; x_wconf 82' lang='grc' dir='ltr'><em>ἐμοὶ</em></span> 
     </span>
    </p>
   </div>
   <div class='ocr_carea' id='block_1_4' title="bbox 468 625 1585 683">
    <p class='ocr_par' dir='ltr' id='par_1_4' title="bbox 468 625 1585 683">
     <span class='ocr_line' id='line_1_7' title="bbox 468 625 1585 683; baseline -0.003 -13"><span class='ocrx_word' id='word_1_38' title='bbox 468 627 801 683; x_wconf 81' lang='grc' dir='ltr'><em>3,,ὁμολογέειν,</em></span> <span class='ocrx_word' id='word_1_39' title='bbox 833 625 1116 679; x_wconf 79' lang='grc' dir='ltr'><em>ἀνόρθωσον,</em></span> <span class='ocrx_word' id='word_1_40' title='bbox 1149 626 1232 669; x_wconf 82' lang='grc' dir='ltr'><em>ὅσα</em></span> <span class='ocrx_word' id='word_1_41' title='bbox 1262 627 1343 683; x_wconf 77' lang='grc' dir='ltr'><em>ἐγὼ</em></span> <span class='ocrx_word' id='word_1_42' title='bbox 1363 627 1585 681; x_wconf 80' lang='grc' dir='ltr'><em>ἐνέπρησα.</em></span> 
     </span>
    </p>
   </div>
   <div class='ocr_carea' id='block_1_5' title="bbox 1648 623 1808 668">
    <p class='ocr_par' dir='ltr' id='par_1_5' title="bbox 1648 623 1808 668">
     <span class='ocr_line' id='line_1_8' title="bbox 1648 623 1808 668; baseline -0.019 -1"><span class='ocrx_word' id='word_1_43' title='bbox 1648 623 1753 668; x_wconf 90' lang='grc' dir='ltr'><em>Τού-</em></span> <span class='ocrx_word' id='word_1_44' title='bbox 1764 629 1808 665; x_wconf 88' lang='grc'><em>50</em></span> 
     </span>
    </p>
   </div>
   <div class='ocr_carea' id='block_1_6' title="bbox 495 693 1752 818">
    <p class='ocr_par' dir='ltr' id='par_1_6' title="bbox 495 693 1752 818">
     <span class='ocr_line' id='line_1_9' title="bbox 495 693 1752 750; baseline -0.002 -12"><span class='ocrx_word' id='word_1_45' title='bbox 495 712 609 748; x_wconf 88' lang='grc' dir='ltr'><em>,,των</em></span> <span class='ocrx_word' id='word_1_46' title='bbox 638 695 683 738; x_wconf 81' lang='grc' dir='ltr'><em>δὲ</em></span> <span class='ocrx_word' id='word_1_47' title='bbox 707 693 969 750; x_wconf 73' lang='grc' dir='ltr'><em>ἀπιγμένων,</em></span> <span class='ocrx_word' id='word_1_48' title='bbox 992 693 1239 748; x_wconf 73' lang='grc' dir='ltr'><em>ἀναγκαίως</em></span> <span class='ocrx_word' id='word_1_49' title='bbox 1269 693 1350 748; x_wconf 77' lang='grc' dir='ltr'><em>ἔχει</em></span> <span class='ocrx_word' id='word_1_50' title='bbox 1367 711 1441 749; x_wconf 91' lang='grc' dir='ltr'><em>μοι</em></span> <span class='ocrx_word' id='word_1_51' title='bbox 1462 695 1623 737; x_wconf 87' lang='grc' dir='ltr'><em>ποιέειν</em></span> <span class='ocrx_word' id='word_1_52' title='bbox 1651 696 1752 736; x_wconf 84' lang='grc' dir='ltr'><em>ταῦ·</em></span> 
     </span>
     <span class='ocr_line' id='line_1_10' title="bbox 497 760 1752 818; baseline -0.002 -12"><span class='ocrx_word' id='word_1_53' title='bbox 497 780 597 815; x_wconf 85' lang='grc' dir='ltr'><em>,,τα,</em></span> <span class='ocrx_word' id='word_1_54' title='bbox 628 760 684 817; x_wconf 76' lang='grc' dir='ltr'><em>ἢν</em></span> <span class='ocrx_word' id='word_1_55' title='bbox 714 761 772 818; x_wconf 82' lang='grc' dir='ltr'><em>μὴ</em></span> <span class='ocrx_word' id='word_1_56' title='bbox 810 764 886 804; x_wconf 78' lang='grc' dir='ltr'><em>τόν</em></span> <span class='ocrx_word' id='word_1_57' title='bbox 916 760 1123 814; x_wconf 78' lang='grc' dir='ltr'><em>ὑμέτερον</em></span> <span class='ocrx_word' id='word_1_58' title='bbox 1159 760 1309 803; x_wconf 67' lang='grc' dir='ltr'><em>ἀντίον</em></span> <span class='ocrx_word' id='word_1_59' title='bbox 1337 762 1539 817; x_wconf 78' lang='grc' dir='ltr'><em>γένηται..</em></span> <span class='ocrx_word' id='word_1_60' title='bbox 1596 761 1752 816; x_wconf 80' lang='grc' dir='ltr'><em>,,Λέγω</em></span> 
     </span>
    </p>
   </div>
   <div class='ocr_carea' id='block_1_7' title="bbox 498 827 851 885">
    <p class='ocr_par' dir='ltr' id='par_1_7' title="bbox 498 827 851 885">
     <span class='ocr_line' id='line_1_11' title="bbox 498 827 851 885; baseline -0.006 -11"><span class='ocrx_word' id='word_1_61' title='bbox 498 831 574 882; x_wconf 78' lang='grc' dir='ltr'><em>,,ὁὲ</em></span> <span class='ocrx_word' id='word_1_62' title='bbox 604 827 710 885; x_wconf 80' lang='grc' dir='ltr'><em>ὑμῖν</em></span> <span class='ocrx_word' id='word_1_63' title='bbox 738 829 851 872; x_wconf 76' lang='grc' dir='ltr'><em>τάδε.</em></span> 
     </span>
    </p>
   </div>
   <div class='ocr_carea' id='block_1_8' title="bbox 911 827 1756 884">
    <p class='ocr_par' dir='ltr' id='par_1_8' title="bbox 911 827 1756 884">
     <span class='ocr_line' id='line_1_12' title="bbox 911 827 1756 884; baseline -0.001 -13"><span class='ocrx_word' id='word_1_64' title='bbox 911 833 996 871; x_wconf 86' lang='grc' dir='ltr'><em>νῦν</em></span> <span class='ocrx_word' id='word_1_65' title='bbox 1024 831 1065 872; x_wconf 84' lang='grc' dir='ltr'><em>τί</em></span> <span class='ocrx_word' id='word_1_66' title='bbox 1101 830 1329 884; x_wconf 76' lang='grc' dir='ltr'><em>μαίνεσθε,</em></span> <span class='ocrx_word' id='word_1_67' title='bbox 1367 828 1559 882; x_wconf 86' lang='grc' dir='ltr'><em>πόλεμον</em></span> <span class='ocrx_word' id='word_1_68' title='bbox 1588 827 1756 884; x_wconf 79' lang='grc' dir='ltr'><em>βασιλέϊ</em></span> 
     </span>
    </p>
   </div>
   <div class='ocr_carea' id='block_1_9' title="bbox 470 894 1812 1291">
    <p class='ocr_par' dir='ltr' id='par_1_9' title="bbox 470 894 1812 1291">
     <span class='ocr_line' id='line_1_13' title="bbox 497 894 1756 952; baseline -0.002 -11"><span class='ocrx_word' id='word_1_69' title='bbox 497 895 879 952; x_wconf 80' lang='grc' dir='ltr'><em>,,ἇνταειρόμενοι;</em></span> <span class='ocrx_word' id='word_1_70' title='bbox 918 895 1018 939; x_wconf 83' lang='grc' dir='ltr'><em>οὔτε</em></span> <span class='ocrx_word' id='word_1_71' title='bbox 1055 895 1140 951; x_wconf 74' lang='grc' dir='ltr'><em>γὰρ</em></span> <span class='ocrx_word' id='word_1_72' title='bbox 1183 895 1239 939; x_wconf 69' lang='grc' dir='ltr'><em>ἂν</em></span> <span class='ocrx_word' id='word_1_73' title='bbox 1274 894 1617 951; x_wconf 78' lang='grc' dir='ltr'><em>ὑπερβάλοισθε,</em></span> <span class='ocrx_word' id='word_1_74' title='bbox 1657 895 1756 939; x_wconf 79' lang='grc' dir='ltr'><em>οὔτε</em></span> 
     </span>
     <span class='ocr_line' id='line_1_14' title="bbox 470 961 1812 1019; baseline -0.002 -13"><span class='ocrx_word' id='word_1_75' title='bbox 470 964 612 1019; x_wconf 80' lang='grc' dir='ltr'><em>4,,οἶοί</em></span> <span class='ocrx_word' id='word_1_76' title='bbox 640 981 683 1008; x_wconf 89' lang='grc' dir='ltr'><em>τε</em></span> <span class='ocrx_word' id='word_1_77' title='bbox 714 964 804 1007; x_wconf 80' lang='grc' dir='ltr'><em>ἐστὲ</em></span> <span class='ocrx_word' id='word_1_78' title='bbox 834 962 1026 1019; x_wconf 69' lang='grc' dir='ltr'><em>ἀντέχειν</em></span> <span class='ocrx_word' id='word_1_79' title='bbox 1041 961 1120 1008; x_wconf 78' lang='grc' dir='ltr'><em>τόν</em></span> <span class='ocrx_word' id='word_1_80' title='bbox 1148 961 1289 1006; x_wconf 83' lang='grc' dir='ltr'><em>πάντα</em></span> <span class='ocrx_word' id='word_1_81' title='bbox 1310 962 1483 1019; x_wconf 86' lang='grc' dir='ltr'><em>χρόνον.</em></span> <span class='ocrx_word' id='word_1_82' title='bbox 1523 964 1651 1006; x_wconf 76' lang='grc' dir='ltr'><em>εἴδετε</em></span> <span class='ocrx_word' id='word_1_83' title='bbox 1678 961 1757 1017; x_wconf 78' lang='grc' dir='ltr'><em>μὲν</em></span> <span class='ocrx_word' id='word_1_84' title='bbox 1769 966 1812 1003; x_wconf 83' lang='grc'><em>55</em></span> 
     </span>
     <span class='ocr_line' id='line_1_15' title="bbox 501 1027 1754 1089; baseline -0.002 -13"><span class='ocrx_word' id='word_1_85' title='bbox 501 1033 612 1089; x_wconf 73' lang='grc' dir='ltr'><em>,,γοὶρ</em></span> <span class='ocrx_word' id='word_1_86' title='bbox 642 1035 717 1087; x_wconf 79' lang='grc' dir='ltr'><em>τῆς</em></span> <span class='ocrx_word' id='word_1_87' title='bbox 747 1032 914 1084; x_wconf 79' lang='grc' dir='ltr'><em>Ξέρξεω</em></span> <span class='ocrx_word' id='word_1_88' title='bbox 947 1032 1256 1087; x_wconf 81' lang='grc' dir='ltr'><em>στρατηλασίης</em></span> <span class='ocrx_word' id='word_1_89' title='bbox 1293 1031 1342 1074; x_wconf 81' lang='grc' dir='ltr'><em>τό</em></span> <span class='ocrx_word' id='word_1_90' title='bbox 1373 1035 1560 1086; x_wconf 79' lang='grc' dir='ltr'><em>πλῆθος,</em></span> <span class='ocrx_word' id='word_1_91' title='bbox 1598 1029 1673 1073; x_wconf 85' lang='grc' dir='ltr'><em>καὶ</em></span> <span class='ocrx_word' id='word_1_92' title='bbox 1700 1027 1754 1072; x_wconf 77' lang='grc' dir='ltr'><em>τοὶ</em></span> 
     </span>
     <span class='ocr_line' id='line_1_16' title="bbox 499 1096 1757 1154; baseline -0.002 -11"><span class='ocrx_word' id='word_1_93' title='bbox 499 1101 650 1154; x_wconf 56' lang='grc' dir='ltr'><em>»ἔργον</em></span> <span class='ocrx_word' id='word_1_94' title='bbox 692 1098 975 1142; x_wconf 76' lang='grc' dir='ltr'><em>πυνθάνεσθε</em></span> <span class='ocrx_word' id='word_1_95' title='bbox 1005 1099 1052 1142; x_wconf 79' lang='grc' dir='ltr'><em>δὲ</em></span> <span class='ocrx_word' id='word_1_96' title='bbox 1081 1099 1155 1142; x_wconf 84' lang='grc' dir='ltr'><em>καὶ</em></span> <span class='ocrx_word' id='word_1_97' title='bbox 1189 1098 1268 1153; x_wconf 82' lang='grc' dir='ltr'><em>τὴν</em></span> <span class='ocrx_word' id='word_1_98' title='bbox 1302 1101 1385 1141; x_wconf 87' lang='grc' dir='ltr'><em>νῦν</em></span> <span class='ocrx_word' id='word_1_99' title='bbox 1415 1096 1521 1152; x_wconf 85' lang='grc' dir='ltr'><em>παρ’</em></span> <span class='ocrx_word' id='word_1_100' title='bbox 1559 1097 1629 1153; x_wconf 79' lang='grc' dir='ltr'><em>ἐμὲ</em></span> <span class='ocrx_word' id='word_1_101' title='bbox 1658 1097 1757 1141; x_wconf 86' lang='grc' dir='ltr'><em>ἐοῦ-</em></span> 
     </span>
     <span class='ocr_line' id='line_1_17' title="bbox 500 1164 1758 1223; baseline -0.002 -13"><span class='ocrx_word' id='word_1_102' title='bbox 500 1180 612 1220; x_wconf 84' lang='grc' dir='ltr'><em>,,σαν</em></span> <span class='ocrx_word' id='word_1_103' title='bbox 642 1165 849 1222; x_wconf 84' lang='grc' dir='ltr'><em>δύναμιν·</em></span> <span class='ocrx_word' id='word_1_104' title='bbox 880 1165 985 1209; x_wconf 79' lang='grc' dir='ltr'><em>ὥστε</em></span> <span class='ocrx_word' id='word_1_105' title='bbox 1003 1167 1076 1210; x_wconf 80' lang='grc' dir='ltr'><em>καὶ</em></span> <span class='ocrx_word' id='word_1_106' title='bbox 1103 1167 1158 1222; x_wconf 73' lang='grc' dir='ltr'><em>ἢν</em></span> <span class='ocrx_word' id='word_1_107' title='bbox 1179 1164 1313 1223; x_wconf 80' lang='grc' dir='ltr'><em>ἡμέας</em></span> <span class='ocrx_word' id='word_1_108' title='bbox 1335 1164 1653 1222; x_wconf 76' lang='grc' dir='ltr'><em>ὑπερβάλησθε,</em></span> <span class='ocrx_word' id='word_1_109' title='bbox 1684 1164 1758 1207; x_wconf 78' lang='grc' dir='ltr'><em>καὶ</em></span> 
     </span>
     <span class='ocr_line' id='line_1_18' title="bbox 500 1226 1811 1291; baseline -0.003 -13"><span class='ocrx_word' id='word_1_110' title='bbox 500 1234 752 1291; x_wconf 75' lang='grc' dir='ltr'><em>,,νικη’σητε,</em></span> <span class='ocrx_word' id='word_1_111' title='bbox 791 1237 886 1285; x_wconf 80' lang='grc' dir='ltr'><em>(τοῦ</em></span> <span class='ocrx_word' id='word_1_112' title='bbox 913 1250 993 1290; x_wconf 90' lang='grc' dir='ltr'><em>περ</em></span> <span class='ocrx_word' id='word_1_113' title='bbox 1022 1234 1127 1291; x_wconf 84' lang='grc' dir='ltr'><em>ὑμῖν</em></span> <span class='ocrx_word' id='word_1_114' title='bbox 1157 1233 1339 1290; x_wconf 84' lang='grc' dir='ltr'><em>ου’δεμία</em></span> <span class='ocrx_word' id='word_1_115' title='bbox 1369 1233 1512 1287; x_wconf 77' lang='grc' dir='ltr'><em>ἐλπὶς,</em></span> <span class='ocrx_word' id='word_1_116' title='bbox 1558 1234 1674 1289; x_wconf 87' lang='grc' dir='ltr'><em>ε’ίπερ</em></span> <span class='ocrx_word' id='word_1_117' title='bbox 1705 1226 1755 1276; x_wconf 85' lang='grc' dir='ltr'><em>εὖ</em></span> <span class='ocrx_word' id='word_1_118' title='bbox 1767 1238 1811 1272; x_wconf 88' lang='grc'><em>60</em></span> 
     </span>
    </p>
   </div>
   <div class='ocr_carea' id='block_1_10' title="bbox 444 1356 715 1363">
    <p class='ocr_par' dir='ltr' id='par_1_10' title="bbox 444 1356 715 1363">
     <span class='ocr_line' id='line_1_19' title="bbox 444 1356 715 1363; baseline 0 1875"><span class='ocrx_word' id='word_1_119' title='bbox 444 1356 715 1363; x_wconf 95' lang='lat' dir='ltr'><em> </em></span> 
     </span>
    </p>
   </div>
   <div class='ocr_carea' id='block_1_11' title="bbox 441 1430 1108 2893">
    <p class='ocr_par' dir='ltr' id='par_1_11' title="bbox 442 1430 1101 1527">
     <span class='ocr_line' id='line_1_20' title="bbox 442 1430 1101 1485; baseline -0.003 -15"><span class='ocrx_word' id='word_1_120' title='bbox 442 1431 530 1485; x_wconf 79' lang='grc' dir='ltr'><em>ἐμέ,·</em></span> <span class='ocrx_word' id='word_1_121' title='bbox 560 1431 664 1484; x_wconf 83' lang='lat' dir='ltr'>quod</span> <span class='ocrx_word' id='word_1_122' title='bbox 685 1437 887 1469; x_wconf 82' lang='lat' dir='ltr'>tenuerunt</span> <span class='ocrx_word' id='word_1_123' title='bbox 905 1430 1101 1472; x_wconf 83' lang='lat' dir='ltr'><strong>Schaefer.</strong></span> 
     </span>
     <span class='ocr_line' id='line_1_21' title="bbox 442 1489 634 1527; baseline -0.005 0"><span class='ocrx_word' id='word_1_124' title='bbox 442 1497 479 1527; x_wconf 77' lang='lat' dir='ltr'><em>et</em></span> <span class='ocrx_word' id='word_1_125' title='bbox 498 1489 634 1526; x_wconf 78' lang='lat' dir='ltr'><strong>Matth.</strong></span> 
     </span>
    </p>

    <p class='ocr_par' dir='ltr' id='par_1_12' title="bbox 441 1539 1107 2835">
     <span class='ocr_line' id='line_1_22' title="bbox 498 1539 1101 1597; baseline -0.005 -13"><span class='ocrx_word' id='word_1_126' title='bbox 498 1543 572 1596; x_wconf 78' lang='grc' dir='ltr'><em>τήν</em></span> <span class='ocrx_word' id='word_1_127' title='bbox 604 1546 788 1597; x_wconf 76' lang='grc' dir='ltr'><em>γῆνσφι</em></span> <span class='ocrx_word' id='word_1_128' title='bbox 824 1539 1005 1595; x_wconf 66' lang='grc' dir='ltr'><em>ἀπόδος]</em></span> <span class='ocrx_word' id='word_1_129' title='bbox 1039 1543 1101 1582; x_wconf 89' lang='lat' dir='ltr'><em>Ad</em></span> 
     </span>
     <span class='ocr_line' id='line_1_23' title="bbox 442 1600 1100 1639; baseline 0 -1"><span class='ocrx_word' id='word_1_130' title='bbox 442 1600 535 1639; x_wconf 80' lang='lat' dir='ltr'>haec</span> <span class='ocrx_word' id='word_1_131' title='bbox 546 1601 727 1639; x_wconf 82' lang='lat' dir='ltr'><strong>Valcken.</strong></span> <span class='ocrx_word' id='word_1_132' title='bbox 741 1602 837 1638; x_wconf 81' lang='lat' dir='ltr'>bene</span> <span class='ocrx_word' id='word_1_133' title='bbox 849 1603 995 1638; x_wconf 73' lang='lat' dir='ltr'>confert</span> <span class='ocrx_word' id='word_1_134' title='bbox 1006 1603 1100 1638; x_wconf 85' lang='lat' dir='ltr'>Plu-</span> 
     </span>
     <span class='ocr_line' id='line_1_24' title="bbox 441 1656 1100 1708; baseline 0 -14"><span class='ocrx_word' id='word_1_135' title='bbox 441 1657 562 1695; x_wconf 77' lang='lat' dir='ltr'><strong>tarch.</strong></span> <span class='ocrx_word' id='word_1_136' title='bbox 582 1657 736 1694; x_wconf 80' lang='lat' dir='ltr'><strong>Aristid.</strong></span> <span class='ocrx_word' id='word_1_137' title='bbox 761 1661 810 1697; x_wconf 89' lang='lat'><em>10</em></span> <span class='ocrx_word' id='word_1_138' title='bbox 840 1672 876 1708; x_wconf 87' lang='lat' dir='ltr'><em>p.</em></span> <span class='ocrx_word' id='word_1_139' title='bbox 900 1656 982 1698; x_wconf 73' lang='grc'><em>324·</em></span> <span class='ocrx_word' id='word_1_140' title='bbox 1003 1658 1032 1694; x_wconf 88' lang='lat' dir='ltr'>C</span> <span class='ocrx_word' id='word_1_141' title='bbox 1063 1665 1100 1694; x_wconf 84' lang='lat' dir='ltr'><em>et</em></span> 
     </span>
     <span class='ocr_line' id='line_1_25' title="bbox 441 1714 1101 1764; baseline -0.006 -12"><span class='ocrx_word' id='word_1_142' title='bbox 441 1714 597 1752; x_wconf 83' lang='lat' dir='ltr'><strong>Diodor.</strong></span> <span class='ocrx_word' id='word_1_143' title='bbox 618 1715 686 1760; x_wconf 84' lang='lat' dir='ltr'><em>XI,</em></span> <span class='ocrx_word' id='word_1_144' title='bbox 709 1715 775 1760; x_wconf 71' lang='lat'><em>28,</em></span> <span class='ocrx_word' id='word_1_145' title='bbox 807 1715 873 1764; x_wconf 81' lang='lat' dir='ltr'><em>qui</em></span> <span class='ocrx_word' id='word_1_146' title='bbox 901 1727 989 1749; x_wconf 88' lang='lat' dir='ltr'><em>cum</em></span> <span class='ocrx_word' id='word_1_147' title='bbox 1020 1715 1101 1749; x_wconf 82' lang='lat' dir='ltr'><em>He-</em></span> 
     </span>
     <span class='ocr_line' id='line_1_26' title="bbox 443 1768 1103 1808; baseline -0.005 -1"><span class='ocrx_word' id='word_1_148' title='bbox 443 1770 577 1808; x_wconf 80' lang='lat' dir='ltr'>rodoto</span> <span class='ocrx_word' id='word_1_149' title='bbox 620 1770 818 1806; x_wconf 82' lang='lat' dir='ltr'>consentit.</span> <span class='ocrx_word' id='word_1_150' title='bbox 886 1768 1103 1806; x_wconf 79' lang='lat' dir='ltr'><strong>Athenien-</strong></span> 
     </span>
     <span class='ocr_line' id='line_1_27' title="bbox 443 1825 1103 1873; baseline -0.005 -9"><span class='ocrx_word' id='word_1_151' title='bbox 443 1828 555 1873; x_wconf 82' lang='lat' dir='ltr'>sium,</span> <span class='ocrx_word' id='word_1_152' title='bbox 603 1827 666 1862; x_wconf 85' lang='lat' dir='ltr'>ille</span> <span class='ocrx_word' id='word_1_153' title='bbox 687 1825 810 1869; x_wconf 81' lang='lat' dir='ltr'>addit,</span> <span class='ocrx_word' id='word_1_154' title='bbox 849 1827 1103 1862; x_wconf 70' lang='lat' dir='ltr'><strong>constantiam</strong></span> 
     </span>
     <span class='ocr_line' id='line_1_28' title="bbox 444 1881 1103 1920; baseline -0.002 -1"><span class='ocrx_word' id='word_1_155' title='bbox 444 1885 580 1920; x_wconf 82' lang='lat' dir='ltr'>merito</span> <span class='ocrx_word' id='word_1_156' title='bbox 602 1881 758 1919; x_wconf 82' lang='lat' dir='ltr'>laudant</span> <span class='ocrx_word' id='word_1_157' title='bbox 787 1889 952 1919; x_wconf 81' lang='lat' dir='ltr'>oratores</span> <span class='ocrx_word' id='word_1_158' title='bbox 983 1889 1019 1918; x_wconf 89' lang='lat' dir='ltr'><em>et</em></span> <span class='ocrx_word' id='word_1_159' title='bbox 1039 1894 1103 1918; x_wconf 90' lang='lat' dir='ltr'><em>so-</em></span> 
     </span>
     <span class='ocr_line' id='line_1_29' title="bbox 444 1933 1104 1991; baseline 0 -15"><span class='ocrx_word' id='word_1_160' title='bbox 444 1938 601 1991; x_wconf 74' lang='lat' dir='ltr'>phistae,</span> <span class='ocrx_word' id='word_1_161' title='bbox 624 1939 889 1989; x_wconf 74' lang='lat' dir='ltr'>repellemium</span> <span class='ocrx_word' id='word_1_162' title='bbox 915 1933 1104 1988; x_wconf 79' lang='grc' dir='ltr'><em>Ἐχθρῶν</em></span> 
     </span>
     <span class='ocr_line' id='line_1_30' title="bbox 446 1994 1105 2045; baseline -0.008 -10"><span class='ocrx_word' id='word_1_163' title='bbox 446 1994 583 2045; x_wconf 73' lang='grc' dir='ltr'><em>ἄδωρα</em></span> <span class='ocrx_word' id='word_1_164' title='bbox 604 1995 731 2045; x_wconf 73' lang='grc' dir='ltr'><em>δῶραι</em></span> <span class='ocrx_word' id='word_1_165' title='bbox 762 2008 852 2045; x_wconf 80' lang='lat' dir='ltr'>prae</span> <span class='ocrx_word' id='word_1_166' title='bbox 873 1997 1004 2032; x_wconf 80' lang='lat' dir='ltr'>ceteris</span> <span class='ocrx_word' id='word_1_167' title='bbox 1025 1997 1105 2031; x_wconf 68' lang='lat' dir='ltr'><em>De—</em></span> 
     </span>
     <span class='ocr_line' id='line_1_31' title="bbox 445 2050 1104 2102; baseline -0.003 -13"><span class='ocrx_word' id='word_1_168' title='bbox 445 2051 636 2090; x_wconf 73' lang='lat' dir='ltr'><strong>mosthen.</strong></span> <span class='ocrx_word' id='word_1_169' title='bbox 653 2050 820 2102; x_wconf 79' lang='lat' dir='ltr'><em>Philipp.</em></span> <span class='ocrx_word' id='word_1_170' title='bbox 840 2053 857 2087; x_wconf 94' lang='lat' dir='ltr'>I</span> <span class='ocrx_word' id='word_1_171' title='bbox 885 2053 920 2096; x_wconf 61' lang='grc' dir='ltr'><em>ξ.</em></span> <span class='ocrx_word' id='word_1_172' title='bbox 945 2054 991 2090; x_wconf 87' lang='grc'><em>11</em></span> <span class='ocrx_word' id='word_1_173' title='bbox 1017 2064 1104 2101; x_wconf 78' lang='lat' dir='ltr'><em>pag.</em></span> 
     </span>
     <span class='ocr_line' id='line_1_32' title="bbox 447 2106 1105 2157; baseline -0.003 -12"><span class='ocrx_word' id='word_1_174' title='bbox 447 2111 500 2149; x_wconf 83' lang='lat'><em>68</em></span> <span class='ocrx_word' id='word_1_175' title='bbox 524 2106 668 2154; x_wconf 65' lang='lat' dir='ltr'>Reisk„</span> <span class='ocrx_word' id='word_1_176' title='bbox 682 2108 747 2143; x_wconf 88' lang='lat' dir='ltr'><em>ubi</em></span> <span class='ocrx_word' id='word_1_177' title='bbox 768 2107 903 2157; x_wconf 66' lang='lat' dir='ltr'>eadem</span> <span class='ocrx_word' id='word_1_178' title='bbox 918 2106 963 2143; x_wconf 86' lang='lat' dir='ltr'><em>de</em></span> <span class='ocrx_word' id='word_1_179' title='bbox 983 2109 1105 2143; x_wconf 79' lang='lat' dir='ltr'><strong>Alex-</strong></span> 
     </span>
     <span class='ocr_line' id='line_1_33' title="bbox 447 2163 1104 2202; baseline -0.003 -1"><span class='ocrx_word' id='word_1_180' title='bbox 447 2164 566 2202; x_wconf 87' lang='lat' dir='ltr'>andro</span> <span class='ocrx_word' id='word_1_181' title='bbox 596 2163 766 2201; x_wconf 77' lang='lat' dir='ltr'><strong>Athenas</strong></span> <span class='ocrx_word' id='word_1_182' title='bbox 804 2166 917 2201; x_wconf 74' lang='lat' dir='ltr'>misso</span> <span class='ocrx_word' id='word_1_183' title='bbox 943 2177 1104 2200; x_wconf 81' lang='lat' dir='ltr'>narran-</span> 
     </span>
     <span class='ocr_line' id='line_1_34' title="bbox 446 2219 1104 2259; baseline -0.003 -1"><span class='ocrx_word' id='word_1_184' title='bbox 446 2228 519 2258; x_wconf 88' lang='lat' dir='ltr'><strong>tur.</strong></span> <span class='ocrx_word' id='word_1_185' title='bbox 576 2221 641 2258; x_wconf 86' lang='lat' dir='ltr'><em>Tu</em></span> <span class='ocrx_word' id='word_1_186' title='bbox 662 2219 740 2258; x_wconf 81' lang='lat' dir='ltr'><strong>vid.</strong></span> <span class='ocrx_word' id='word_1_187' title='bbox 760 2221 813 2257; x_wconf 88' lang='lat' dir='ltr'><em>ibi</em></span> <span class='ocrx_word' id='word_1_188' title='bbox 834 2221 1019 2259; x_wconf 77' lang='lat' dir='ltr'>Voemelii</span> <span class='ocrx_word' id='word_1_189' title='bbox 1035 2234 1104 2256; x_wconf 83' lang='lat' dir='ltr'><em>au-</em></span> 
     </span>
     <span class='ocr_line' id='line_1_35' title="bbox 446 2277 1104 2327; baseline -0.005 -12"><span class='ocrx_word' id='word_1_190' title='bbox 446 2277 685 2315; x_wconf 82' lang='lat' dir='ltr'><strong>notationem</strong></span> <span class='ocrx_word' id='word_1_191' title='bbox 723 2290 812 2327; x_wconf 81' lang='lat' dir='ltr'><em>pag.</em></span> <span class='ocrx_word' id='word_1_192' title='bbox 845 2280 908 2318; x_wconf 80' lang='lat'><em>17.</em></span> <span class='ocrx_word' id='word_1_193' title='bbox 950 2300 1000 2304; x_wconf 97' lang='lat'><strong>—</strong></span> <span class='ocrx_word' id='word_1_194' title='bbox 1059 2278 1104 2312; x_wconf 87' lang='lat' dir='ltr'><em>In</em></span> 
     </span>
     <span class='ocr_line' id='line_1_36' title="bbox 448 2330 1104 2386; baseline -0.006 -15"><span class='ocrx_word' id='word_1_195' title='bbox 448 2347 554 2386; x_wconf 85' lang='lat' dir='ltr'><strong>seqq.</strong></span> <span class='ocrx_word' id='word_1_196' title='bbox 584 2330 628 2374; x_wconf 74' lang='grc' dir='ltr'><em>τό</em></span> <span class='ocrx_word' id='word_1_197' title='bbox 657 2331 859 2384; x_wconf 68' lang='grc' dir='ltr'><em>ὑμέτερον,</em></span> <span class='ocrx_word' id='word_1_198' title='bbox 882 2334 1104 2370; x_wconf 77' lang='lat' dir='ltr'>observante</span> 
     </span>
     <span class='ocr_line' id='line_1_37' title="bbox 447 2388 1104 2439; baseline 0.002 -12"><span class='ocrx_word' id='word_1_199' title='bbox 447 2389 582 2428; x_wconf 79' lang='lat' dir='ltr'><strong>Matth.</strong></span> <span class='ocrx_word' id='word_1_200' title='bbox 604 2391 672 2427; x_wconf 86' lang='lat' dir='ltr'><em>Gr.</em></span> <span class='ocrx_word' id='word_1_201' title='bbox 692 2390 759 2426; x_wconf 87' lang='lat' dir='ltr'><em>Gr.</em></span> <span class='ocrx_word' id='word_1_202' title='bbox 786 2391 822 2435; x_wconf 64' lang='grc' dir='ltr'><em>ξ.</em></span> <span class='ocrx_word' id='word_1_203' title='bbox 846 2390 925 2430; x_wconf 75' lang='lat'><em>285</em></span> <span class='ocrx_word' id='word_1_204' title='bbox 956 2403 991 2439; x_wconf 87' lang='lat' dir='ltr'><em>p.</em></span> <span class='ocrx_word' id='word_1_205' title='bbox 1023 2388 1104 2430; x_wconf 81' lang='grc'><em>575</em></span> 
     </span>
     <span class='ocr_line' id='line_1_38' title="bbox 449 2444 1105 2497; baseline -0.005 -14"><span class='ocrx_word' id='word_1_206' title='bbox 449 2454 486 2484; x_wconf 80' lang='lat' dir='ltr'><em>et</em></span> <span class='ocrx_word' id='word_1_207' title='bbox 507 2449 545 2492; x_wconf 82' lang='lat'><em>§.</em></span> <span class='ocrx_word' id='word_1_208' title='bbox 565 2445 660 2493; x_wconf 82' lang='lat'><strong>466,</strong></span> <span class='ocrx_word' id='word_1_209' title='bbox 682 2449 706 2486; x_wconf 82' lang='lat'><strong>3</strong></span> <span class='ocrx_word' id='word_1_210' title='bbox 726 2460 762 2497; x_wconf 92' lang='lat' dir='ltr'><em>p.</em></span> <span class='ocrx_word' id='word_1_211' title='bbox 783 2445 883 2492; x_wconf 83' lang='lat'>865,</span> <span class='ocrx_word' id='word_1_212' title='bbox 905 2444 1006 2481; x_wconf 78' lang='lat' dir='ltr'>idem</span> <span class='ocrx_word' id='word_1_213' title='bbox 1027 2445 1105 2481; x_wconf 78' lang='lat' dir='ltr'>sere</span> 
     </span>
     <span class='ocr_line' id='line_1_39' title="bbox 449 2500 1105 2554; baseline -0.006 -14"><span class='ocrx_word' id='word_1_214' title='bbox 449 2504 549 2540; x_wconf 77' lang='lat' dir='ltr'>valet</span> <span class='ocrx_word' id='word_1_215' title='bbox 569 2510 682 2554; x_wconf 79' lang='lat' dir='ltr'>atque</span> <span class='ocrx_word' id='word_1_216' title='bbox 701 2500 828 2552; x_wconf 72' lang='grc' dir='ltr'><em>ὑμεῖς.</em></span> <span class='ocrx_word' id='word_1_217' title='bbox 866 2500 1105 2538; x_wconf 70' lang='lat' dir='ltr'>Valckenae-</span> 
     </span>
     <span class='ocr_line' id='line_1_40' title="bbox 450 2559 1103 2608; baseline -0.002 -13"><span class='ocrx_word' id='word_1_218' title='bbox 450 2561 525 2597; x_wconf 81' lang='lat' dir='ltr'>rius</span> <span class='ocrx_word' id='word_1_219' title='bbox 558 2560 753 2596; x_wconf 83' lang='lat' dir='ltr'>Platonica</span> <span class='ocrx_word' id='word_1_220' title='bbox 774 2559 1001 2595; x_wconf 81' lang='lat' dir='ltr'>excitaverat</span> <span class='ocrx_word' id='word_1_221' title='bbox 1029 2559 1045 2593; x_wconf 93' lang='grc' dir='ltr'>Ι</span> <span class='ocrx_word' id='word_1_222' title='bbox 1065 2571 1103 2608; x_wconf 90' lang='lat' dir='ltr'><em>p.</em></span> 
     </span>
     <span class='ocr_line' id='line_1_41' title="bbox 455 2614 1103 2666; baseline -0.008 -12"><span class='ocrx_word' id='word_1_223' title='bbox 455 2618 532 2656; x_wconf 80' lang='lat'><em>128</em></span> <span class='ocrx_word' id='word_1_224' title='bbox 565 2617 610 2652; x_wconf 89' lang='lat' dir='ltr'><em>B.</em></span> <span class='ocrx_word' id='word_1_225' title='bbox 642 2629 679 2666; x_wconf 91' lang='lat' dir='ltr'><em>p.</em></span> <span class='ocrx_word' id='word_1_226' title='bbox 715 2617 804 2654; x_wconf 84' lang='lat'><em>176.</em></span> <span class='ocrx_word' id='word_1_227' title='bbox 833 2614 867 2651; x_wconf 94' lang='grc' dir='ltr'><em>ΙΙ</em></span> <span class='ocrx_word' id='word_1_228' title='bbox 887 2628 924 2666; x_wconf 89' lang='lat' dir='ltr'><em>p.</em></span> <span class='ocrx_word' id='word_1_229' title='bbox 947 2614 1027 2654; x_wconf 82' lang='lat'><em>643</em></span> <span class='ocrx_word' id='word_1_230' title='bbox 1054 2616 1103 2650; x_wconf 88' lang='lat' dir='ltr'><em>A.</em></span> 
     </span>
     <span class='ocr_line' id='line_1_42' title="bbox 451 2667 1107 2711; baseline 0.006 -6"><span class='ocrx_word' id='word_1_231' title='bbox 451 2671 526 2706; x_wconf 84' lang='lat' dir='ltr'><em>Pro</em></span> <span class='ocrx_word' id='word_1_232' title='bbox 539 2667 678 2711; x_wconf 77' lang='grc' dir='ltr'><em>ἅντίον</em></span> <span class='ocrx_word' id='word_1_233' title='bbox 689 2669 890 2708; x_wconf 83' lang='lat' dir='ltr'><strong>Bekkerus</strong></span> <span class='ocrx_word' id='word_1_234' title='bbox 905 2670 1022 2708; x_wconf 82' lang='lat' dir='ltr'><strong>habet</strong></span> <span class='ocrx_word' id='word_1_235' title='bbox 1042 2670 1107 2710; x_wconf 81' lang='grc' dir='ltr'><em>αἰ-</em></span> 
     </span>
     <span class='ocr_line' id='line_1_43' title="bbox 453 2723 1107 2766; baseline 0.002 -1"><span class='ocrx_word' id='word_1_236' title='bbox 453 2726 550 2765; x_wconf 87' lang='grc' dir='ltr'><em>τίον.</em></span> <span class='ocrx_word' id='word_1_237' title='bbox 583 2750 632 2755; x_wconf 80' lang='lat'>—</span> <span class='ocrx_word' id='word_1_238' title='bbox 689 2726 751 2764; x_wconf 92' lang='lat' dir='ltr'><em>Ad</em></span> <span class='ocrx_word' id='word_1_239' title='bbox 771 2728 929 2765; x_wconf 86' lang='lat' dir='ltr'><strong>verbum</strong></span> <span class='ocrx_word' id='word_1_240' title='bbox 952 2723 1107 2766; x_wconf 71' lang='grc' dir='ltr'><em>ἀνταει-</em></span> 
     </span>
     <span class='ocr_line' id='line_1_44' title="bbox 453 2779 1053 2835; baseline 0 -13"><span class='ocrx_word' id='word_1_241' title='bbox 453 2779 613 2835; x_wconf 83' lang='grc' dir='ltr'><em>ρόμενοι</em></span> <span class='ocrx_word' id='word_1_242' title='bbox 627 2782 702 2820; x_wconf 82' lang='lat' dir='ltr'><strong>vid.</strong></span> <span class='ocrx_word' id='word_1_243' title='bbox 722 2791 815 2821; x_wconf 77' lang='lat' dir='ltr'><strong>nott.</strong></span> <span class='ocrx_word' id='word_1_244' title='bbox 837 2783 885 2821; x_wconf 83' lang='lat' dir='ltr'><em>ad</em></span> <span class='ocrx_word' id='word_1_245' title='bbox 904 2785 967 2831; x_wconf 60' lang='lat' dir='ltr'><em>Vl,</em></span> <span class='ocrx_word' id='word_1_246' title='bbox 986 2782 1053 2822; x_wconf 79' lang='grc'><em>44.</em></span> 
     </span>
    </p>

    <p class='ocr_par' dir='ltr' id='par_1_13' title="bbox 509 2835 1108 2893">
     <span class='ocr_line' id='line_1_45' title="bbox 509 2835 1108 2893; baseline -0.003 -15"><span class='ocrx_word' id='word_1_247' title='bbox 509 2835 821 2892; x_wconf 73' lang='grc' dir='ltr'><em>ὑπερβάλοισθε]</em></span> <span class='ocrx_word' id='word_1_248' title='bbox 850 2841 921 2878; x_wconf 82' lang='lat' dir='ltr'><em>Hic</em></span> <span class='ocrx_word' id='word_1_249' title='bbox 956 2852 1108 2893; x_wconf 82' lang='lat' dir='ltr'><strong>quoque</strong></span> 
     </span>
    </p>
   </div>
   <div class='ocr_carea' id='block_1_12' title="bbox 1156 1426 1817 2887">
    <p class='ocr_par' dir='ltr' id='par_1_14' title="bbox 1156 1426 1817 2887">
     <span class='ocr_line' id='line_1_46' title="bbox 1158 1426 1812 1480; baseline -0.008 -10"><span class='ocrx_word' id='word_1_250' title='bbox 1158 1432 1320 1470; x_wconf 86' lang='lat' dir='ltr'><strong>verbum</strong></span> <span class='ocrx_word' id='word_1_251' title='bbox 1358 1426 1679 1480; x_wconf 72' lang='grc' dir='ltr'><em>ὑπερβάλλεσθαι</em></span> <span class='ocrx_word' id='word_1_252' title='bbox 1707 1441 1812 1480; x_wconf 85' lang='lat' dir='ltr'>supe-</span> 
     </span>
     <span class='ocr_line' id='line_1_47' title="bbox 1157 1485 1811 1537; baseline -0.008 -11"><span class='ocrx_word' id='word_1_253' title='bbox 1157 1489 1274 1535; x_wconf 60' lang='lat' dir='ltr'><em>randi,</em></span> <span class='ocrx_word' id='word_1_254' title='bbox 1285 1487 1444 1524; x_wconf 75' lang='lat' dir='ltr'><strong><em>vincendi</em></strong></span> <span class='ocrx_word' id='word_1_255' title='bbox 1454 1488 1678 1537; x_wconf 80' lang='lat' dir='ltr'>significatu,</span> <span class='ocrx_word' id='word_1_256' title='bbox 1693 1493 1734 1523; x_wconf 87' lang='lat' dir='ltr'><em>ut</em></span> <span class='ocrx_word' id='word_1_257' title='bbox 1748 1485 1811 1533; x_wconf 82' lang='lat' dir='ltr'><em>vl,</em></span> 
     </span>
     <span class='ocr_line' id='line_1_48' title="bbox 1161 1540 1812 1593; baseline -0.012 -7"><span class='ocrx_word' id='word_1_258' title='bbox 1161 1548 1224 1586; x_wconf 84' lang='lat'><em>13.</em></span> <span class='ocrx_word' id='word_1_259' title='bbox 1253 1545 1333 1593; x_wconf 84' lang='lat' dir='ltr'>Vll,</span> <span class='ocrx_word' id='word_1_260' title='bbox 1367 1546 1455 1584; x_wconf 79' lang='lat'><em>163.</em></span> <span class='ocrx_word' id='word_1_261' title='bbox 1494 1546 1586 1585; x_wconf 84' lang='lat'><em>168.</em></span> <span class='ocrx_word' id='word_1_262' title='bbox 1617 1544 1714 1590; x_wconf 84' lang='lat' dir='ltr'><em>Vm,</em></span> <span class='ocrx_word' id='word_1_263' title='bbox 1744 1540 1812 1582; x_wconf 84' lang='lat'><em>24.</em></span> 
     </span>
     <span class='ocr_line' id='line_1_49' title="bbox 1156 1598 1812 1652; baseline -0.005 -14"><span class='ocrx_word' id='word_1_264' title='bbox 1156 1603 1226 1650; x_wconf 82' lang='lat' dir='ltr'><em>IX,</em></span> <span class='ocrx_word' id='word_1_265' title='bbox 1248 1603 1313 1641; x_wconf 78' lang='lat'><em>28.</em></span> <span class='ocrx_word' id='word_1_266' title='bbox 1336 1622 1387 1628; x_wconf 86' lang='lat'>—</span> <span class='ocrx_word' id='word_1_267' title='bbox 1417 1601 1461 1636; x_wconf 90' lang='lat' dir='ltr'><em>In</em></span> <span class='ocrx_word' id='word_1_268' title='bbox 1482 1614 1588 1652; x_wconf 85' lang='lat' dir='ltr'><strong>seqq.</strong></span> <span class='ocrx_word' id='word_1_269' title='bbox 1612 1599 1661 1637; x_wconf 79' lang='lat' dir='ltr'><em>ad</em></span> <span class='ocrx_word' id='word_1_270' title='bbox 1692 1598 1812 1638; x_wconf 77' lang='grc' dir='ltr'><em>εἴδετε</em></span> 
     </span>
     <span class='ocr_line' id='line_1_50' title="bbox 1157 1655 1811 1704; baseline -0.009 -8"><span class='ocrx_word' id='word_1_271' title='bbox 1157 1659 1255 1696; x_wconf 81' lang='lat' dir='ltr'><strong>conf.</strong></span> <span class='ocrx_word' id='word_1_272' title='bbox 1275 1655 1410 1693; x_wconf 79' lang='lat' dir='ltr'><strong>Matth.</strong></span> <span class='ocrx_word' id='word_1_273' title='bbox 1432 1658 1498 1693; x_wconf 84' lang='lat' dir='ltr'><em>Gr.</em></span> <span class='ocrx_word' id='word_1_274' title='bbox 1517 1660 1582 1694; x_wconf 82' lang='lat' dir='ltr'><em>Gr.</em></span> <span class='ocrx_word' id='word_1_275' title='bbox 1611 1658 1647 1702; x_wconf 64' lang='grc' dir='ltr'><em>ξ.</em></span> <span class='ocrx_word' id='word_1_276' title='bbox 1672 1657 1749 1696; x_wconf 83' lang='grc'><em>231</em></span> <span class='ocrx_word' id='word_1_277' title='bbox 1773 1667 1811 1704; x_wconf 92' lang='lat' dir='ltr'><em>p.</em></span> 
     </span>
     <span class='ocr_line' id='line_1_51' title="bbox 1157 1712 1812 1763; baseline -0.003 -15"><span class='ocrx_word' id='word_1_278' title='bbox 1157 1715 1250 1759; x_wconf 80' lang='grc'><em>449,</em></span> <span class='ocrx_word' id='word_1_279' title='bbox 1273 1715 1337 1763; x_wconf 85' lang='lat' dir='ltr'><em>qui</em></span> <span class='ocrx_word' id='word_1_280' title='bbox 1357 1712 1461 1749; x_wconf 80' lang='lat' dir='ltr'><strong>idem</strong></span> <span class='ocrx_word' id='word_1_281' title='bbox 1483 1714 1515 1757; x_wconf 84' lang='lat'><em>§.</em></span> <span class='ocrx_word' id='word_1_282' title='bbox 1534 1714 1637 1759; x_wconf 81' lang='lat'>588,</span> <span class='ocrx_word' id='word_1_283' title='bbox 1660 1726 1692 1749; x_wconf 86' lang='lat' dir='ltr'><em>c.</em></span> <span class='ocrx_word' id='word_1_284' title='bbox 1715 1726 1752 1748; x_wconf 85' lang='grc' dir='ltr'><em>α.</em></span> <span class='ocrx_word' id='word_1_285' title='bbox 1772 1723 1812 1760; x_wconf 90' lang='lat' dir='ltr'><em>p.</em></span> 
     </span>
     <span class='ocr_line' id='line_1_52' title="bbox 1162 1768 1812 1809; baseline -0.005 -4"><span class='ocrx_word' id='word_1_286' title='bbox 1162 1772 1266 1809; x_wconf 73' lang='lat'>1173</span> <span class='ocrx_word' id='word_1_287' title='bbox 1288 1770 1503 1805; x_wconf 71' lang='lat' dir='ltr'><strong>conseratur</strong></span> <span class='ocrx_word' id='word_1_288' title='bbox 1519 1768 1566 1805; x_wconf 83' lang='lat' dir='ltr'><em>ad</em></span> <span class='ocrx_word' id='word_1_289' title='bbox 1577 1768 1812 1805; x_wconf 82' lang='lat' dir='ltr'><strong>locutionem</strong></span> 
     </span>
     <span class='ocr_line' id='line_1_53' title="bbox 1158 1820 1812 1875; baseline -0.005 -12"><span class='ocrx_word' id='word_1_290' title='bbox 1158 1820 1247 1873; x_wconf 72' lang='grc' dir='ltr'><em>παρ’</em></span> <span class='ocrx_word' id='word_1_291' title='bbox 1279 1822 1344 1875; x_wconf 80' lang='grc' dir='ltr'><em>ἐμὲ</em></span> <span class='ocrx_word' id='word_1_292' title='bbox 1379 1823 1542 1870; x_wconf 74' lang='grc' dir='ltr'><em>ἐοῦσαν,</em></span> <span class='ocrx_word' id='word_1_293' title='bbox 1577 1825 1643 1861; x_wconf 89' lang='lat' dir='ltr'><em>ubi</em></span> <span class='ocrx_word' id='word_1_294' title='bbox 1672 1826 1711 1860; x_wconf 84' lang='lat' dir='ltr'><em>in</em></span> <span class='ocrx_word' id='word_1_295' title='bbox 1733 1824 1812 1860; x_wconf 80' lang='lat' dir='ltr'>aliis</span> 
     </span>
     <span class='ocr_line' id='line_1_54' title="bbox 1159 1875 1813 1931; baseline 0 -13"><span class='ocrx_word' id='word_1_296' title='bbox 1159 1877 1505 1931; x_wconf 68' lang='grc' dir='ltr'><em>οοάἀπαρεοῦσοὶν</em></span> <span class='ocrx_word' id='word_1_297' title='bbox 1515 1895 1583 1930; x_wconf 88' lang='grc' dir='ltr'><em>μοι</em></span> <span class='ocrx_word' id='word_1_298' title='bbox 1598 1882 1658 1918; x_wconf 75' lang='lat' dir='ltr'><em>vel</em></span> <span class='ocrx_word' id='word_1_299' title='bbox 1671 1875 1760 1930; x_wconf 83' lang='grc' dir='ltr'><em>παρ’</em></span> <span class='ocrx_word' id='word_1_300' title='bbox 1773 1878 1813 1918; x_wconf 80' lang='grc' dir='ltr'><em>ἒ·</em></span> 
     </span>
     <span class='ocr_line' id='line_1_55' title="bbox 1161 1936 1815 1989; baseline -0.008 -12"><span class='ocrx_word' id='word_1_301' title='bbox 1161 1936 1230 1988; x_wconf 85' lang='grc' dir='ltr'><em>μοὶ</em></span> <span class='ocrx_word' id='word_1_302' title='bbox 1258 1937 1424 1977; x_wconf 74' lang='grc' dir='ltr'><em>ἐοῦσανε</em></span> <span class='ocrx_word' id='word_1_303' title='bbox 1476 1944 1681 1989; x_wconf 82' lang='lat' dir='ltr'><strong>utrumque</strong></span> <span class='ocrx_word' id='word_1_304' title='bbox 1701 1936 1815 1984; x_wconf 86' lang='lat' dir='ltr'>ma1e;</span> 
     </span>
     <span class='ocr_line' id='line_1_56' title="bbox 1159 1993 1816 2031; baseline -0.005 0"><span class='ocrx_word' id='word_1_305' title='bbox 1159 1995 1237 2031; x_wconf 82' lang='lat' dir='ltr'>sive</span> <span class='ocrx_word' id='word_1_306' title='bbox 1259 2008 1278 2030; x_wconf 86' lang='lat' dir='ltr'>e</span> <span class='ocrx_word' id='word_1_307' title='bbox 1299 2000 1511 2030; x_wconf 74' lang='lat' dir='ltr'><strong>correctura</strong></span> <span class='ocrx_word' id='word_1_308' title='bbox 1529 1995 1607 2031; x_wconf 78' lang='lat' dir='ltr'>sive</span> <span class='ocrx_word' id='word_1_309' title='bbox 1629 2006 1677 2030; x_wconf 86' lang='lat' dir='ltr'><em>ex</em></span> <span class='ocrx_word' id='word_1_310' title='bbox 1695 1993 1816 2029; x_wconf 79' lang='lat' dir='ltr'>inter-</span> 
     </span>
     <span class='ocr_line' id='line_1_57' title="bbox 1160 2049 1816 2101; baseline -0.003 -14"><span class='ocrx_word' id='word_1_311' title='bbox 1160 2057 1397 2101; x_wconf 84' lang='lat' dir='ltr'>pretamento</span> <span class='ocrx_word' id='word_1_312' title='bbox 1415 2049 1513 2087; x_wconf 84' lang='lat' dir='ltr'>illud</span> <span class='ocrx_word' id='word_1_313' title='bbox 1534 2050 1694 2087; x_wconf 83' lang='lat' dir='ltr'><strong>fluxerit.</strong></span> <span class='ocrx_word' id='word_1_314' title='bbox 1731 2050 1816 2086; x_wconf 86' lang='lat' dir='ltr'><em>Un-</em></span> 
     </span>
     <span class='ocr_line' id='line_1_58' title="bbox 1163 2103 1815 2158; baseline -0.005 -14"><span class='ocrx_word' id='word_1_315' title='bbox 1163 2107 1210 2144; x_wconf 89' lang='lat' dir='ltr'><em>de</em></span> <span class='ocrx_word' id='word_1_316' title='bbox 1238 2105 1533 2144; x_wconf 75' lang='lat' dir='ltr'>Valckenaerius</span> <span class='ocrx_word' id='word_1_317' title='bbox 1578 2118 1732 2158; x_wconf 88' lang='lat' dir='ltr'>quoque</span> <span class='ocrx_word' id='word_1_318' title='bbox 1767 2103 1815 2141; x_wconf 87' lang='lat' dir='ltr'><em>de</em></span> 
     </span>
     <span class='ocr_line' id='line_1_59' title="bbox 1162 2162 1815 2214; baseline -0.003 -14"><span class='ocrx_word' id='word_1_319' title='bbox 1162 2162 1235 2200; x_wconf 86' lang='lat' dir='ltr'><em>hoc</em></span> <span class='ocrx_word' id='word_1_320' title='bbox 1274 2164 1555 2214; x_wconf 79' lang='lat' dir='ltr'>praepositionis</span> <span class='ocrx_word' id='word_1_321' title='bbox 1577 2176 1646 2199; x_wconf 90' lang='lat' dir='ltr'><em>usu</em></span> <span class='ocrx_word' id='word_1_322' title='bbox 1678 2162 1815 2198; x_wconf 82' lang='lat' dir='ltr'>excitat</span> 
     </span>
     <span class='ocr_line' id='line_1_60' title="bbox 1158 2218 1815 2269; baseline -0.003 -13"><span class='ocrx_word' id='word_1_323' title='bbox 1158 2221 1329 2256; x_wconf 75' lang='lat' dir='ltr'>Lexicon</span> <span class='ocrx_word' id='word_1_324' title='bbox 1370 2219 1519 2256; x_wconf 77' lang='lat' dir='ltr'><strong>Coislin.</strong></span> <span class='ocrx_word' id='word_1_325' title='bbox 1549 2232 1585 2269; x_wconf 84' lang='lat' dir='ltr'><em>p.</em></span> <span class='ocrx_word' id='word_1_326' title='bbox 1606 2218 1701 2259; x_wconf 83' lang='lat'><strong>483·</strong></span> <span class='ocrx_word' id='word_1_327' title='bbox 1738 2218 1815 2255; x_wconf 87' lang='lat' dir='ltr'>So·-</span> 
     </span>
     <span class='ocr_line' id='line_1_61' title="bbox 1159 2273 1814 2326; baseline 0 -14"><span class='ocrx_word' id='word_1_328' title='bbox 1159 2275 1285 2326; x_wconf 81' lang='lat' dir='ltr'><strong>phocl.</strong></span> <span class='ocrx_word' id='word_1_329' title='bbox 1312 2275 1434 2312; x_wconf 75' lang='lat' dir='ltr'><strong>Elect.</strong></span> <span class='ocrx_word' id='word_1_330' title='bbox 1468 2273 1557 2315; x_wconf 89' lang='grc'><em>184.</em></span> <span class='ocrx_word' id='word_1_331' title='bbox 1596 2276 1745 2311; x_wconf 87' lang='lat' dir='ltr'><strong>Isaeum</strong></span> <span class='ocrx_word' id='word_1_332' title='bbox 1775 2288 1814 2325; x_wconf 86' lang='lat' dir='ltr'><em>p.</em></span> 
     </span>
     <span class='ocr_line' id='line_1_62' title="bbox 1160 2329 1815 2382; baseline -0.006 -10"><span class='ocrx_word' id='word_1_333' title='bbox 1160 2336 1225 2375; x_wconf 84' lang='lat'><em>70,</em></span> <span class='ocrx_word' id='word_1_334' title='bbox 1249 2332 1300 2372; x_wconf 78' lang='lat'><em>25</em></span> <span class='ocrx_word' id='word_1_335' title='bbox 1334 2332 1380 2380; x_wconf 89' lang='lat' dir='ltr'><em>[s.</em></span> <span class='ocrx_word' id='word_1_336' title='bbox 1403 2345 1440 2382; x_wconf 87' lang='lat' dir='ltr'><em>p.</em></span> <span class='ocrx_word' id='word_1_337' title='bbox 1467 2333 1548 2372; x_wconf 77' lang='lat'><em>206</em></span> <span class='ocrx_word' id='word_1_338' title='bbox 1577 2329 1704 2373; x_wconf 78' lang='lat' dir='ltr'><strong>Reisk.</strong></span> <span class='ocrx_word' id='word_1_339' title='bbox 1725 2343 1815 2381; x_wconf 82' lang='lat' dir='ltr'><em>pag.</em></span> 
     </span>
     <span class='ocr_line' id='line_1_63' title="bbox 1163 2386 1816 2439; baseline 0 -15"><span class='ocrx_word' id='word_1_340' title='bbox 1163 2390 1214 2428; x_wconf 82' lang='lat'><em>99</em></span> <span class='ocrx_word' id='word_1_341' title='bbox 1238 2386 1422 2434; x_wconf 77' lang='lat' dir='ltr'><strong>Bekker.‚</strong></span> <span class='ocrx_word' id='word_1_342' title='bbox 1452 2388 1517 2439; x_wconf 85' lang='lat' dir='ltr'><em>qui</em></span> <span class='ocrx_word' id='word_1_343' title='bbox 1547 2390 1683 2425; x_wconf 83' lang='lat' dir='ltr'>merito</span> <span class='ocrx_word' id='word_1_344' title='bbox 1705 2389 1816 2424; x_wconf 73' lang='lat' dir='ltr'>resti-</span> 
     </span>
     <span class='ocr_line' id='line_1_64' title="bbox 1162 2439 1817 2495; baseline 0 -15"><span class='ocrx_word' id='word_1_345' title='bbox 1162 2445 1231 2480; x_wconf 81' lang='lat' dir='ltr'>tuit</span> <span class='ocrx_word' id='word_1_346' title='bbox 1252 2439 1344 2495; x_wconf 83' lang='grc' dir='ltr'><em>παρ’</em></span> <span class='ocrx_word' id='word_1_347' title='bbox 1371 2443 1537 2490; x_wconf 78' lang='grc' dir='ltr'><em>ἐκεῖνον,</em></span> <span class='ocrx_word' id='word_1_348' title='bbox 1553 2443 1706 2481; x_wconf 83' lang='lat' dir='ltr'>Reiskio</span> <span class='ocrx_word' id='word_1_349' title='bbox 1727 2456 1817 2480; x_wconf 92' lang='lat' dir='ltr'><em>mu-</em></span> 
     </span>
     <span class='ocr_line' id='line_1_65' title="bbox 1160 2495 1815 2554; baseline 0 -18"><span class='ocrx_word' id='word_1_350' title='bbox 1160 2507 1281 2537; x_wconf 75' lang='lat' dir='ltr'>tatum</span> <span class='ocrx_word' id='word_1_351' title='bbox 1298 2501 1335 2536; x_wconf 86' lang='lat' dir='ltr'><em>in</em></span> <span class='ocrx_word' id='word_1_352' title='bbox 1352 2495 1443 2551; x_wconf 84' lang='grc' dir='ltr'><em>παρ’</em></span> <span class='ocrx_word' id='word_1_353' title='bbox 1464 2500 1619 2554; x_wconf 78' lang='grc' dir='ltr'><em>ἐκείνῳ]</em></span> <span class='ocrx_word' id='word_1_354' title='bbox 1634 2498 1815 2551; x_wconf 84' lang='lat' dir='ltr'><strong>Thucyd.</strong></span> 
     </span>
     <span class='ocr_line' id='line_1_66' title="bbox 1160 2556 1815 2609; baseline 0.005 -17"><span class='ocrx_word' id='word_1_355' title='bbox 1160 2558 1225 2604; x_wconf 86' lang='grc' dir='ltr'><em>ΙΙΙ,</em></span> <span class='ocrx_word' id='word_1_356' title='bbox 1243 2560 1266 2597; x_wconf 83' lang='grc'><strong>3</strong></span> <span class='ocrx_word' id='word_1_357' title='bbox 1289 2558 1378 2609; x_wconf 85' lang='lat' dir='ltr'><strong>ibiq.</strong></span> <span class='ocrx_word' id='word_1_358' title='bbox 1398 2556 1578 2595; x_wconf 85' lang='lat' dir='ltr'><strong>Abresch.</strong></span> <span class='ocrx_word' id='word_1_359' title='bbox 1594 2578 1651 2586; x_wconf 90' lang='lat'>—</span> <span class='ocrx_word' id='word_1_360' title='bbox 1669 2559 1815 2595; x_wconf 80' lang='grc' dir='ltr'><em>πολλα-</em></span> 
     </span>
     <span class='ocr_line' id='line_1_67' title="bbox 1161 2612 1815 2665; baseline -0.002 -14"><span class='ocrx_word' id='word_1_361' title='bbox 1161 2614 1307 2665; x_wconf 78' lang='grc' dir='ltr'><em>πλησίη</em></span> <span class='ocrx_word' id='word_1_362' title='bbox 1347 2626 1479 2651; x_wconf 73' lang='lat' dir='ltr'><strong>omnes</strong></span> <span class='ocrx_word' id='word_1_363' title='bbox 1527 2612 1588 2650; x_wconf 70' lang='lat' dir='ltr'><em>hic</em></span> <span class='ocrx_word' id='word_1_364' title='bbox 1633 2613 1815 2663; x_wconf 79' lang='lat' dir='ltr'>praebent</span> 
     </span>
     <span class='ocr_line' id='line_1_68' title="bbox 1163 2669 1816 2718; baseline 0 -12"><span class='ocrx_word' id='word_1_365' title='bbox 1163 2669 1286 2718; x_wconf 89' lang='lat' dir='ltr'><strong>codd.‚</strong></span> <span class='ocrx_word' id='word_1_366' title='bbox 1314 2683 1391 2707; x_wconf 89' lang='lat' dir='ltr'><em>uno</em></span> <span class='ocrx_word' id='word_1_367' title='bbox 1411 2669 1599 2708; x_wconf 78' lang='lat' dir='ltr'>Sancrofti</span> <span class='ocrx_word' id='word_1_368' title='bbox 1630 2669 1725 2705; x_wconf 83' lang='lat' dir='ltr'>libro</span> <span class='ocrx_word' id='word_1_369' title='bbox 1745 2682 1816 2706; x_wconf 87' lang='lat' dir='ltr'><em>ex-</em></span> 
     </span>
     <span class='ocr_line' id='line_1_69' title="bbox 1164 2725 1815 2778; baseline 0.003 -16"><span class='ocrx_word' id='word_1_370' title='bbox 1164 2733 1294 2777; x_wconf 80' lang='lat' dir='ltr'>cepto,</span> <span class='ocrx_word' id='word_1_371' title='bbox 1327 2727 1391 2778; x_wconf 79' lang='lat' dir='ltr'><em>qui</em></span> <span class='ocrx_word' id='word_1_372' title='bbox 1412 2725 1524 2763; x_wconf 74' lang='lat' dir='ltr'>habet</span> <span class='ocrx_word' id='word_1_373' title='bbox 1545 2725 1815 2776; x_wconf 78' lang='grc' dir='ltr'><em>παραπλησίη.</em></span> 
     </span>
     <span class='ocr_line' id='line_1_70' title="bbox 1164 2781 1814 2832; baseline 0 -13"><span class='ocrx_word' id='word_1_374' title='bbox 1164 2783 1229 2819; x_wconf 88' lang='lat' dir='ltr'><em>Tu</em></span> <span class='ocrx_word' id='word_1_375' title='bbox 1261 2783 1361 2820; x_wconf 83' lang='lat' dir='ltr'><strong>conf.</strong></span> <span class='ocrx_word' id='word_1_376' title='bbox 1383 2783 1462 2832; x_wconf 87' lang='lat' dir='ltr'><em>Vn,</em></span> <span class='ocrx_word' id='word_1_377' title='bbox 1488 2781 1564 2824; x_wconf 80' lang='grc'><em>143</em></span> <span class='ocrx_word' id='word_1_378' title='bbox 1595 2789 1631 2819; x_wconf 88' lang='lat' dir='ltr'><em>et</em></span> <span class='ocrx_word' id='word_1_379' title='bbox 1656 2789 1750 2819; x_wconf 84' lang='lat' dir='ltr'><strong>nott.</strong></span> <span class='ocrx_word' id='word_1_380' title='bbox 1766 2781 1814 2819; x_wconf 77' lang='lat' dir='ltr'><em>ad</em></span> 
     </span>
     <span class='ocr_line' id='line_1_71' title="bbox 1164 2840 1598 2887; baseline 0.005 -11"><span class='ocrx_word' id='word_1_381' title='bbox 1164 2840 1227 2887; x_wconf 87' lang='grc' dir='ltr'><em>ΠΙ,</em></span> <span class='ocrx_word' id='word_1_382' title='bbox 1251 2840 1343 2881; x_wconf 85' lang='grc'><em>135.</em></span> <span class='ocrx_word' id='word_1_383' title='bbox 1596 2862 1598 2864; x_wconf 59' lang='lat'>&gt;</span> 
     </span>
    </p>
   </div>
   <div class='ocr_carea' id='block_1_13' title="bbox 1884 0 1996 3169">
    <p class='ocr_par' dir='ltr' id='par_1_15' title="bbox 1884 0 1996 3169">
     <span class='ocr_line' id='line_1_72' title="bbox 1884 0 1996 3169; baseline 0 0"><span class='ocrx_word' id='word_1_384' title='bbox 1884 0 1996 3169; x_wconf 95' lang='lat' dir='ltr'><em> </em></span> 
     </span>
    </p>
   </div>
  </div>
 </body>
</html>
