1996 3238
107 768 173 814 77

584 186 930 223 URANIA.
988 186 1116 223 V111.

1410 186 1492 226 1⁰7

242 313 294 340 τα
332 295 516 351 μάλιστα
555 291 843 348 ἐξοισομένων
876 297 965 336 τῶν
1003 311 1048 338 τε
1087 295 1265 350 ἀνδρῶν
1300 294 1374 338 καὶ
1410 299 1500 338 τῶν

241 365 486 420 ναυηγίων,
537 363 553 414 (
566 363 612 406 ἐν
649 362 734 417 γὰρ
774 359 828 418 δή
866 361 991 417 πόρῳ
1029 367 1104 419 τῆς
1145 364 1385 420 ναυμαχίης
1423 367 1500 419 τῆς

242 429 481 489 μελλούσης
521 430 696 474 ἔσεσθαι
733 429 870 473 ἔκειτο
910 428 937 485 ἦ
977 434 1150 486 νῆσος,)
1189 433 1262 474 ἵνα
1289 431 1393 482 τοὺς
1421 430 1500 487 μὲν

213 502 525 552 4περιποιῶσι,
562 498 667 550 τούς
697 498 742 542 δὲ
765 499 1087 554 διαφθείρωσι.
1117 499 1294 542 ἐποίευν
1326 499 1371 543 δὲ
1402 502 1502 556 σιγῇ

239 570 398 620 ταῦτα,
438 565 496 618 ὥς
533 566 590 623 μή
621 568 927 610 πυνθανοίατο
960 568 1003 610 οἱ
1031 566 1234 610 ἐναντίοι.
1278 569 1321 610 οἷ
1349 569 1427 622 μὲν
1454 567 1559 623 δὴίιό

238 639 376 678 ταῦτα
414 639 489 690 τῆς
526 633 708 689 νυκτὸς,
761 633 893 679 οὐδὲν
924 633 1308 691 ἀποκοιμηθέντες,
1338 651 1505 692 παραρ-

237 703 400 746 τέοντο.

353 774 603 828 Χρησμοῐσι
640 770 686 814 δὲ
715 768 796 814 οὐκ
829 770 910 827 ἔχω
941 769 1177 826 ἀντιλέγειν
1217 768 1275 820 ὦς
1306 768 1389 813 οὐκ
1419 770 1501 812 εἰσὶ

238 840 443 896 οἰληθέες,
484 838 537 882 οὐ
567 837 838 894 βουλόμενος
875 839 1087 894 ἐναργέως
1117 838 1322 894 λέγοντας
1350 841 1500 892 πειρᾶ-

238 911 346 950 σθαι
381 907 692 965 καταβάλλειν,
723 907 765 960 ἐς
793 905 941 951 τοιάδε
969 907 1200 964 πρήγματα
1229 905 1450 963 ἐσβλέψας.

237 1081 306 1122 ἵνα
329 1081 425 1131 τούς
449 1080 520 1135 μὲν
540 1084 781 1134 περιποιῶσι
800 1097 838 1123 κ.

180 1154 213 1179 τ.
233 1140 286 1188 λ.]
307 1141 415 1177 Bene
427 1154 515 1177 cum
535 1138 592 1176 his
606 1140 836 1190 Wesseling.

180 1196 379 1234 contendit
396 1196 574 1249 Aeschyl.
602 1198 707 1234 Pers.
741 1196 838 1238 540.

183 1276 234 1283 —
250 1253 313 1290 Ad
333 1253 599 1306 παραρτέοντο
617 1254 719 1290 conf.
740 1260 837 1290 nott.

179 1309 229 1346 ad
257 1311 349 1359 vn,
387 1314 452 1352 20.
484 1311 587 1350 Add.
623 1311 732 1358 vm,
772 1312 840 1351 81.

178 1368 258 1416 IX,
288 1370 358 1408 29.

357 1458 450 1510 cap.
468 1458 664 1497 LXXVII.

241 1539 467 1589 Χρησμοῒσι
480 1535 522 1577 δὲ
540 1533 616 1576 οὐκ
637 1536 710 1588 ἔχω
729 1532 843 1576 oim-

181 1591 306 1645 λέγειν
323 1610 359 1633 κ.
377 1610 408 1634 τ.
440 1593 498 1645 λ.]
540 1595 611 1632 Vel
643 1592 704 1631 hic
735 1595 842 1631 locus

181 1650 380 1688 ostendere
418 1658 561 1702 potest,
601 1649 843 1688 Herodotum

179 1720 260 1744 non
291 1708 342 1745 ita
361 1709 625 1759 superstitione
651 1708 763 1745 fuisse
776 1721 842 1745 ca-

180 1771 304 1815 ptum,
336 1772 379 1802 ut
400 1766 577 1802 omnibus
594 1766 753 1803 oraculis
781 1772 842 1801 te—

180 1835 286 1858 mere
298 1821 455 1859 adderet
471 1821 600 1871 fidem,
622 1835 739 1875 quam
756 1829 842 1859 tum

182 1877 341 1915 demum
395 1877 576 1916 adhibere
622 1893 732 1930 posse
772 1880 843 1916 sibi

182 1934 404 1984 videbatur,
453 1937 485 1973 si
521 1944 677 1974 eventus
729 1949 842 1987 prae-

184 1990 292 2029 dictis
313 1992 572 2042 responderet.
631 1994 731 2031 Sunt
752 2006 842 2030 vero

182 2046 279 2085 haec
317 2050 520 2086 coniuncta
559 2063 648 2086 cum
686 2051 844 2086 notione

183 2103 232 2142 de
251 2105 328 2142 fato
342 2112 378 2142 et
393 2105 520 2143 divino
532 2107 704 2154 numine,
727 2119 845 2157 quam

181 2161 254 2199 sibi
270 2163 405 2198 Noster
426 2163 554 2199 animo
578 2163 844 2212 conformavit,

183 2217 337 2270 quaque
355 2219 470 2255 etiam
494 2221 617 2257 omnis
638 2221 771 2256 nititur
782 2232 846 2256 va-

183 2276 402 2312 ticiniorum
429 2275 522 2313 fides
550 2277 750 2328 omnisque
784 2275 845 2312 di-

183 2333 385 2369 vinationis
398 2333 539 2383 opinio.
571 2333 680 2373 Conf,
699 2335 845 2383 Iaeger.

183 2389 348 2439 Disputt.
375 2389 543 2426 Herodd.
564 2404 653 2442 pag.
675 2389 742 2430 48.
787 2391 845 2427 Ac

184 2447 321 2496 repetit
349 2448 485 2482 Noster
514 2447 554 2482 in
591 2447 668 2483 fine
699 2447 844 2497 capitis,

184 2503 267 2553 ipso
287 2503 440 2540 oraculo
465 2503 590 2550 allato,
618 2502 717 2540 hanc
736 2516 846 2540 suam

183 2560 425 2606 sententiam,
458 2573 535 2612 quo
556 2561 678 2611 magis
698 2561 762 2597 illa
777 2559 848 2597 ha·-

184 2616 274 2654 beat
302 2615 452 2666 pondus
485 2620 848 2669 auctoritatemque3

187 2672 517 2724 quemadmodum
535 2673 640 2711 idem
658 2675 721 2710 ille
736 2687 850 2725 supra

189 2742 343 2781 quoque
364 2743 421 2778 ea,
449 2744 547 2782 quae
568 2738 698 2768 contra
720 2744 850 2768 rerum

191 2793 366 2824 naturam
378 2787 465 2824 -fieri
485 2789 664 2839 putabat,
700 2788 740 2825 in
756 2801 850 2826 exa-

893 1094 984 1119 men
1000 1088 1154 1120 vocarat
1165 1111 1175 1130 ,
1203 1079 1335 1118 sedulo
1351 1079 1559 1132 inquirens,

892 1152 989 1176 num
1005 1152 1135 1177 revera
1151 1140 1220 1175 ista
1235 1139 1288 1175 sic
1307 1137 1478 1175 accidere
1488 1151 1561 1188 po-

893 1197 1048 1233 tuerint.
1133 1197 1200 1232 His
1247 1194 1408 1243 addam,
1461 1207 1559 1246 quae

905 1253 1147 1291 Valet-ena
1161 1254 1289 1290 erius
1310 1251 1357 1288 ad
1374 1250 1453 1292 h.l.
1474 1264 1560 1301 per-

897 1311 1068 1360 scripsit:
1093 1311 1218 1356 „Hinc
1247 1310 1361 1346 simul
1382 1309 1562 1345 aestima-

896 1380 938 1403 re
957 1367 1057 1413 licet,
1074 1368 1152 1402 iam
1171 1373 1255 1402 tum
1275 1364 1449 1402 homines
1470 1366 1562 1401 fuis-

898 1437 938 1461 se
958 1424 1075 1473 vulgo
1097 1424 1401 1474 perspicaciores,
1423 1422 1560 1473 quibus

898 1479 1138 1531 adparuerit,
1174 1478 1279 1530 quod
1307 1477 1458 1516 Bacid1s
1498 1477 1562 1527 [de

899 1550 977 1589 quo
998 1536 1101 1574 conf.
1121 1537 1228 1585 V111,
1256 1538 1310 1576 20
1330 1536 1422 1587 ibiq.
1442 1535 1561 1583 noth]

897 1608 976 1631 esse
1009 1594 1202 1630 ferebatur
1238 1593 1439 1630 oraculum
1458 1593 1554 1628 istoc

899 1652 1057 1688 articulo
1087 1650 1289 1701 temporis,
1318 1650 1434 1700 ipsius
1463 1649 1581 1694 forte,

898 1721 1011 1745 suasu
1042 1706 1312 1745 Themistoclis
1333 1707 1446 1744 fuisse
1467 1718 1563 1743 cou-

898 1765 1044 1804 fictum.
1076 1765 1182 1810 Quae
1196 1765 1297 1802 bello
1316 1765 1562 1814 Peloponne-

898 1824 999 1860 siaco
1038 1821 1086 1859 ad
1114 1822 1269 1873 plebem
1298 1822 1466 1858 Atticam
1502 1820 1563 1856 la-

900 1878 1083 1917 ctandam
1099 1880 1145 1916 ab
1167 1879 1414 1916 esurientibus
1435 1877 1565 1927 finge-

899 1938 1038 1974 bantur
1059 1935 1301 1986 demagogss,
1323 1935 1428 1972 velut
1448 1935 1564 1971 Baci-

901 1993 956 2030 dis
977 2000 1042 2030 aut
1060 1994 1176 2044 ipsius
1195 1993 1382 2043 Apollinis
1407 1991 1562 2028 oracula

899 2049 1062 2087 Athenis
1094 2049 1312 2096 decantata,
1371 2047 1468 2085 ridet
1498 2048 1564 2083 illa

901 2119 1044 2156 magua
1079 2119 1168 2143 oum
1210 2106 1382 2142 libertate
1414 2105 1564 2141 Aristo-

901 2161 1045 2214 phanes
1074 2164 1114 2199 in
1137 2163 1250 2198 Avib.
1279 2163 1358 2201 963
1389 2174 1496 2213 seqq.
1526 2167 1564 2198 et

901 2221 1032 2271 Equit.
1061 2218 1142 2259 995
1184 2226 1254 2256 etc.
1306 2217 1369 2254 Ad
1398 2218 1564 2255 veritatis

901 2278 1035 2313 lumen
1073 2277 1260 2312 Eusebius
1306 2275 1410 2312 istius
1450 2276 1565 2311 etiam

902 2333 1078 2371 officinae
1112 2332 1264 2370 fraudes
1293 2339 1467 2382 retegens
1496 2331 1563 2370 lib.

900 2391 953 2427 IV
1006 2391 1143 2441 Praep.
1181 2391 1331 2439 Evang.
1382 2389 1564 2440 pleraque

900 2448 1015 2484 fuisse
1055 2453 1164 2497 putat
1207 2446 1361 2483 oracula
1407 2440 1565 2497 γοήτων

902 2500 1063 2555 ἀνδρῶν
1099 2498 1346 2554 τεχνάσματα
1361 2531 1372 2550 ,
1410 2509 1454 2539 ut
1488 2503 1565 2540 Oe-

903 2573 1045 2598 nomao
1067 2568 1168 2597 certe
1189 2559 1415 2598 videbantur
1435 2558 1566 2596 Gada-

904 2631 997 2655 reno
1017 2618 1056 2653 in
1076 2618 1171 2654 libro
1187 2647 1197 2665 ,
1229 2629 1345 2669 quem
1362 2617 1566 2667 inscripse-

904 2682 962 2711 rat
985 2671 1108 2724 (1)de
1127 2670 1299 2726 γοήτων.
1357 2672 1437 2711 Sed
1461 2674 1565 2710 mul-

906 2738 944 2768 ta
964 2731 1088 2781 potius
1108 2731 1261 2768 suerunt
1277 2731 1447 2768 virorum
1459 2731 1566 2781 prin-

905 2789 1057 2839 cipum,
1088 2781 1251 2840 οἷνδραῖν
1277 2801 1318 2827 τε
1338 2788 1479 2837 σοφῶν
1504 2800 1567 2826 τε·

1557 771 1682 800 Baeidis
1699 778 1804 798 oracu-

1557 807 1620 835 lum
1629 806 1687 832 huc
1697 808 1838 840 spectans

1559 840 1584 865 G
1593 840 1772 873 raeciaeque
1789 846 1836 866 sa-

1559 874 1651 901 lutem
1670 877 1790 909 porten-

1558 907 1641 936 dens.
