1996 3238
592 199 936 236 URANIA.
996 201 1126 238 V111.

232 307 471 366 Ἀθηναίων
507 306 785 350 Ποσειδέωνά
813 323 857 350 τε
886 308 960 351 καὶ
978 309 1236 366 Ἀθηναίην,
1268 308 1544 363 ἐρίσαντας95
1563 311 1643 354 643

1436 201 1493 240 73

213 377 349 430 Ξπερὶ
374 379 447 432 τῆς
474 376 628 433 χώρης,
657 374 875 431 μαρτύρια
903 375 1076 420 θέσθαι.
1134 376 1297 434 ταύτην
1328 372 1389 421 ὦν
1417 378 1496 432 τὴν

177 551 248 586 sae,
269 551 385 590 quem
405 537 501 576 adeo
521 550 617 576 mare
636 539 836 588 vocabant,

177 607 370 647 quemque
389 597 457 633 sub
469 596 602 632 flatum
622 598 704 633 noti
723 595 837 633 surdo

176 665 374 689 murmure
412 654 599 689 fluctuum
638 652 687 690 ad
722 655 838 690 instar

175 711 323 746 moveri
350 712 603 762 strepitusque
634 709 746 747 edere
778 709 837 747 di-

176 766 333 813 cebant,
377 774 471 804 teste
501 769 666 806 Pausan.
702 768 740 814 I,
782 765 835 808 24

175 823 263 860 coll.
283 824 418 861 Liban.
439 825 616 861 Lament.
637 823 837 861 Nicomed.

174 893 214 930 p.
254 882 350 921 203.
427 882 575 932 Quippe
613 883 838 932 Neptunum

173 937 301 987 ipsum
339 951 429 974 cum
475 938 639 975 tridente
691 938 838 975 fontem

175 1006 196 1029 e
218 1006 311 1030 saxo
333 995 521 1045 aperuisse
546 996 648 1031 fama
677 995 835 1032 ferebat.

173 1051 232 1087 Ac
251 1062 341 1087 sane
370 1052 423 1087 nil
443 1051 623 1103 impedit,
655 1065 730 1103 quo
760 1053 836 1088 mi-

173 1120 246 1144 nus
266 1120 396 1144 revera
412 1109 559 1145 fontem
580 1110 721 1145 salsum
742 1110 835 1145 olim

172 1164 213 1200 in
266 1177 352 1201 arce
394 1165 507 1202 fuisse
558 1167 831 1214 existimemus,

175 1234 291 1273 quem
311 1223 417 1271 vulgi
439 1225 652 1273 superstitio
674 1222 722 1259 ad
753 1225 834 1259 Ne·-

173 1284 341 1328 ptunum
353 1280 533 1326 retulerit,
555 1293 750 1332 quemque
764 1279 834 1316 ad-

173 1333 250 1371 huc
276 1349 316 1372 se
342 1335 478 1373 vidisse
511 1335 728 1373 affirmabat
749 1339 837 1388 pio-

173 1405 260 1428 rum
281 1394 610 1443 peregrinatorum
632 1407 744 1441 unus,
765 1407 837 1430 ne-

173 1449 351 1499 gantibus
394 1457 583 1502 quotquot
624 1457 752 1488 nostra
793 1463 837 1487 ac

172 1512 326 1556 patrum
355 1509 540 1544 memoria
562 1521 689 1544 arcem
708 1508 840 1558 perlu-

172 1569 351 1600 strarunt.
416 1564 526 1603 Conf.
565 1565 715 1601 Mu'ller.
751 1565 778 1601 l.
809 1565 836 1601 l.

172 1631 263 1670 pag.
281 1622 350 1660 20.
371 1622 438 1660 31.
480 1620 592 1666 Quod
606 1634 696 1658 vero
712 1620 838 1658 Athe-

171 1676 322 1713 nienses
351 1677 477 1713 oleam
502 1691 545 1715 ac
567 1685 728 1729 puteum
757 1686 839 1715 tam

176 1735 290 1769 anxie
347 1736 515 1771 curarint
574 1742 731 1786 tamque
775 1737 837 1785 pie

174 1791 380 1838 coluerint,
419 1793 607 1828 rationem
640 1791 746 1830 addit
776 1791 838 1828 hi—

173 1849 310 1883 storiae
330 1855 437 1898 pater
457 1862 543 1885 eam
556 1879 565 1897 ,
597 1863 715 1901 quam
734 1849 838 1886 fama

174 1905 424 1954 suggerebat:
480 1920 558 1943 esse
594 1905 690 1943 haec
731 1908 838 1943 rixae

174 1961 274 1997 inter
301 1963 515 1999 Minervam
545 1970 659 2015 atque
689 1964 839 2014 Neptu-

176 2029 273 2053 num
302 2017 351 2054 de
379 2021 528 2056 Atticae
555 2021 720 2071 regionis
749 2034 840 2071 pos-

177 2075 342 2111 sessione
362 2077 600 2124 testimonia,
616 2090 737 2128 quum
757 2078 837 2113 scil.

176 2131 242 2167 illa
256 2132 326 2168 sibi
356 2132 441 2168 olea
468 2133 638 2184 plantata
665 2132 840 2171 vindica-

177 2195 236 2225 ret
292 2189 442 2225 Atticae
490 2192 654 2240 regionis
693 2203 842 2240 posses-

177 2245 339 2293 sionem,
370 2259 487 2298 quam
502 2246 666 2283 eandem
695 2250 842 2298 Neptu-

176 2315 261 2350 nus,
284 2304 350 2354 qui
366 2310 526 2353 puteum
546 2305 656 2340 illum
677 2303 841 2341 tridente

178 2366 378 2409 aperuerat
403 2390 412 2408 ,
471 2359 684 2398 affectabat.
751 2363 840 2397 'Hac

177 2429 269 2453 vero
297 2429 337 2452 re
368 2416 416 2453 ad
446 2415 651 2454 duodecim
681 2417 842 2455 deorum

179 2471 364 2509 iudicium
389 2474 554 2524 perlata,
592 2481 738 2511 constat
766 2476 842 2511 Mi-

178 2542 320 2566 nervae
363 2532 638 2580 possessionem
678 2533 842 2582 regionis

179 2586 294 2624 fuisse
314 2585 518 2624 addictam.
577 2587 770 2640 Equidem
793 2589 843 2626 il-

179 2642 249 2681 lud
278 2643 434 2691 adiicio,
470 2643 592 2682 videri
621 2646 752 2697 utique
785 2647 843 2682 al-

180 2700 284 2738 tioris
305 2699 495 2751 indaginis
518 2716 597 2739 esse
609 2700 709 2739 hauc
729 2702 841 2739 fabu-

180 2754 280 2805 lam,
317 2771 417 2809 quae
455 2757 504 2795 ad
548 2761 671 2809 prima
713 2772 842 2797 rerum

182 2813 394 2852 Atticarum
423 2816 656 2853 incunabula
685 2823 840 2867 spectet,

895 538 946 575 ita
966 545 1009 576 ut
1029 539 1097 576 ista
1126 540 1253 589 regio,
1285 541 1398 578 maris
1427 539 1553 577 flucti-

895 597 965 633 bus
986 597 1079 633 olim
1109 598 1275 633 multum
1294 605 1452 645 vexata,
1482 610 1555 648 po-

893 660 973 690 stea
994 667 1043 689 ex
1071 651 1145 690 hoo
1174 654 1362 691 fluctuum
1389 651 1556 705 (Neptu-

893 712 953 757 ni)
985 712 1193 747 certamine
1235 724 1323 747 cum
1352 712 1432 760 ipsa
1462 719 1561 748 terra

893 768 1063 819 lucisque
1106 769 1143 804 vi
1174 768 1278 804 illam
1315 768 1560 805 collustrante

895 831 932 861 et
967 825 1211 862 calefaciente
1259 825 1463 874 (Minerva)
1493 825 1562 860 sn·-

893 894 958 918 ma
983 883 1168 918 exstiterit
1206 889 1398 934 certaque.
1457 882 1552 917 Val-

896 937 1006 975 ckeu.
1038 938 1085 975 de
1114 938 1186 976 hac
1206 940 1271 975 lite
1293 939 1433 974 excitat
1456 939 1557 976 Plat.

893 997 1099 1032 Menexen.
1113 1009 1200 1047 pag.
1218 999 1300 1036 237
1323 996 1365 1032 C.
1380 1002 1415 1031 et
1437 995 1558 1039 Quin-

890 1054 946 1089 til.
960 1053 1130 1090 Declam.
1148 1054 1226 1093 323
1247 1053 1332 1089 coll.
1354 1050 1558 1089 Plutarch.

890 1111 926 1145 11
958 1123 1044 1160 pag.
1072 1109 1154 1150 489
1177 1111 1224 1146 B.
1283 1111 1348 1146 Tu
1374 1108 1452 1147 vid.
1485 1122 1557 1159 po-

890 1168 1077 1204 tissimum
1116 1165 1341 1216 Apollodor.
1374 1167 1449 1213 111,
1506 1164 1559 1205 14

892 1226 977 1269 §.¹1
1015 1232 1051 1261 et
1081 1236 1178 1274 quae
1211 1224 1282 1259 alia
1316 1224 1556 1273 protulerunt

890 1283 1016 1317 Moser
1037 1279 1084 1317 ad
1112 1281 1302 1316 Ciceronis
1320 1281 1345 1316 l.
1368 1281 1394 1319 l.
1425 1280 1558 1317 Sinte-

892 1339 950 1374 nis
987 1336 1035 1373 ad
1065 1335 1261 1377 Plutarch.
1303 1335 1558 1373 Themistocl.

898 1396 948 1435 19
978 1406 1065 1445 pag.
1099 1396 1189 1434 126.
1225 1394 1403 1431 Creuzer.
1435 1394 1558 1444 Sym-

894 1451 972 1489 bol.
994 1452 1030 1487 II
1049 1463 1138 1501 pag.
1161 1448 1241 1490 640
1269 1464 1348 1502 seq.
1372 1448 1454 1491 754
1475 1464 1558 1501 seq.

894 1508 946 1544 IV
971 1520 1058 1558 pag.
1090 1507 1171 1547 350
1198 1520 1278 1558 seq.
1298 1508 1400 1544 Orat.
1433 1505 1480 1542 de
1501 1508 1558 1543 ci·-

892 1565 959 1602 vit.
980 1563 1122 1600 Athen.
1143 1576 1230 1614 pag,
1245 1567 1297 1604 67
1309 1571 1345 1601 et
1360 1563 1399 1601 in
1414 1563 1560 1600 Stuart.

894 1628 932 1658 et
969 1623 1118 1658 Revett.
1148 1619 1312 1658 Alterth.
1342 1633 1429 1671 pag.
1463 1619 1559 1661 547.

895 1679 1040 1724 Quibus
1072 1684 1202 1728 postea
1232 1676 1326 1715 haec
1362 1677 1560 1727 adscripsit

897 1735 1109 1773 Creuzerus:
1157 1734 1264 1782 „Sed
1295 1742 1426 1771 tamen
1457 1735 1558 1770 anti-

898 1794 1079 1844 quissima
1118 1805 1223 1829 sacra
1260 1791 1558 1829 Atheniensium

892 1851 993 1886 inter
1031 1849 1175 1886 arvales
1214 1848 1305 1887 deos
1340 1848 1560 1885 habuerunt

896 1908 1011 1943 etiam
1050 1908 1297 1957 Neptunum,
1338 1919 1457 1957 quem
1496 1906 1559 1942 alii

896 1977 1051 2016 quoque
1073 1965 1209 2000 Graeci
1238 1960 1463 2014 φυτάλμιον
1487 1976 1560 2013 ap-

895 2022 1106 2071 pellabant,
1129 2021 1154 2057 i.
1177 2034 1210 2057 e.
1240 2017 1408 2072 γόνιμον
1428 2021 1560 2057 almum

897 2076 1084 2128 (Hesych.
1109 2078 1149 2112 in
1181 2073 1439 2127 φυτάλμιος).
1474 2077 1559 2121 Qua

897 2133 944 2171 de
975 2147 1015 2170 re
1050 2134 1205 2169 consule
1243 2134 1463 2170 Bosslerum
1501 2134 1559 2168 De

896 2197 1015 2241 gentt.
1046 2197 1082 2226 et
1110 2190 1244 2226 samill.
1267 2191 1414 2226 Atticae
1433 2203 1560 2226 sacer-

899 2247 1086 2284 dotalibus
1106 2259 1194 2297 pag.
1226 2249 1250 2286 9
1270 2260 1375 2298 seqq.
1391 2277 1400 2294 ,
1423 2254 1459 2283 et
1479 2247 1560 2297 ipse

897 2317 1022 2354 nuper
1053 2306 1188 2340 monui
1226 2305 1266 2339 in
1300 2305 1470 2340 Diatriba
1511 2303 1559 2340 de

898 2362 1052 2399 vasculo
1102 2361 1309 2397 Erbacensi
1352 2361 1559 2398 Herculem

897 2420 1100 2469 Buzygem
1123 2416 1371 2454 exhibente.“

956 2471 1073 2526 λόγος
1095 2472 1204 2527 παρά
1224 2470 1472 2524 Ἀθηναίων]
1505 2475 1560 2510 Ita

898 2532 1140 2569 Florentinus
1181 2544 1270 2568 cum
1300 2532 1392 2568 aliis.
1460 2532 1561 2567 Male

900 2589 977 2626 duo
1018 2587 1130 2625 codd.
1185 2583 1262 2626 ὑπ’
1308 2583 1558 2637 Ἀθηναίων.

900 2643 1286 2694 Schweighaeuserus
1299 2676 1310 2694 ,
1326 2668 1330 2670 ἡ
1349 2646 1415 2696 qui
1457 2646 1560 2695 prius

898 2703 1120 2754 requisierat
1168 2697 1267 2751 παρ’
1316 2696 1561 2751 Ἀθηναίοις,

898 2761 952 2796 nil
992 2767 1121 2795 tamen
1154 2766 1281 2808 postea
1331 2758 1560 2795 mutandum

899 2817 1056 2865 censuit,
1078 2815 1194 2854 modo
1204 2811 1312 2868 παρὰ
1332 2811 1562 2867 Ἀθηναίων
