1879 3222
201 197 580 237 COMMENTATIO
601 196 669 233 DE
690 196 817 233 VITA
837 197 909 234 ET
931 198 1164 238 SCRIPTIS
1182 199 1461 239 HERODOTI.
1518 202 1603 243 375

119 324 209 349 vero
240 311 279 348 in
311 310 383 348 hac
410 317 536 348 nostra
566 309 899 346 Commentatione
929 317 1154 363 tractantur,
1196 313 1377 352 indicabit
1397 313 1504 353 hicce
1523 315 1604 353 sin-

117 369 211 419 gull.
233 382 342 421 capp.
364 367 502 405 index:

287 483 324 528 ὅ.

386 483 421 519 1.

478 479 535 514 De
555 483 728 528 tempore
749 484 785 514 et
805 479 961 515 nomine
981 479 1179 520 Herodoti.

285 552 321 595 ξ.
378 550 419 587 2.
475 547 533 582 De
552 547 673 596 patria
694 545 900 595 Herodoti,
933 549 1172 599 parentibus,
1203 552 1388 601 cognatis.

283 618 320 662 Q

279 742 316 786 a

278 810 315 855 a

276 934 314 980 a

274 1059 313 1172 ee

260 2196 284 2310 cozeb}

262 1867 299 2116 eveo

378 618 416 655 3.

375 738 415 780 4.

375 810 412 851 5.

373 935 412 973 6.

371 1059 412 1098 7.

371 1130 411 1168 8.

299 1253 408 1292 ..9.

298 1405 308 1415 .
345 1378 407 1418 10.

293 1585 304 1595 .
336 1560 402 1598 11.

294 1654 305 1665 .
339 1630 404 1668 12.

333 1868 396 1907 13.

336 1933 397 1974 14.

291 2029 301 2039 .
334 2003 400 2044 15.

334 2073 396 2111 16.

290 2222 300 2232 .
337 2198 399 2236 17.

288 2294 298 2306 .
333 2266 393 2305 18.

474 615 532 650 De
553 613 778 650 educatione
799 622 836 652 et
856 616 1090 652 institutione
1111 617 1295 655 Herodoti
1323 620 1479 672 eiusque
1499 633 1604 659 com-

527 672 742 708 moratione
763 673 803 708 in
825 671 932 709 Sami
952 673 1087 711 insula.

474 741 532 776 De
552 740 774 777 recitatione
795 741 916 791 operis
939 742 1139 793 Olympiae
1171 742 1329 795 aliisque
1351 743 1443 781 locis
1463 742 1605 783 habita.

470 810 529 845 De
560 806 724 845 discessu
758 808 944 846 Herodoti
975 823 995 848 e
1026 811 1187 848 Graecia
1218 812 1259 848 in
1280 812 1453 862 Italiam,
1486 811 1604 849 Thu-

530 866 675 901 riorum
695 866 734 901 in
756 866 904 906 urbem.

472 933 555 979 Quo
584 945 705 984 usque
733 932 950 972 Herodotus
981 934 1131 974 vixerit.
1198 938 1255 974 De
1285 935 1471 975 Herodoti
1501 936 1601 975 ima-

513 990 678 1040 ginibus.

470 1059 527 1094 De
546 1058 743 1095 itineribus
764 1058 961 1099 Herodoti.

468 1128 526 1162 De
558 1126 726 1164 fontibus
754 1123 932 1164 historiae
971 1126 1227 1168 Herodoteae.
1307 1131 1366 1166 De
1405 1132 1598 1169 Hecataeo

520 1184 681 1221 Milesio.

466 1251 720 1289 Continuatur
753 1252 793 1287 in
825 1250 960 1289 eodem
992 1259 1233 1303 argumento.
1303 1253 1403 1302 Quid
1421 1253 1597 1308 sophistis

518 1322 561 1346 ac
582 1307 817 1360 philosophis
838 1309 1053 1347 Herodotus
1076 1310 1226 1348 debeat.

467 1378 721 1414 Continuatur
757 1377 798 1414 in
823 1377 961 1414 eodem
992 1387 1234 1429 argumento.
1306 1380 1408 1417 Artis
1445 1380 1596 1417 criticae

519 1435 626 1471 initia
658 1432 760 1486 apud
790 1434 1052 1485 Herodotum,
1083 1438 1149 1488 qui
1180 1450 1316 1474 verum
1347 1436 1473 1475 dicere
1499 1450 1596 1474 num

519 1492 681 1530 voluerit
711 1498 825 1543 atque
845 1494 1023 1542 potuerit,
1046 1495 1253 1546 quaeritur.

459 1561 518 1597 De
539 1561 685 1597 ambitu
706 1559 828 1610 operis
848 1560 1071 1598 Herodotei.

460 1631 519 1666 De
539 1626 725 1665 Herodoti
745 1628 902 1664 consilio
923 1629 962 1663 in
983 1627 1137 1666 historia
1156 1628 1357 1665 scribenda
1378 1636 1415 1666 et
1435 1630 1594 1666 Homeri

509 1686 736 1721 imitatione.
793 1683 980 1721 Herodoti
1002 1687 1190 1722 sententia
1211 1685 1259 1722 de
1281 1685 1352 1722 deo
1378 1685 1593 1738 divinisque

514 1744 625 1779 rebus
642 1771 652 1790 ‚
685 1740 733 1778 de
761 1740 862 1789 fato,
903 1740 951 1778 de
972 1741 1100 1779 divina
1120 1744 1261 1779 iustitia
1283 1750 1319 1780 et
1340 1742 1591 1793 providentia,

513 1798 561 1837 de
583 1799 743 1836 oraculis
767 1804 805 1835 et
827 1797 993 1851 denique
1014 1799 1062 1836 de
1083 1800 1195 1837 rebus
1214 1801 1391 1851 publicis.

452 1868 511 1903 De
530 1867 775 1917 inscriptione
796 1868 920 1917 operis
940 1868 1162 1906 Herodotei.

455 1937 512 1971 De
542 1934 728 1972 Herodoti
747 1948 924 1972 sermone
946 1943 984 1974 et
1013 1935 1174 1974 dialecto
1195 1936 1339 1973 Ionica.

457 2005 515 2040 De
534 2003 664 2041 indole
687 2005 865 2041 orationis
882 2004 1122 2042 Herodoteae
1147 2006 1303 2056 eiusque
1325 2002 1537 2041 virtutibus.

453 2073 510 2109 De
530 2072 789 2109 laudatoribus
810 2073 1015 2122 Herodoti,
1063 2072 1313 2126 eiusdemque
1357 2070 1587 2108 detrectato-

513 2131 629 2167 ribus.
676 2131 734 2166 De
754 2130 898 2179 glossis.

457 2199 515 2233 De
536 2197 729 2235 codicibus
749 2196 948 2235 Herodoti.

452 2267 510 2303 De
530 2266 758 2305 editionibus
778 2265 964 2304 Herodoti
985 2267 1142 2319 aliisque
1162 2264 1348 2304 subsidiis.
