1879 3222
305 461 371 506 38

101 525 287 553 Graecorum
306 525 374 552 bar-

100 559 180 586 barie
198 559 342 585 mixilian-

99 592 173 619 tium
191 596 276 620 vates
301 592 373 626 Hip

99 626 258 686 poffiachus
297 625 376 652 Leu

117 667 133 684 a

98 667 310 735 Tingeuidas

98 726 261 753 Thebanus
289 725 371 752 Mar-

97 759 145 786 do
138 768 186 787 ιιο
205 759 321 799 suadet
340 761 372 786 ut

99 793 271 820 cithaeron
253 802 288 820 ns
306 780 372 821 mu-

98 834 147 855 cce
165 831 297 863 occupet.

254 658 376 686 Interim

429 146 512 185 266

822 144 1282 183 HERODOTI

427 253 508 308 νίῳ
537 252 865 308 μεμισθωμένος
893 251 975 296 οὐκ
1005 252 1166 310 ὀλίγου,
1197 252 1353 297 ἐθύετό
1381 269 1424 297 τε
1454 254 1528 297 καὶ
1559 263 1737 310 azone-90

427 317 613 373 θυμὲετο
652 318 762 362 κατά
797 335 842 363 τε
874 319 922 364 τό
960 320 1083 375 ἔχθος
1122 321 1171 365 τὰ
1214 322 1576 377 Λακεδαιμονίων
1606 324 1680 366 καὶ

430 385 540 429 κατὰ
568 386 618 429 τὸ
647 387 813 442 κέρδος.

535 451 614 504 Ὡς
644 455 690 498 δὲ
721 454 802 499 οὐκ
821 455 1056 510 ἐκαλλιέρεε
1087 454 1195 498 ὥστε
1224 455 1447 537 μάχεσθαι,
1479 457 1578 501 οὔτε
1606 456 1682 501 αὖ·

431 525 544 564 τοῖσι
575 522 793 580 Πέρσησι,
823 523 922 568 οὔτε
951 527 1064 565 τοῖσι
1097 519 1183 576 μετ’
1225 523 1398 566 ἐκείνων
1437 524 1556 567 ἐοῦσι
1591 524 1681 567 Ἑλ-

432 588 593 643 λήνων·
634 589 773 647 (εἶχον
810 591 892 647 γὰρ
932 590 1006 633 καὶ
1040 583 1163 632 οὗτοι
1197 589 1262 632 ἐπ
1315 590 1487 636 ἑωυτῶν
1527 592 1682 647 μάντιν

427 654 701 713 Ἱππόμαχον,
733 656 1149 713 Λευκάδιονᾶνδρα
1160 660 1178 711 )
1210 657 1498 713 ἐπιρρεόντων
1530 660 1574 702 δε
1593 664 1681 702 τῶν

424 723 660 779 Ελλήνων,
707 725 780 768 καὶ
817 724 1058 780 γινομένων
1094 723 1312 776 πλεύνων,
1346 729 1628 782 Τιμηγενίδης
1657 728 1738 771 695

416 790 632 846 “”Ερπυος,
673 791 783 847 ἀνὴρ
836 795 1039 847 Θηβαῖος,
1079 792 1392 846 συνεβούλευσε
1438 796 1680 851 Μαρδονίῳ

427 857 503 909 τὰς
542 859 724 914 ἐκβολάς
763 862 844 901 τοῦ
884 862 1167 913 Κιθαιρῶνος
1197 859 1408 915 φυλάξαι·

1456 859 1594 914 λέγων
1625 859 1683 910 ὡς

427 926 679 981 ἐπιῤῥέουσι
708 926 971 991 οί“Ἑλληνες
1000 927 1084 971 αἰεὶ
1112 925 1197 972 ἀνὰ
1227 930 1372 971 πᾶσαν
1397 925 1575 985 ἡμέρην,
1609 928 1683 971 καὶ

369 1143 483 1190 bello,
502 1144 612 1181 nobis
631 1157 708 1181 ιιοιι
733 1144 885 1195 cognito
913 1144 1026 1181 forsi-

367 1206 434 1236 tau
458 1198 520 1237 hic
540 1200 787 1251 cogitandum
808 1214 885 1237 esse
905 1199 1024 1238 addit.

424 1257 727 1307 μεμισθωμένος
767 1252 842 1296 οὔκ
873 1251 1023 1308 ὀλίγου]

366 1312 393 1348 i.
421 1324 456 1350 e.
486 1314 636 1350 mercede
656 1313 754 1350 haud
782 1315 916 1361 exigua
942 1326 1025 1350 con-

369 1368 510 1406 ductas.
546 1369 818 1420 Subiutelligas
849 1370 938 1406 licet
965 1384 1026 1409 τι-

367 1420 547 1477 μήματος
566 1439 597 1464 ε.
623 1422 837 1479 ἆργυρίουε
869 1425 916 1462 de
948 1439 1026 1477 quo

366 1480 444 1520 vid.
470 1483 664 1522 Lambert.
698 1484 789 1520 Bos.
810 1484 867 1519 De
888 1483 1026 1534 ellipss.

366 1538 413 1574 L.
435 1539 498 1574 Gr.
521 1553 560 1589 p.
582 1542 634 1580 39
663 1553 743 1591 seq.
769 1539 850 1580 473
869 1552 949 1591 seq·
972 1561 1024 1567 -·

366 1594 581 1631 Articulum
602 1597 656 1649 τῷ
677 1603 764 1632 ante
786 1595 1024 1648 Μαρδονίῳ,

364 1662 480 1701 quem
493 1657 649 1687 tuentur
659 1650 902 1698 Schaefmus,
921 1653 1023 1688 Mat-

364 1705 468 1743 thiae
510 1713 547 1743 et
574 1705 786 1756 Bekkerus,
845 1706 1024 1758 equidem

365 1775 456 1799 cum
476 1764 629 1814 reliquis
645 1764 784 1812 abieci,
815 1764 845 1798 F
848 1764 1025 1800 lorentini

366 1818 606 1872 aliorumque
646 1819 759 1858 codd.
804 1820 1024 1856 auctoritate

363 1875 496 1912 fretus.

423 1928 569 1972 ἐθύετό
585 1946 627 1971 τε
638 1930 706 1971 καὶ
730 1929 1020 1984 προεθυμέετο]

365 1986 429 2024 Ad
444 1989 604 2025 verbum
635 1984 780 2028 ἐθύετο
802 1988 902 2027 conf.
924 1995 1022 2026 nott.

364 2043 414 2081 ad
434 2045 517 2092 VII,
546 2046 639 2085 189.
697 2045 870 2096 Sequens
902 2059 1024 2096 προε-

364 2100 534 2151 θυμέετο
554 2101 748 2152 intelligo:
767 2113 934 2150 magnum
944 2106 1023 2138 stu-

362 2157 459 2194 dium
485 2157 662 2204 exhibuit,
706 2159 809 2196 valde
847 2157 1023 2194 studiosus

357 2214 448 2264 fuit.
491 2215 564 2259 Qui
589 2214 640 2250 ita
658 2215 924 2266 interpretatus
941 2220 1021 2251 erat

362 2269 771 2321 Schweighaeuserus:
803 2283 933 2320 „sacra
961 2271 1021 2306 fa-

363 2328 508 2372 ciebat,
540 2328 685 2364 libenter
706 2332 861 2377 suscepto
879 2339 916 2363 eo
940 2340 1020 2364 mu-

362 2386 465 2421 nere“
487 2385 516 2420 is
538 2391 669 2435 postea
688 2386 837 2432 rectius,
871 2384 1019 2432 opinor,

363 2439 401 2475 iu
434 2442 531 2478 Lex.
562 2439 706 2477 Herod.
742 2442 793 2477 ita
832 2439 1018 2476 reddidit:

358 2501 531 2545 promtam
572 2509 710 2548 operam
747 2499 906 2536 navavit.
974 2498 1019 2532 In

366 2553 487 2589 verbis
506 2550 605 2592 κατά
625 2567 665 2593 τε
684 2550 728 2593 τὸ
746 2553 868 2606 ἔχθος
886 2567 922 2591 κ.
940 2568 972 2591 τ.
984 2556 1018 2592 λ.

364 2611 589 2658 praepositio
625 2611 724 2647 valet
764 2611 824 2656 ob,
868 2613 1020 2660 propter.

364 2663 448 2702 Vid.
463 2671 557 2700 nott.
587 2665 635 2702 ad
662 2668 760 2713 vm,
782 2670 849 2708 30.
884 2666 1019 2705 Matth.

362 2721 427 2759 Gr.
443 2722 508 2758 Gr.
530 2721 568 2766 §.
589 2722 665 2762 581
688 2736 727 2772 p.
752 2726 871 2764 1150.

1247 1177 1340 1229 Cap.
1353 1177 1570 1217 XXXVIII.

1133 1253 1209 1303 Ὣς
1229 1254 1271 1295 δὲ
1302 1253 1375 1296 οὐκ
1405 1256 1646 1310 ἐκαλλιέρεε]
1671 1258 1728 1295 cf.

1079 1319 1175 1349 nott.
1196 1312 1245 1350 ad
1272 1314 1471 1364 V11‚134.

1139 1365 1245 1421 εἶχον
1260 1385 1335 1422 γαρ
1356 1369 1422 1408 καὶ
1443 1364 1552 1409 οὗτοι
1570 1365 1627 1408 ἐπ’
1639 1367 1739 1407 ἑωυ-

1081 1428 1160 1465 τῶν
1179 1422 1320 1477 μάντιν
1347 1423 1613 1477 Ἱππόμαχον]
1654 1426 1681 1462 i.
1703 1439 1739 1465 e.

1081 1496 1165 1520 nam
1192 1483 1231 1519 ln·
1260 1496 1390 1534 quoque
1419 1496 1518 1520 suum
1551 1481 1737 1532 quendam,

1080 1540 1151 1577 sibi
1167 1541 1250 1589 ipsis
1268 1542 1447 1590 proprium
1475 1540 1646 1577 habebant
1668 1551 1735 1575 va-

1081 1599 1148 1632 tem
1168 1595 1448 1646 Hv'ppomaclaum
1467 1598 1558 1643 sive,
1575 1602 1617 1631 ut
1629 1596 1736 1631 Hoo-

1079 1664 1226 1700 geveen
1263 1651 1387 1687 reddit
1413 1651 1460 1688 ad
1487 1653 1614 1700 Viger.
1647 1663 1737 1701 pag.

1081 1706 1161 1746 614
1175 1720 1183 1728 ·
1213 1706 1386 1744 habebant
1406 1710 1494 1744 enim
1511 1711 1542 1744 et
1565 1707 1602 1743 Ιιί
1626 1720 1736 1755 pecu-

1081 1762 1202 1800 liarem
1229 1763 1297 1800 sibi
1334 1763 1551 1813 haruspicem
1595 1762 1737 1813 Hippo-

1078 1820 1250 1856 macleum.
1279 1821 1337 1855 De
1361 1820 1552 1856 locutione
1564 1818 1611 1858 ἐπ
1636 1818 1736 1857 ἕωυ-

1077 1876 1160 1914 ταῖν
1208 1875 1286 1913 vid.
1332 1877 1400 1923 IX,
1444 1879 1492 1915 17
1542 1882 1578 1912 et
1626 1875 1737 1911 allata

1079 1930 1127 1968 ad
1150 1933 1212 1980 1V,
1232 1930 1322 1971 114.
1338 1952 1392 1961 —
1407 1933 1451 1967 In
1472 1944 1578 1982 seqq.
1594 1928 1663 1977 τοὶς
1672 1930 1738 1970 ἐκ-

1079 1985 1213 2039 βολάς,
1249 1995 1290 2024 ut
1309 1989 1378 2034 IX,
1400 1989 1467 2034 39,
1493 1987 1582 2025 dicit
1599 1987 1738 2037 fauces,

1078 2057 1147 2095 per
1177 2057 1270 2096 quas
1303 2058 1324 2080 e
1354 2043 1582 2082 Cithaerone
1606 2051 1737 2080 monte

1080 2103 1201 2138 exitus
1235 2108 1351 2152 patet.
1407 2103 1464 2137 De
1494 2102 1599 2137 fluvii
1629 2102 1735 2137 exitu

1078 2172 1108 2195 s.
1139 2159 1232 2194 ostio
1261 2157 1364 2194 idem
1395 2158 1624 2193 vocabulum
1652 2157 1733 2204 Vll,

1081 2217 1173 2255 128.
1202 2216 1259 2250 De
1278 2213 1515 2261 Timagenida
1530 2214 1732 2261 cf.1X‚86.

1076 2271 1239 2307 Pausau.
1269 2270 1350 2318 Vll,
1377 2272 1426 2310 10
1448 2271 1483 2315 ξ.
1510 2272 1545 2309 1.

1132 2325 1199 2365 καὶ
1248 2324 1302 2372 οἷς
1353 2321 1630 2376 ἀπολάμψοιτο
1665 2337 1731 2363 συ·

1075 2381 1215 2433 χνοῦς]
1252 2383 1278 2419 i.
1310 2396 1343 2421 e.
1379 2383 1495 2422 dicens
1531 2396 1564 2419 se
1605 2382 1731 2419 multos

1074 2441 1345 2489 interceptarum
1365 2452 1447 2485 esse,
1468 2440 1630 2476 Graecos
1649 2437 1729 2474 soil.

1075 2503 1312 2533 accurrentes
1333 2495 1381 2532 ad
1402 2494 1603 2533 Thessalos
1631 2506 1659 2531 s.
1681 2492 1729 2529 ad

1075 2566 1138 2589 eos
1169 2554 1354 2599 Graecos,
1386 2554 1451 2603 qui
1471 2565 1494 2588 a
1527 2553 1728 2587 Persarum

1075 2611 1242 2660 partibus
1264 2616 1417 2647 starent.
1448 2610 1505 2644 De
1528 2607 1648 2643 forma
1665 2608 1726 2642 [ιι-

1075 2667 1150 2702 turi
1170 2661 1460 2715 α’πολάμψομαι
1479 2663 1553 2699 vid.
1576 2664 1650 2699 citt.
1679 2661 1725 2698 ad

1075 2723 1141 2771 111,
1170 2724 1271 2771 146,
1315 2721 1379 2758 ubi
1411 2715 1726 2770 ἀπολάμψεσθαι

1737 659 1812 697 711
