1996 3238
477 227 560 266 108
875 226 1338 263 HERODOTI

442 335 464 368 2
599 330 687 366 Ἀλλ’
714 328 805 366 ὅταν
826 330 1026 375 Ἀρτέμιδος
1047 332 1256 379 χρυσαόρου
1281 333 1383 378 ἱερὸν
1408 332 1524 379 ἀκτὴν
1745 337 1790 371 50

600 388 708 432 νηυσὶ
730 387 979 433 γεφυρώσωσι,
1001 390 1064 425 καὶ
1086 391 1246 434 εἰναλίην
1272 390 1525 435 Κυνόσουραν,

601 442 720 479 ἐλπίδι
736 446 937 492 μαινομένῃ
959 446 1116 491 λιπαρὰς
1131 446 1328 490 πέρσαντες
1342 447 1517 493 Ἀθήνας,

600 502 666 536 δῖα
681 503 772 547 Δίκη
794 502 934 549 σβέσσει
958 504 1137 549 κρατερὸν
1152 504 1286 548 Κόρου,
1302 502 1454 550 Γ’Ῥβριος
1478 503 1574 545 υἱόν,

419 660 637 716 χνᾶσματα,
654 664 700 702 ad
722 667 941 717 opinionem
958 666 1079 717 impe-

420 724 579 758 ritorum
591 722 791 759 conficta.“
818 718 1078 773 καταβάλλειν

419 779 577 825 deiicere,
590 780 649 817 Le.
663 781 812 826 reticere,
823 781 900 815 vim
913 780 1078 815 auctori-

418 841 612 886 tatemque
628 836 844 885 infringere.
857 836 912 872 Cf.
927 837 993 882 IX,
1011 837 1076 875 79.

472 887 701 942 Ἀρτέμιδος
725 888 960 943 χρυσαόρου]
991 892 1017 928 i.
1040 904 1072 929 e.

416 947 561 985 Dianae
584 960 728 984 aureum
750 961 860 984 ensem
888 949 1074 996 gestantis-

416 1003 567 1040 Eodem
588 1005 817 1054 cognomine
833 1011 987 1041 ornatur
1000 1005 1075 1040 Ce-

417 1061 526 1097 resin
541 1062 730 1097 Homeric.
741 1063 884 1112 Hymu.
896 1062 934 1097 in
948 1061 1072 1099 cerer.

416 1115 456 1165 4,
478 1116 526 1154 ad
546 1130 661 1169 quem
694 1118 821 1154 locum
841 1124 989 1168 praeter
1019 1129 1074 1165 ea,

416 1185 529 1224 quae,
550 1181 734 1211 monente
757 1174 840 1221 Cn,
870 1175 1076 1210 attulerunt

416 1229 598 1282 Matthiee
656 1228 968 1280 (Animadverss.
1036 1231 1076 1266 in

416 1288 562 1337 Hymn.
591 1289 747 1324 Homer.
787 1300 876 1337 pag.
908 1287 1007 1334 350)
1039 1293 1075 1323 et

415 1343 523 1391 Ilgen
545 1342 845 1390 (Animadverss.
866 1344 905 1379 in
930 1345 1072 1393 Hymn-

415 1400 595 1436 Homerr.
641 1411 729 1450 pag.
785 1398 884 1445 504)
899 1428 909 1446 ‚
966 1399 1074 1449 plura

416 1468 571 1508 quoque
591 1457 715 1492 attulit
734 1454 1001 1493 Mitscherlich.
1025 1454 1073 1492 de

416 1510 486 1549 diis
508 1526 595 1549 ense
621 1519 686 1548 aut
710 1513 782 1563 elio
802 1512 919 1549 modo
945 1525 1072 1548 arma-

414 1569 481 1617 tis,
511 1576 639 1606 nostro
660 1570 744 1606 loco
764 1567 868 1605 haud
902 1576 1072 1620 praeter-

412 1625 528 1662 misso
543 1654 553 1673 ,
599 1626 664 1662 ubi
700 1626 739 1661 in
766 1638 860 1662 voce
902 1622 1075 1676 χρυσαό-

413 1696 488 1731 ρου
519 1682 627 1718 altius
659 1680 751 1733 quid
779 1682 900 1718 inesse
930 1683 1073 1731 magis—

413 1750 489 1789 que
519 1737 781 1786 reconditum,
813 1737 974 1774 dubitari
1002 1751 1074 1773 ne-

413 1795 509 1845 quit.
557 1794 642 1832 Vid.
682 1795 856 1832 Creuzer.
897 1795 1072 1846 Symbol.

412 1851 465 1887 IV
486 1863 572 1902 pag.
594 1854 662 1892 67.
684 1852 718 1887 II
738 1853 932 1902 pag.719.
951 1851 1073 1901 Apol-

413 1908 500 1944 linis
539 1903 763 1960 χρυσαόρου
791 1909 934 1944 mentio
960 1908 1001 1944 fit
1030 1909 1070 1943 in

412 1964 458 2000 lt.
483 1963 538 2009 V,
569 1964 664 2004 509.
722 1965 865 2009 Quibus
888 1962 982 2000 haec
1001 1963 1070 2000 ad-

412 2021 557 2070 scripsit
579 2021 808 2057 Creuzerus:
840 2022 1070 2069 „Falloraut

412 2075 487 2112 hoc
520 2077 664 2113 Dianae
701 2076 894 2128 epitheton
932 2079 1071 2127 pariter

411 2134 575 2183 pertinet
605 2132 652 2169 ad
674 2133 916 2184 splendorem
942 2135 1068 2180 lunae,

412 2196 527 2240 atque
548 2188 595 2226 ad
616 2191 695 2226 vim
715 2191 921 2237 letiferam,
953 2203 1069 2242 quam

413 2247 614 2297 antiquitas
634 2248 809 2283 Diauae-
826 2249 958 2283 Lunae
990 2260 1068 2282 nou

413 2303 538 2339 miuus
556 2304 800 2350 attribuebat,
867 2317 983 2355 quam
1010 2305 1067 2339 A-

412 2359 557 2408 pollini,
581 2366 765 2411 quateuus
786 2360 872 2397 solis
894 2360 1066 2410 radiipe-

411 2417 525 2451 stil'eri
552 2418 706 2453 erant.“
884 2429 886 2432 ·

468 2469 636 2523 λιπαράς
663 2494 719 2500 --
742 2467 941 2521 Ἀθήνας]
969 2472 1067 2507 Satis

411 2535 577 2573 constat,
616 2530 758 2565 Atticos
789 2535 944 2577 poetas,
982 2540 1065 2563 ora-

412 2589 509 2619 tores
525 2586 573 2621 ita
584 2598 735 2621 vocasse
745 2584 1066 2633 Atti-¹·uaspz'ngues

411 2638 436 2679 ἰ.
459 2653 491 2678 e.
510 2641 720 2689 splen‹lid‹18‚
741 2642 907 2685 illustrem,
925 2641 1065 2691 populo

410 2696 695 2743 gratiticaturos.
726 2698 808 2737 vid.
822 2699 951 2747 Euris).
964 2698 1066 2734 Tro-

409 2751 472 2788 ad.
508 2755 600 2793 776.
632 2754 714 2791 Alc.
745 2753 839 2794 435.
874 2752 1065 2804 Aristopil.

409 2807 576 2845 Acharu.
617 2812 696 2850 606
736 2810 825 2862 ibiq.
859 2812 1066 2861 interprett.

1134 666 1342 716 Praecipue
1378 665 1454 705 huc
1505 668 1594 704 facit
1633 665 1787 705 Piudar.

1132 724 1243 760 Nem.
1264 724 1326 770 IV,
1350 725 1402 763 30
1423 723 1438 773 (
1456 726 1522 773 18)
1553 725 1679 776 ibique
1703 726 1788 761 Dis-

1131 792 1209 816 seu.
1227 781 1351 829 p.381
1371 779 1626 827 ed.Boeekt1.‚
1649 779 1787 831 Dithy-

1132 836 1251 872 ramb.
1272 836 1408 885 fragm.
1436 836 1535 886 apud
1548 835 1675 875 Schol.
1698 838 1788 873 Ari-

1130 890 1254 942 stoph,
1295 893 1321 928 l.
1342 892 1385 939 l.,
1424 893 1489 928 ubi
1528 894 1634 942 plura
1684 892 1788 930 dabit

1129 947 1301 985 Boeckli.
1313 962 1349 998 p.
1362 947 1442 988 579
1464 956 1500 985 et
1512 947 1788 1000 Wyttenbach.

1130 1006 1229 1041 Bibl.
1253 1006 1341 1041 Crit.
1363 1007 1427 1052 III,
1454 1009 1472 1045 1
1496 1005 1613 1055 p.49.
1634 1003 1787 1055 σβέσσει

1132 1068 1168 1098 et
1190 1057 1324 1113 ἐπάγει
1347 1075 1413 1111 per
1432 1074 1606 1111 praesens
1619 1061 1785 1110 ess'ermr,

1131 1119 1162 1155 si
1188 1118 1345 1169 quidem
1362 1147 1371 1165 ‚
1404 1131 1501 1169 quae
1533 1118 1658 1154 futura
1686 1125 1786 1166 suut,

1133 1187 1176 1210 ea
1197 1176 1323 1211 animo
1353 1175 1430 1210 iam
1456 1181 1640 1226 tauquam
1677 1187 1788 1225 prae-

1132 1232 1251 1267 sentia
1303 1238 1406 1268 vates
1454 1230 1661 1281 praevidet.
1728 1231 1786 1268 Cf.

1130 1300 1242 1338 supra
1263 1288 1353 1334 Vll,
1379 1286 1469 1327 140.
1496 1286 1588 1327 141.

1188 1340 1378 1394 κρατερόν
1417 1338 1579 1394 Κόρου,
1615 1339 1788 1395 ”’Τβριος

1129 1397 1239 1448 υἱόν]
1277 1397 1410 1451 Κόρου
1434 1412 1512 1435 nou
1533 1401 1688 1437 iuvenem
1721 1412 1787 1436 ac-

1129 1457 1250 1507 cipio,
1297 1464 1339 1493 ut
1375 1456 1498 1506 placet
1530 1456 1786 1506 VVesselingio

1130 1519 1166 1549 et
1199 1512 1388 1550 Larchero
1438 1516 1570 1564 (quem
1607 1513 1787 1550 iuvenem

1129 1582 1207 1605 non
1221 1570 1336 1606 alium
1348 1576 1462 1621 atque
1477 1570 1602 1619 ipsum
1613 1570 1786 1606 Xerxem

1131 1639 1209 1662 esse
1228 1639 1335 1676 posse
1360 1625 1675 1676 consentaneum)
1689 1654 1699 1673 ‚
1719 1623 1786 1661 sed

1130 1685 1350 1730 satietatem,
1386 1684 1630 1731 arrogantiam
1646 1712 1654 1728 ‚
1687 1694 1785 1733 quae

1129 1740 1308 1788 superbiae
1346 1752 1374 1775 s.
1398 1734 1563 1788 ”Τβριος
1603 1745 1656 1774 est
1695 1738 1784 1786 filia,

1130 1793 1455 1847 quemadmodum
1467 1793 1619 1832 Pindar.
1631 1795 1784 1844 Olymp.

1128 1853 1240 1897 xm,
1283 1855 1334 1892 12
1368 1847 1487 1901 ὕβριν
1525 1849 1619 1887 dixit
1663 1845 1784 1901 κόρου

1129 1907 1275 1961 μητέρα
1300 1938 1310 1955 ,
1382 1909 1448 1943 etsi
1494 1908 1609 1956 vulgo
1657 1902 1783 1959 κόρον

1127 1962 1266 2014 ὕβριος
1285 1962 1485 2015 perhibent
1506 1971 1688 2009 matrem,
1704 1976 1781 2000 non

1125 2022 1262 2069 filiam,
1297 2028 1389 2057 teste
1417 2019 1638 2068 Theognid.
1675 2021 1782 2060 153:

1126 2079 1244 2116 τίκτει
1263 2092 1322 2116 τοι
1351 2074 1471 2125 κόρος
1500 2073 1618 2127 ὕβριν
1637 2091 1672 2114 κ.
1693 2091 1725 2113 τ.
1747 2079 1782 2115 λ.

1127 2135 1212 2171 coil.
1250 2135 1342 2174 596.
1389 2134 1483 2174 605.
1525 2135 1617 2172 693.
1665 2132 1781 2172 1175.

1130 2193 1256 2237 1176,
1289 2191 1352 2226 ubi
1385 2190 1486 2229 cous,
1514 2187 1712 2225 VVelcker.
1743 2201 1781 2237 p.

1127 2248 1178 2286 93
1206 2259 1214 2282 :
1271 2247 1411 2297 quippe
1451 2259 1471 2280 e
1510 2245 1645 2295 quibus
1693 2245 1783 2280 locis

1126 2304 1268 2352 optime
1308 2308 1474 2352 apparet,
1511 2299 1603 2352 quid
1638 2307 1783 2337 veteres

1125 2359 1257 2394 Graeci
1279 2372 1372 2394 voce
1386 2353 1507 2407 κόρου
1524 2357 1782 2406 significarint.

1123 2416 1171 2450 Et
1197 2416 1298 2451 cous.
1335 2427 1488 2465 quoque
1516 2414 1624 2449 Stob.
1658 2414 1780 2452 Serm,

1123 2472 1232 2516 XLI,
1262 2471 1350 2519 [43]
1376 2484 1461 2520 pug-
1490 2470 1569 2510 247
1591 2483 1619 2506 s-
1642 2483 1679 2518 p-
1701 2471 1778 2508 120

1123 2528 1349 2566 T.11Gnisl·,
1373 2525 1564 2565 Heinrich.
1579 2525 1776 2576 Epimeni-

1123 2583 1188 2620 des
1209 2597 1294 2635 [πως.
1317 2587 1370 2624 97
1391 2598 1469 2635 seq.
1491 2596 1511 2618 a
1543 2581 1610 2620 Cr.
1642 2580 1776 2618 lauda-

1121 2647 1192 2676 tus.
1256 2640 1332 2677 Sed
1355 2641 1436 2691 quis
1457 2652 1595 2692 quaeso
1624 2639 1661 2674 iu
1690 2638 1776 2673 tali-

1121 2698 1202 2743 bus,
1224 2710 1321 2747 quae
1334 2703 1531 2747 poetarum
1549 2708 1594 2730 ex
1616 2695 1776 2743 ingeniis

1123 2754 1325 2801 fluxerunt,
1344 2754 1470 2789 omnia
1493 2750 1541 2787 ad
1557 2763 1670 2786 unzmn
1685 2763 1774 2785 ean-

1122 2809 1287 2862 demque
1307 2822 1482 2847 normam
1493 2809 1644 2858 exigere
1657 2804 1774 2844 velit?
