1996 3238
155 411 224 441 que.

154 344 205 365 ren
237 339 345 371 οοοίιίς
379 348 431 369 arx

155 371 272 407 direpta
294 373 430 404 incensa-

485 224 541 265 ⁷⁰
886 225 1344 264 HERO‘DOTI

488 332 565 383 ὃος
597 335 710 374 τοῖσι
740 331 1029 386 βαρβάροισι·
1062 334 1149 377 ἔδεε
1166 334 1250 389 γάρ
1279 337 1386 378 κατὰ
1403 335 1451 379 τὸ
1471 338 1744 389 θεοπρόπιον

458 404 635 442 Ξπᾶσαυ
654 396 939 454 τήνἈττικὴν
964 400 1042 455 τὴν
1072 400 1118 444 ἐν
1146 406 1199 458 τῇ
1228 401 1390 458 ἠπείρῳ
1420 403 1622 458 γενέσθαι
1656 402 1742 448 ὑπὸ

485 467 694 522 Πέρσῃσι.
732 466 952 521 ἔμπροσθε
975 465 1036 511 ὦν
1065 469 1150 521 πρὸ
1181 473 1254 524 τῆς
1283 468 1556 523 ἀκροπόλιος,
1589 472 1745 515 ὄπισθε

486 534 532 576 δὲ
561 537 647 577 τῶν
668 535 841 577 πυλέων
868 537 940 579 καὶ
971 541 1045 592 τῆς
1074 535 1255 587 ἀνόδου,
1287 541 1338 592 τῇ
1361 537 1412 592 δὴ
1437 539 1535 581 οὔτε
1556 557 1619 590 τις
1644 540 1800 593 {epti-70

485 605 628 650 λασσε,
661 600 754 645 οὔτ’
788 603 845 644 ἂν
873 602 1022 658 ἤλπισε
1055 603 1112 659 μή
1141 604 1238 647 κοτέ
1279 622 1341 655 τις
1357 605 1466 648 κατὰ
1489 609 1623 648 ταῦτα
1643 604 1744 649 ἄνα·

484 670 587 725 βαίη
607 660 867 724 ἀνθρώπιον,
899 675 1033 726 ταύτῃ
1056 670 1274 727 ἀνέβησάν
1298 689 1410 724 τινες
1440 672 1549 717 κατὰ
1569 674 1616 716 τό
1647 673 1747 728 ἱρόν

483 740 558 792 τῆς
571 738 797 790 Κέκροπος
812 738 1295 796 θυγατρὸςἈγλαύρου,
1308 744 1531 794 καίτοιπερ
1555 739 1746 796 ἀποκρή-

453 811 602 859 Βμνου
627 805 775 856 ἐόντος
803 810 884 849 τοῦ
913 807 1074 861 χώρου.
1127 807 1202 858 Ὡς
1221 807 1266 851 δὲ
1296 806 1414 852 εἶδον
1445 807 1605 859 αὐτοὺς
1638 808 1746 852 οἶνοι-

483 872 722 929 βεβηκότας
762 875 805 915 οῖ
841 872 1064 930 Ἀθηναῖοι
1105 875 1174 918 ἐπὶ
1203 875 1283 931 τήν
1313 875 1564 929 ἀκρόπολιν,
1597 879 1640 920 οἱ
1666 877 1800 931 μὲνῗῦ

483 940 709 994 ἐρῤίπτεον
742 940 934 993 ἑωυτούς
971 942 1081 987 κατὰ
1110 947 1190 987 τοῦ
1219 945 1377 1000 τείχεος
1406 944 1537 995 κάτω,
1568 946 1639 987 καὶ
1661 947 1747 988 διε-

454 1009 752 1063 4φθείροντο,
781 1011 823 1053 οἱ
845 1011 891 1054 δὲ
914 1011 958 1063 ἐς
987 1011 1035 1055 τὸ
1065 1011 1255 1069 μέγαρον
1284 1012 1569 1068 κατέφευγον.
1597 1013 1745 1056 τῶνδὲ

504 1182 705 1235 ἔμπροσθε
752 1177 810 1223 ὦν
873 1181 951 1236 πρό
1016 1187 1088 1236 τῆς

425 1236 688 1291 ἀκροπόλιος,
740 1239 885 1280 ὄπισθε
923 1239 965 1280 δὲ
1005 1245 1086 1280 τῶν

424 1297 581 1336 πυλέων
611 1297 678 1336 καὶ
708 1300 779 1346 τῆς
809 1294 960 1336 οἷυόδου
991 1313 1027 1336 κ.
1050 1313 1085 1336 τ.

425 1353 479 1403 λη]
508 1355 714 1391 Primarins
735 1355 774 1390 in
803 1367 929 1390 arcem
949 1356 1086 1391 introi-

426 1416 486 1447 tus
511 1439 521 1457 ,
570 1410 646 1462 quai
685 1418 816 1462 postea
878 1413 1086 1462 propylaea

426 1467 568 1517 exstrui
597 1468 703 1504 iussit
732 1468 916 1514 Pericles,
949 1468 997 1504 ad
1018 1481 1086 1504 oc·-

425 1522 613 1560 cidentale
634 1525 727 1565 arcis
755 1525 852 1561 latus
873 1532 951 1561 erat
981 1539 1001 1561 e
1022 1538 1086 1561 re-

425 1581 539 1630 gione
567 1581 781 1631 Areopagi,
817 1580 919 1617 unde
950 1583 1087 1618 Persae

427 1635 476 1672 ad
516 1649 643 1673 arcem
684 1636 928 1676 accedebant.
1003 1637 1086 1682 Qua

428 1691 489 1729 viii
511 1705 630 1745 quum
652 1692 881 1730 adscendere
901 1707 978 1730 non
1001 1708 1088 1745 pos-

426 1755 532 1798 sent,
574 1749 646 1786 alia
684 1750 934 1787 escenderunt
968 1758 1086 1801 parte,

427 1806 600 1843 orientali
633 1808 836 1854 nimirum,
870 1806 1085 1858 ἔμπροσθε,

427 1859 505 1912 πρὸ
534 1865 604 1911 τῆς
637 1858 896 1913 α’κροπόλιοςτ
928 1868 1009 1901 ante
1024 1878 1085 1901 ar-

427 1931 498 1955 cem
511 1919 570 1955 sed
594 1921 632 1956 in
651 1923 754 1970 parte
783 1934 806 1957 a
831 1924 937 1970 porta
960 1924 991 1957 et
1021 1921 1087 1958 acl-

427 1988 550 2012 scensu
578 1988 723 2022 aversa,
756 1976 815 2023 (ut
837 1978 996 2013 Siebelis
1029 1979 1087 2013 in-

427 2037 655 2081 terpretatur
688 2032 736 2068 ad
765 2034 928 2070 Pausan.
958 2035 995 2081 Ι,
1021 2036 1085 2081 18,

429 2089 468 2134 2,
491 2089 556 2139 qui
575 2087 679 2124 idem
700 2090 830 2126 Persas
850 2090 934 2127 loco
960 2091 1088 2126 maxi-

427 2156 492 2180 me
525 2152 728 2195 praerupto
763 2145 973 2183 escendisse
993 2147 1089 2184 scri-

427 2200 522 2249 bit),
544 2201 608 2237 ubi
628 2202 787 2249 Aglaurz'
829 2203 982 2249 fanum,
1014 2204 1090 2239 ori-

430 2258 546 2293 entali
586 2259 679 2294 arcis
716 2260 822 2295 lateri
857 2261 1085 2298 subiectum.

427 2314 502 2363 Ipsi
541 2314 698 2363 Aglauri
739 2316 826 2351 sano
873 2317 1085 2352 subiectum

429 2376 509 2406 erat
538 2377 786 2420 prytaneum,
817 2373 855 2407 in
887 2371 1086 2408 meridiem

428 2427 550 2475 magis
579 2439 738 2477 vergens
761 2435 797 2464 et
825 2427 874 2464 ad
903 2430 995 2465 arcis
1026 2441 1088 2464 ra-

430 2480 530 2518 dices
552 2491 776 2520 euronotum
791 2491 999 2534 spectantes
1017 2497 1088 2535 po-

429 2539 566 2585 situm3
589 2539 692 2576 unde
713 2542 750 2577 in
772 2543 966 2577 inferiores
987 2542 1088 2577 urbis

431 2601 555 2644 partes
573 2594 785 2634 descensus.
844 2599 952 2635 Cous.
975 2599 1089 2634 etiam

432 2648 553 2687 Kruse
570 2653 735 2704 “eunus
761 2657 777 2693 1
800 2667 885 2705 pag.
908 2656 959 2695 78
980 2667 1086 2706 seqq.

433 2713 471 2743 et
485 2705 531 2744 de
542 2708 709 2758 Aglauro
727 2711 902 2748 Creuzer.
914 2712 1089 2762 Symbol-

433 2764 468 2801 ΙΙ
507 2775 595 2814 pag.
634 2767 713 2805 729
749 2780 825 2818 seq.
880 2769 930 2804 At
959 2766 1089 2804 Leake

431 2819 715 2873 (Topograpby
735 2822 924 2863 osAthen.
944 2838 981 2875 p.
998 2825 1088 2872 125)

1143 1186 1303 1235 Aglauri
1351 1185 1485 1222 fanum
1516 1187 1800 1236 septentrionali

1143 1243 1236 1278 arcis
1275 1243 1381 1278 lateri
1423 1243 1637 1279 subiectum
1675 1245 1804 1281 scribit

1143 1299 1327 1348 Cecropio
1379 1305 1416 1334 et
1459 1298 1679 1336 Pandroseo
1730 1313 1802 1337 an-

1141 1368 1310 1402 nexum,
1350 1367 1467 1405 prope
1498 1357 1612 1393 Panis
1650 1363 1803 1394 antrum

1143 1418 1180 1448 et
1201 1424 1307 1457 eam,
1329 1424 1426 1462 quae
1448 1425 1550 1449 nunc
1570 1414 1713 1449 Macrai
1731 1426 1802 1450 vo-

1144 1475 1277 1514 catur,
1337 1469 1559 1518 regionem,
1608 1470 1673 1505 ubi
1711 1482 1804 1507 sane

1141 1526 1312 1561 maxime
1338 1537 1518 1575 praeceps
1557 1527 1650 1562 arcis
1679 1539 1803 1577 rupes.

1143 1581 1227 1626 Qu&
1249 1579 1384 1617 eudem
1413 1589 1520 1632 parte
1541 1590 1669 1619 nostra
1703 1596 1803 1635 quo-

1144 1651 1219 1689 que
1257 1640 1444 1674 memoria
1478 1639 1613 1675 Graeci
1650 1640 1690 1675 in
1740 1652 1809 1676 ar-

1144 1707 1228 1731 cem
1246 1694 1403 1744 ingressi
1424 1693 1684 1744 perhibentur.
1715 1695 1803 1734 vid.

1145 1752 1275 1788 Stuart
1316 1758 1352 1787 et
1390 1753 1539 1788 Revett.
1567 1750 1730 1789 Alterth.
1765 1766 1805 1803 p.

1144 1806 1224 1848 249
1243 1828 1289 1834 -
1310 1806 1403 1848 254.
1427 1807 1572 1845 Leakio
1605 1810 1806 1846 assentitur

1140 1862 1378 1900 Broendsted
1393 1866 1502 1901 Reise
1523 1872 1593 1902 etc.
1614 1867 1650 1901 11
1668 1880 1705 1916 p.
1723 1864 1805 1905 234

1142 1933 1222 1971 seq.
1254 1918 1301 1956 de
1341 1922 1515 1958 orientali
1554 1923 1647 1958 arcis
1687 1922 1805 1958 latere

1142 1978 1181 2013 in
1206 1976 1388 2013 Herodoti
1410 1979 1493 2014 loco
1516 1979 1674 2029 cogitari
1697 1991 1806 2029 posse

1142 2046 1300 2083 negans,
1322 2035 1449 2085 inquo
1470 2042 1620 2072 tantum
1642 2036 1807 2072 anterior

1145 2092 1238 2126 arcis
1269 2103 1354 2139 pars
1387 2090 1463 2139 (die
1488 2104 1616 2141 grosse
1636 2091 1806 2134 Vorder-

1143 2147 1234 2183 seite
1256 2146 1451 2197 dei-Burg)
1473 2148 1662 2185 indicetur
1682 2161 1804 2199 eaque

1143 2202 1191 2239 ad
1211 2205 1505 2253 septentrionem
1526 2217 1718 2251 conversa,
1741 2205 1806 2241 nbi

1143 2261 1256 2295 etiam
1278 2260 1436 2308 Aglauri
1456 2259 1567 2297 aedes
1588 2274 1706 2311 prope
1727 2262 1805 2297 Pa·

1143 2316 1199 2351 nis
1236 2322 1401 2352 antrum.
1423 2338 1478 2344 —-
1522 2319 1565 2353 In
1595 2330 1701 2369 seqq.
1734 2330 1804 2368 pro

1140 2371 1341 2421 καίτοιπερ
1381 2371 1456 2408 duo
1493 2372 1605 2410 codd.
1647 2374 1803 2424 καίπερ,

1144 2440 1242 2464 unns
1274 2429 1369 2464 liber
1391 2429 1603 2482 καίτοιγε.
1638 2432 1671 2466 E
1693 2431 1802 2468 Stob.

1145 2484 1270 2523 Serm.
1312 2487 1454 2533 XLIV,
1489 2487 1578 2535 [46]
1612 2500 1699 2538 pag.
1722 2489 1804 2528 310

1145 2540 1202 2591 (p.
1225 2543 1319 2588 267,
1343 2544 1391 2580 T.
1413 2545 1460 2579 Π.
1483 2544 1619 2593 Gaisf.)
1643 2545 1803 2580 wesse-

1146 2599 1284 2647 lingius
1306 2600 1444 2635 excitat
1472 2600 1601 2639 καίτοι
1620 2615 1706 2650 περ.

1201 2651 1292 2693 οἰὸὲ
1306 2655 1344 2701 ἐς
1364 2653 1407 2695 τό
1419 2655 1588 2708 μέγαρον
1610 2655 1802 2705 κατέφευ·

1144 2711 1234 2762 γον]
1259 2713 1314 2748 De
1325 2725 1417 2749 voce
1431 2712 1600 2763 μέγαρον
1615 2711 1692 2749 vid.
1705 2719 1801 2750 nott.

1147 2766 1194 2803 ad
1215 2769 1323 2814 1,(55.
1344 2770 1568 2819 Intelligitur
1580 2771 1800 2815 antem,nisi

1146 2824 1278 2872 fallor,
1308 2824 1411 2862 idem
1432 2826 1556 2874 locus,
1583 2838 1699 2878 quem
1720 2828 1798 2865 Νο-
