1996 3238
597 207 942 244 URANIA.
1002 206 1129 244 V111.

1415 203 1498 243 127

236 331 318 364 στα
351 318 599 373 Αἰγινῆται·
641 315 711 359 ἐπὶ
742 314 802 365 δὲ,
830 312 1073 370 Ἀθηναῖοι·
1105 312 1282 368 ἀνδρῶν
1307 312 1380 363 δὲ,
1413 315 1500 355 Πο-

236 386 443 441 λύκριτός
478 399 523 427 τε
564 381 587 427 ὁ
619 382 875 438 Αἰγινήτης,
906 382 980 425 καὶ
1016 380 1260 437 Ἀθηναῖοι,
1304 379 1557 436 ΕὖμένηςῚΟ

235 471 280 498 τε
310 453 333 498 ὁ
359 451 690 507 Ἀναγυράσιος,
720 451 794 494 καὶ
818 447 1031 506 Ἀμεινίης
1050 449 1320 504 Παλληνεύς·
1351 448 1398 501 ὃς
1427 450 1503 493 καὶ

205 521 501 576 ΞἏρτεμισίην
531 520 742 572 ἐπεδίωξε.
773 521 809 562 εἰ
839 518 918 574 μέν
947 534 1031 561 νυν
1061 516 1194 572 ἔμαθε
1224 516 1291 560 ὅτι
1322 517 1369 561 ἐν
1396 518 1500 562 ταύ-

235 605 287 645 τῃ
323 587 455 632 πλώει
484 587 511 644 ἡ
537 587 794 644 Ἀρτεμισίη,
829 585 912 631 οὐκ
949 584 1005 628 ἂν
1035 584 1255 628 ἐπαύσατο
1286 585 1502 640 πρότερον

210 656 274 714 3ἢ
304 654 386 700 εἷλέ
415 674 502 712 μιν,
532 657 560 713 ἢ
590 657 664 700 καὶ
694 653 823 706 αὐτὸς
853 654 955 711 ἥλω.
994 658 1108 696 τοῖσι
1145 653 1230 708 γὰρ
1258 650 1502 709 Ἀθηναίων

234 725 534 781 τριηράρχοισι
564 724 960 779 παρακεκέλευστο·
990 720 1104 776 πρὸς
1135 720 1195 774 δὲ,
1229 721 1302 764 καὶ
1339 720 1503 765 ἄεθλον

235 791 372 836 ἔκειτο
404 791 561 848 μύριαι
591 793 798 849 δραχμαὶ,
850 790 899 843 ὃς
929 791 984 835 ἄν
1011 807 1088 847 μιν
1127 789 1241 848 ζωήν
1278 789 1367 847 ἕλῃ.
1420 791 1559 833 δἐι-75

178 1007 233 1037 tas
255 995 417 1040 ἀπαίτεε
429 995 478 1038 vo?
501 993 688 1051 οἷριστήϊα
708 1001 780 1049 τῆς
795 997 839 1038 ἕν

175 1059 377 1108 Σαλαμῖνι
388 1057 627 1108 ναυμαχίης,
649 1062 743 1092 teste
758 1057 793 1092 Η
797 1069 840 1092 e-

175 1112 313 1151 rodoto
341 1114 439 1150 infra
468 1127 499 1150 c.
531 1115 631 1159 122,
662 1113 728 1149 ubi
755 1125 839 1163 cap.

178 1172 258 1210 123
289 1171 524 1208 Graecorum
551 1169 740 1221 principes
761 1170 840 1206 Co-

176 1225 348 1264 rIuthum
386 1228 555 1278 ablegat,
587 1227 663 1263 illic
690 1225 840 1263 iudica-

174 1290 278 1321 turos
301 1285 384 1336 quis
395 1298 492 1321 uuus
507 1296 597 1335 prae
618 1285 750 1320 ceteris
765 1282 839 1320 hoc

176 1341 322 1391 proelio
343 1342 475 1379 fuisset
490 1341 839 1378 excellentissimus.

176 1398 222 1434 Iu
235 1396 309 1435 hoc
329 1399 506 1445 concilio,
520 1398 674 1448 publico
697 1396 841 1434 ducum

176 1453 317 1494 iudicio
348 1456 554 1506 Aeginetas
599 1454 704 1491 velut
746 1455 841 1491 istoc

176 1512 322 1562 proelio
352 1512 690 1563 praestantissimos
727 1511 841 1548 fuisse

177 1566 396 1616 declaratos,
420 1568 523 1621 quod
543 1581 734 1620 nusquam
766 1575 841 1605 tra-

176 1623 232 1662 dit
253 1625 480 1672 Herodotus,
507 1632 664 1662 testatur
682 1623 841 1662 Diodor.

176 1682 294 1722 Sicul.
317 1684 391 1731 XI,
423 1685 491 1723 27.
541 1682 722 1734 Κρίσεως
741 1696 842 1731 προ-

176 1739 362 1790 τεθείσης
391 1738 585 1791 περὶτῶν
617 1735 840 1790 ἆριστείων,

176 1792 305 1848 χάριτι
316 1791 618 1847 κατισχύσαντες
628 1795 843 1845 (Lacedae-

177 1853 322 1902 monii)
365 1853 560 1904 ἐποίησαν
624 1855 843 1904 κριθῆναι,

177 1905 299 1948 πόλιν
323 1907 394 1960 μὲν
421 1905 650 1960 ἀριστεῦσαι
669 1924 742 1960 την
769 1910 843 1948 Αἰ-

178 1980 380 2016 γινητων,
412 1963 540 2017 ἄνδρα
568 1965 608 2006 δὲ
636 1961 842 2018 Ἀμεινίαν

176 2018 419 2073 Ἀθηναῖονῖ
438 2022 841 2074 deinvidia,quz“1erga

180 2077 434 2117 Athenienses
479 2078 604 2116 affecti
633 2080 772 2116 fuerint
806 2079 848 2118 οἷ

179 2131 314 2187 κύριοι
327 2138 398 2187 τῆς
410 2132 571 2186 ψήφου,
585 2137 720 2173 clarius
731 2137 846 2172 etiam

181 2192 353 2244 loquitur
372 2206 403 2229 c.
419 2192 485 2234 55.
526 2194 642 2230 Istam
664 2194 846 2230 Graeciae

181 2251 398 2300 principum
427 2248 611 2286 invidiam
642 2250 847 2287 verisimil-

181 2307 314 2342 limam
352 2313 590 2357 posterorum
628 2307 726 2344 forte
751 2320 848 2355 Vme—

183 2364 329 2399 moriae
348 2362 572 2400 subtrahere
603 2363 748 2401 studuit
765 2366 847 2400 He-

183 2419 366 2469 rodotus3
397 2421 463 2472 qui
490 2419 552 2457 hio
585 2434 633 2457 ex
652 2421 757 2471 vulgi
785 2422 848 2457 iu-

184 2476 284 2514 dicio
296 2478 438 2528 primas
458 2478 557 2514 inter
575 2479 740 2528 privatos
755 2491 847 2528 pro-

183 2541 416 2585 pugnatores
466 2533 588 2571 defert
635 2536 847 2585 Aeginetae

183 2592 378 2642 Polycrito
395 2619 407 2638 ‚
467 2598 503 2628 et
549 2589 847 2629 Atheniensibus

183 2649 352 2685 Eumeni
371 2655 486 2699 atque
500 2648 700 2697 Aminiae3
723 2662 742 2684 e
763 2650 847 2700 qui-

186 2705 256 2742 bus
283 2706 480 2741 Aminiam
499 2703 572 2743 hoc
591 2703 737 2742 honore
757 2706 848 2756 plu-

183 2773 242 2798 res
285 2761 516 2812 dignantur:
548 2761 626 2803 vid,
666 2764 846 2800 Perizon.

184 2817 223 2855 in
243 2819 393 2858 Aeliau.
411 2819 461 2867 V.
477 2821 528 2859 H.
544 2820 590 2869 V,
623 2821 714 2862 19.“
744 2819 845 2858 Vac-

897 998 945 1036 ck
961 1011 1024 1037 en.
1076 996 1263 1035 Eiusdem
1309 998 1364 1034 rei
1406 1009 1560 1050 quoque

896 1055 1074 1092 meminit
1119 1054 1274 1092 Pindar.
1319 1053 1453 1092 Isthm.
1496 1054 1560 1100 lv,

897 1114 946 1154 51
971 1113 1058 1149 coll.
1093 1110 1225 1149 Schol.
1255 1110 1304 1148 ad
1331 1113 1390 1159 V,
1421 1114 1473 1152 63
1504 1110 1561 1162 (p.

896 1172 973 1210 221
987 1167 1323 1220 Ephor.fragmm.
1341 1167 1401 1207 ed.
1418 1170 1561 1218 Marx).

895 1227 952 1263 Ac
981 1228 1116 1263 merito
1138 1228 1253 1263 etiam
1286 1226 1329 1263 C.
1361 1226 1404 1263 Ο.
1423 1225 1562 1261 ΜἰἰΙΙει·

896 1285 1088 1333 Aeginett.
1110 1297 1149 1333 p.
1175 1282 1254 1324 125
1286 1295 1400 1333 aegre
1430 1283 1564 1319 feren-

897 1339 991 1377 dum
1013 1347 1152 1388 censet,
1172 1338 1414 1376 Herodotum
1434 1352 1456 1376 a
1469 1340 1562 1375 Plu-

897 1396 1029 1434 tarcho
1063 1397 1133 1434 Ll.
1173 1395 1340 1433 invidiae
1379 1397 1419 1433 in
1439 1394 1564 1433 Athe-

897 1455 1047 1490 nienses
1087 1466 1165 1490 esse
1204 1454 1445 1502 iucusatum3
1496 1453 1564 1505 qui

899 1523 998 1563 quae
1035 1517 1163 1547 narrat
1197 1510 1306 1558 VIII,
1339 1512 1419 1550 122
1462 1518 1565 1547 certe

897 1569 979 1605 sine
999 1566 1088 1604 dolo
1099 1567 1202 1603 malo
1224 1573 1261 1604 et
1280 1567 1405 1604 verius
1425 1568 1565 1618 scripta

898 1625 1099 1662 arbitratur
1115 1623 1219 1661 idem
1230 1624 1424 1672 Miillerus,
1445 1637 1564 1676 quam

899 1695 998 1733 quae
1017 1679 1267 1730 Plutarchus,
1298 1681 1380 1718 iure
1410 1687 1564 1718 notatus

899 1740 976 1775 iam
1014 1752 1035 1775 a
1059 1736 1336 1775 Valckenaerio
1376 1739 1567 1789 scripserit

900 1803 938 1833 et
952 1809 1000 1832 ne
1020 1794 1110 1832 huic
1133 1794 1290 1847 quidem
1310 1809 1350 1833 se
1373 1794 1566 1832 concede-

898 1866 939 1890 re
970 1866 1078 1904 posse
1104 1853 1227 1900 addit,
1257 1853 1366 1902 vulgi
1388 1852 1499 1889 solum
1525 1852 1568 1889 de

892 1910 1016 1960 palma
1042 1910 1178 1948 iudicia
1203 1908 1331 1960 referre
1347 1909 1564 1947 Herodotum

899 1981 989 2004 cum
1019 1974 1149 2004 contra
1190 1965 1273 2015 hic,
1315 1973 1357 2003 ut
1385 1967 1565 2015 plataeis,

901 2024 1043 2074 λέσχην
1062 2025 1203 2060 factam
1234 2037 1314 2061 esse
1354 2024 1564 2072 civitatum,

901 2082 1154 2117 certissimum
1174 2081 1233 2117 sit.

959 2135 1023 2176 ἐπὶ
1046 2135 1108 2187 δὲ]
1155 2138 1177 2173 i.
1200 2151 1234 2173 e.
1270 2140 1351 2187 post
1392 2136 1496 2184 illos,
1522 2142 1566 2173 ut

902 2194 1002 2243 VIII,
1032 2195 1106 2241 67,
1140 2196 1233 2233 113.
1272 2194 1322 2230 Et
1343 2193 1445 2233 conf,
1467 2205 1567 2245 quo-

904 2265 979 2303 que
1009 2251 1120 2287 allata
1153 2248 1201 2286 ad
1231 2250 1319 2295 VII,
1356 2251 1449 2289 219.
1508 2251 1567 2286 De

901 2309 1046 2346 Aurinia
1069 2306 1146 2344 vid.
1168 2307 1274 2355 VIII,
1296 2304 1362 2348 84.
1383 2328 1439 2333 —
1459 2305 1568 2344 Mille

903 2365 1089 2402 drachmae
1111 2365 1345 2401 constituunt
1372 2376 1566 2400 summam

903 2429 1061 2458 centum
1098 2422 1291 2457 minarum
1334 2420 1414 2456 sive
1454 2422 1568 2458 unius

903 2479 1035 2515 talenti
1063 2476 1198 2515 additis
1221 2476 1470 2528 quadraginta
1490 2478 1569 2514 mi-

903 2538 984 2583 nis,
1013 2537 1038 2572 i.
1062 2548 1097 2572 e.
1127 2537 1168 2581 (e
1194 2534 1366 2571 VVurmii
1396 2534 1568 2584 calculis)

902 2592 1013 2634 2412
1052 2592 1250 2642 imperiall.
1297 2592 1468 2629 Saxona.
1517 2593 1567 2632 19

901 2662 1018 2699 gross.
1040 2650 1119 2685 sive
1160 2647 1268 2689 4343
1300 2648 1401 2685 florr.
1436 2652 1460 2689 3
1483 2662 1569 2685 cru-

902 2707 1002 2756 cigg.
1024 2706 1102 2742 sive
1123 2706 1232 2746 9268
1248 2705 1368 2743 franc.
1390 2706 1490 2746 Gall.
1515 2708 1566 2745 17

902 2770 1021 2800 centt.

957 2815 1083 2871 ζωήν]
1099 2816 1299 2858 Adiectivo
1320 2815 1417 2868 ζωός
1435 2819 1571 2857 Noster
