1996 3238
544 188 893 225 URANIA.
953 189 1077 225 vlu.

1357 187 1440 226 117

174 299 331 357 τάχατο
367 298 587 347 Φοίνικες·
620 290 743 340 οὗτοι
771 295 856 351 γὰρ
888 295 1005 351 εἶχον
1034 296 1082 339 τὸ
1114 295 1225 350 πρὸς
1254 294 1439 339 Ἐλευσῖ-

172 366 248 418 νός
276 383 319 410 τε
348 365 419 409 καὶ
449 365 626 420 ἑσπέρης
655 363 803 417 κέρας·
836 364 944 406 κατὰ
975 364 1019 407 δὲ
1042 366 1435 419 Λακεδαιμονίους,
1492 374 1592 400 animo
1617 381 1771 407 pugnave-

145 432 332 484 ΞἼωνες·
363 428 484 476 οὗτοι
515 430 559 475 δ’
593 430 710 487 εἶχον
738 432 787 475 τὸ
817 431 925 484 πρὸς
953 430 1034 486 τὴν
1064 430 1127 486 ήῶ
1165 448 1208 474 τε
1249 434 1321 476 καὶ
1359 432 1490 475 τὸν45

451 499 740 544 ἐθελοκάκεον
769 500 917 556 μέντοι
940 497 1100 550 αὐτῶν,
1132 499 1242 542 κατά
1260 500 1337 551 τάς
1363 504 1438 545 Θε-

175 501 391 556 Πειραιέα.

145 569 424 627 3μιστοκλέος
453 567 645 620 ἐντολάς,
676 565 836 623 ὀλίγοι·
869 569 913 611 οἱ
942 568 988 611 δὲ
1009 571 1203 618 πλεῦνες,
1234 567 1302 609 οὔ.
1325 566 1436 622 ’Έχω

169 637 250 693 μέν
285 654 371 680 νυν
412 640 584 692 συχνῶν
623 635 848 690 οὐνόματα
887 635 1158 692 τριηράρχων
1195 634 1436 686 καταλέξαι,

167 699 257 749 τῶν
285 709 396 762 νῆας
420 703 670 760 Ἑλληνίδας
701 703 911 748 ἑλόντων·
941 704 1156 760 χρήσομαι
1187 702 1232 745 δὲ
1263 701 1437 746 αὐτοῖσι

170 771 323 826 οὐδὲν,
371 772 485 829 πλὴν
528 772 829 828 Θεομήστορός
867 788 912 816 τε
940 775 1021 814 τοῦ
1045 769 1436 825 Ἀνδροδάμαντος,

157 841 232 886 καὶ
275 840 487 885 Φυλάκου
529 845 609 884 τοῦ
652 841 880 892 Ἱστιαίου,
930 841 1118 893 Σαμίων
1159 835 1492 894 άμφοτέρων.5ο

139 913 256 953 4τοῦ
286 910 331 953 δὲ
363 909 504 953 εἵνεκα
535 909 754 965 μέμνημαι
782 908 953 953 τούτων
983 906 1183 963 μούνων,
1230 905 1298 948 ὅτι
1332 908 1433 948 Θεο-

166 978 341 1035 μήστωρ
371 977 450 1032 μὲν
479 977 551 1021 διὰ
579 981 710 1022 τοῦτο
740 978 789 1022 τὸ
811 978 941 1034 ἔργον
957 975 1115 1033 Σάμου
1133 972 1435 1029 ἐτυράννευσε,

107 1211 126 1237 e
154 1201 307 1248 regione,
351 1198 622 1236 Atheniensibus
659 1211 766 1248 oppo-

108 1257 182 1304 siti,
203 1256 345 1293 obversi.
405 1256 470 1292 Tu
489 1254 570 1292 vid.
600 1262 696 1291 nott.
719 1253 767 1291 ad

105 1314 172 1360 111,
196 1314 247 1352 18
278 1319 314 1349 et
335 1311 423 1349 add.
451 1313 520 1360 IX,
542 1310 767 1352 27.3l.46.

106 1368 169 1406 Ad
205 1381 343 1406 vocem
371 1367 489 1417 κέρας
523 1369 625 1405 conf.
667 1368 766 1415 VIII,

106 1428 176 1467 76.
204 1426 326 1462 Paulo
361 1427 467 1462 aliter
493 1426 615 1461 aciem
644 1425 768 1461 classis

107 1481 283 1520 describit
299 1481 532 1530 Diodor.XI,
551 1484 613 1521 18.
644 1479 769 1518 Athe-

105 1540 254 1576 nienses
284 1540 500 1576 Laconibus
538 1539 701 1588 iungens
732 1544 768 1574 et

105 1603 287 1648 utrosque
326 1597 487 1634 navibus
523 1593 767 1632 Phoenicum

106 1665 317 1722 oppossuenff·
384 1704 392 1719 ἱ
462 1703 472 1719 9
491 1709 509 1718 ¹*
657 1705 666 1720 Ὶ
730 1704 739 1719 Y

160 1725 204 1749 το
223 1724 324 1760 προς
344 1723 418 1759 την
444 1723 506 1758 ηω
534 1722 575 1747 τε
603 1722 672 1746 και
695 1722 766 1746 τον

107 1765 314 1818 Πειραιέα]
381 1766 654 1802 Accusativum
702 1763 764 1801 hic

103 1824 241 1860 Noster
268 1823 537 1874 praepositioni
565 1821 764 1869 adstruxit,

106 1881 169 1917 cui
187 1880 301 1930 paulo
322 1886 409 1916 ante
428 1880 641 1929 genitivum
658 1877 765 1914 adie-

107 1943 221 1985 cerat,
249 1943 343 1973 teste
380 1935 516 1972 Matth.
545 1936 612 1972 Gr.
635 1937 700 1974 Gr.
729 1936 764 1980 ξ.

107 1992 202 2040 590,
230 2007 268 2030 α.
288 2009 323 2042 γ.
346 2005 380 2041 p.
405 1994 523 2032 1180.
548 1994 676 2039 1183,
700 1992 766 2043 qui

105 2048 210 2086 idem
234 2050 270 2095 ξ.
292 2047 369 2089 581
392 2048 416 2083 b
437 2060 523 2097 pag.
544 2048 649 2088 1153
671 2060 767 2084 con-

105 2106 250 2143 sulatur
293 2103 342 2140 ad
385 2104 619 2140 locutionem
665 2100 765 2142 κατά

105 2156 410 2207 τὰς-ἐντολάς.
451 2161 617 2210 Respicit
638 2167 767 2197 autem

104 2217 321 2256 Herodotus
352 2215 401 2253 ad
431 2230 498 2261 ea,
532 2229 628 2268 quae
664 2218 766 2264 VIII,

105 2278 159 2317 69
175 2275 241 2316 fin.
264 2272 484 2312 tradiderat.
513 2274 643 2310 Falsus
661 2275 766 2310 enim

106 2339 162 2370 est
181 2330 472 2379 Themistocles,
498 2343 651 2381 sperans
670 2331 766 2378 fore,

105 2395 149 2426 ut
186 2389 313 2439 plures
354 2389 465 2424 Iones
511 2387 560 2424 ad
599 2388 764 2424 Graecos

105 2445 308 2483 transirent
346 2451 411 2480 aut
452 2450 554 2480 certe
597 2444 762 2494 segniter

105 2515 278 2553 pugnam
317 2499 643 2546 administrarent,
675 2513 765 2537 cum

106 2558 253 2596 sortiter
274 2558 328 2594 illi
347 2563 561 2608 pugnarent
591 2555 764 2608 adeoque

107 2616 270 2653 Graecas
299 2621 477 2665 caperent
495 2625 632 2651 naves:
661 2613 766 2665 quod

108 2673 175 2724 qui
209 2672 394 2718 fecerunt,
433 2683 566 2707 eorum
607 2671 766 2707 nomina

107 2727 314 2779 prudenter
346 2728 495 2765 silentio
515 2727 647 2778 pressit
682 2728 765 2763 No-

108 2791 194 2834 ster,
210 2785 580 2838 quippe-coutemtui
609 2789 673 2821 aut
693 2784 765 2821 ob-

822 1196 956 1235 livi0ni
976 1193 1227 1244 traditorum3
1266 1193 1361 1232 duos
1401 1201 1490 1232 tan-

822 1260 906 1290 tum
927 1259 1128 1300 memorat,
1152 1265 1244 1304 quos
1267 1252 1315 1288 ob
1334 1252 1488 1289 fortitu-

826 1309 922 1347 dinis
944 1310 1153 1361 specimina
1175 1307 1343 1345 exhibita
1357 1310 1488 1359 splen-

827 1367 914 1404 dide
936 1381 1004 1404 rex
1034 1372 1298 1402 remuneratus
1331 1373 1397 1413 est,
1429 1366 1487 1401 al-

824 1431 951 1461 terum
974 1424 1082 1461 Sami
1102 1423 1334 1459 constituens
1353 1429 1488 1473 tyran-

823 1494 940 1528 num,
991 1481 1152 1516 alterum
1191 1480 1298 1515 terris
1339 1477 1486 1515 donans

825 1539 1098 1588 orosangisque
1127 1534 1355 1572 adscribens.
1428 1537 1486 1572 De

825 1607 901 1646 quo
943 1595 1043 1630 conf.
1073 1598 1170 1631 nott.
1205 1591 1254 1629 ad
1283 1592 1348 1639 III,
1392 1590 1482 1631 140,

821 1652 879 1686 De
904 1663 999 1688 voce
1031 1644 1250 1701 ὀροσάγγαι
1277 1647 1366 1685 add.
1386 1649 1485 1686 Lex.

821 1706 978 1746 Rhetor.
1001 1706 1048 1744 ad
1063 1707 1154 1743 calc.
1166 1704 1295 1743 Photii
1314 1704 1484 1742 ed.Por-

821 1777 904 1801 son.
935 1778 973 1815 p.
996 1761 1075 1804 674
1097 1770 1134 1799 et
1152 1764 1183 1800 Ι.
1213 1762 1261 1799 de
1282 1764 1485 1800 Hammer.

821 1823 955 1858 VVien.
999 1819 1152 1856 Iahrbb.
1194 1822 1316 1861 1833.
1356 1819 1484 1855 LXIII

820 1891 909 1929 pag.
935 1880 997 1924 12,
1029 1878 1095 1928 qui
1115 1877 1311 1913 Persicum
1341 1875 1485 1924 Erseng

821 1941 1017 1985 comparat
1048 1946 1188 1983 eosque
1209 1933 1308 1969 viros
1328 1933 1368 1968 in
1378 1932 1481 1969 scul-

820 1993 939 2042 pturis
961 1991 1251 2041 Persepoiitanis
1272 1988 1397 2026 adhuc
1418 2002 1483 2025 re-

820 2048 1053 2099 praesentari
1072 2047 1166 2083 vult.
1189 2069 1239 2074 -—
1275 2046 1483 2096 Proprium

821 2117 912 2142 vero
933 2105 973 2139 in
993 2102 1095 2140 hisce
1107 2115 1186 2139 esse
1197 2103 1359 2139 verbum
1379 2097 1481 2140 άνα-

820 2156 1064 2213 γράφεσθαι,
1080 2158 1221 2205 docuit,
1236 2159 1406 2208 pluribus
1420 2158 1482 2195 lo·-

821 2219 873 2254 cis
896 2217 1027 2265 allatis,
1049 2214 1247 2252 Heindorf.
1270 2214 1317 2251 ad
1328 2215 1480 2251 Platon.

822 2275 942 2324 Gorg.
975 2274 1014 2319 §,
1038 2275 1116 2313 132
1136 2284 1225 2322 pag.
1250 2272 1331 2313 205
1355 2283 1377 2307 a
1407 2270 1480 2308 Cr.

822 2332 1019 2370 excitatus.
1095 2330 1272 2380 Namque
1318 2326 1480 2365 docente

821 2388 987 2425 Sluitero
1003 2386 1043 2422 in
1061 2386 1184 2422 Lectt.
1200 2382 1417 2423 Andocidd.
1438 2397 1478 2435 p.

817 2447 894 2484 201
920 2441 1015 2495 (quo
1036 2443 1135 2479 bene
1155 2442 1273 2478 utitur
1292 2443 1390 2478 Rose
1409 2441 1480 2477 In-

820 2501 963 2551 scriptt.
992 2500 1149 2536 Graece.
1177 2510 1267 2548 pag.
1298 2499 1374 2539 181
1405 2497 1479 2534 alia

821 2555 1010 2609 quaedam
1023 2552 1305 2603 adiiciens),hoc
1316 2553 1477 2591 verbum

819 2615 971 2665 proprie
984 2611 1031 2650 de
1042 2613 1085 2649 iis
1096 2612 1206 2648 rebus
1219 2609 1366 2659 dicitur,
1377 2623 1478 2663 quae

818 2671 1026 2708 solenniter
1062 2667 1325 2706 describuntur
1361 2674 1399 2704 et
1435 2667 1478 2704 in

819 2728 966 2764 tabulas
986 2726 1212 2763 referuntur.
1232 2745 1288 2753 --
1325 2725 1478 2762 Nomen

821 2780 1097 2836 Θεομήστορος
1120 2780 1228 2820 idem
1259 2781 1338 2819 fere
1355 2786 1480 2829 sonat,

1497 305 1583 332 Acies
1600 305 1761 339 utriusque

1493 339 1771 373 classis.1n¹1esquo

1492 407 1562 434 rint.
1582 407 1769 442 Orosangae.
