1879 3222
461 192 924 230 CALLIOPE.

987 192 1065 229 IX.
1306 191 1390 230 209

102 302 343 360 Ξδηλώσειν
380 302 496 345 ἐόντι
531 300 579 343 ἐν
614 298 828 352 Σάρδισι,
873 299 938 343 ὅτι
973 300 1062 355 ἔχοι
1089 299 1283 356 Ἀθήνας.
1341 297 1390 351 ὃς

139 371 241 416 ου’δὲ
271 370 364 414 τότε
394 367 657 423 ἀπικόμενος
675 367 716 418 ἐς
745 366 825 422 τὴν
849 365 1043 423 Ἀττικὴν
1074 365 1172 421 εὗρε
1201 367 1306 418 τούς
1331 365 1391 409 Ἀ-

135 440 364 496 θηναίους,
395 435 480 479 ἀλλ’
512 436 558 479 ἔν
587 452 630 478 τε
659 439 878 490 Σαλαμῖνι
892 434 996 486 τούς
1015 438 1239 485 πλείστους
1268 436 1390 478 ἐπυν-

133 506 292 551 θάνετο
335 501 465 555 εἶναι,
506 504 552 546 ἔν
579 519 623 547 τε
661 507 761 560 τῇσι
795 503 948 558 νηυσί·
989 502 1122 555 αἱρέει
1151 519 1194 545 τε
1225 503 1446 560 ἐρῆμον35

134 573 184 617 τὸ
231 573 351 615 ἄστυ.
410 570 436 628 ἡ
470 571 515 614 ὁὲ
545 572 744 627 βασιλέως
775 573 935 625 αἵρεσις
977 569 1020 620 ἐς
1054 569 1131 624 τὴν
1159 568 1393 628 ὑστεραίην

132 640 211 697 τήν
240 640 508 692 Μαρδονίου
540 641 844 694 ἐπιστρατηίην
879 637 1122 693 δεκάμηνος
1151 637 1331 692 ἐγένετο.

240 706 353 750 Ἐπεὶ
373 707 417 750 δὲ
439 707 485 750 ἐν
500 705 709 763 Ἀθήνῃσι
739 707 900 762 ἐγένετο
932 705 955 749 ὁ
985 704 1259 759 Μαρδόνιος,
1291 708 1390 763 πέμ·
1446 719 1520 760 inde
1545 719 1724 760 Marglouiu·

132 791 202 819 πει
231 775 274 826 ἐς
292 779 521 831 Σαλαμῖνα
543 777 849 830 Μουρυχίδην,
872 773 1010 829 ἄνδρα
1033 773 1382 829 Ἑλλησπόντιον,
1439 754 1723 829 ἆῖιιπῗέιιιῗιῗέᾞᾞι-

130 841 323 897 φέροντα
352 845 455 895 τούς
488 843 650 893 αὐτοὺς
682 843 840 898 λόγους
878 842 981 893 τοὺς
1012 842 1085 884 καὶ
1109 840 1384 895 Ἀλέξανδρος
1400 822 1723 895 402¹0‘32q321‘x1‘32‘22ssffi

100 909 158 954 26
198 911 417 955 Μακεδών
440 920 551 956 τοῖσι
574 911 843 967 Ἀθηναίοισι
876 909 1203 964 διεπόρθμευσε.
1249 914 1387 953 ταῦτα
1446 889 1723 951 ὃῖιιῖΐῖῗῖοῐιῗῖἷῗιῗῖ

131 977 178 1023 δὲ
206 978 255 1022 τό
279 978 487 1036 δεύτερον
515 977 762 1034 ἀπέστελλε,
802 978 998 1034 προέχων
1033 978 1114 1035 μὲν
1146 981 1233 1022 τῶν
1257 976 1388 1034 Ἀθη-

75 1209 197 1249 usque
236 1196 284 1234 ad
310 1197 424 1235 Asiae
439 1203 577 1235 terram
610 1199 735 1236 conti-

73 1261 231 1291 nentem
264 1254 492 1306 Sardesque.
530 1254 617 1293 vid.
638 1263 735 1292 nott.

76 1309 124 1348 ad
144 1312 235 1358 VII,
268 1314 359 1352 182.
404 1313 527 1357 Quem
557 1319 644 1349 ante
665 1325 737 1350 vo·-

77 1381 162 1404 cem
173 1362 351 1418 Ἀθήνας
364 1369 602 1416 schaeserus‚
620 1382 736 1421 quem

76 1425 246 1476 sequitur
270 1424 406 1466 Manli.
421 1454 430 1472 ‚
465 1432 658 1476 receperat
678 1439 736 1461 ar-

76 1482 236 1518 ticulum
260 1477 350 1529 τοὶς,
384 1495 471 1517 eum
493 1483 629 1534 reliqui
649 1481 736 1520 edd.

68 1539 298 1584 omiserunt.
318 1559 374 1566 —-
389 1540 446 1575 De
466 1537 616 1589 duplice
636 1553 675 1578 τε
695 1541 735 1575 in

76 1607 184 1646 seqq.
223 1595 324 1634 conf.
360 1596 471 1632 allata
507 1595 555 1633 ad
588 1595 677 1645 Vll,
709 1597 734 1636 8

133 1707 172 1754 ἐς
184 1703 258 1758 τήν
280 1704 511 1760 ὑστεραίην]
533 1708 589 1744 Ita
609 1721 629 1743 e
643 1708 736 1744 Flo-

76 1766 225 1801 rentino
241 1794 251 1812 ,
287 1765 366 1801 aliis
397 1764 514 1801 edidit
534 1763 736 1814 Schweig-

77 1819 303 1870 haeuserus,
365 1834 481 1873 quem
529 1821 645 1862 Gaisf,
699 1827 736 1858 et

77 1876 211 1915 Matth.
232 1885 457 1929 sequuntur.
508 1879 541 1914 E
562 1877 734 1915 Mediceo

79 1934 234 1985 aliisque
263 1935 353 1970 olim
382 1941 635 1985 propagatum
656 1941 736 1971 erat

78 1984 262 2040 ὑστέρην,
284 1990 387 2041 quod
403 1997 505 2027 tenet
520 1990 734 2039 Bekkmus,

79 2047 264 2097 probante
294 2045 525 2094 Schaefero,
558 2048 622 2098 qui
650 2048 736 2097 Ap-

79 2109 198 2153 parat.
218 2101 414 2140 Demosth.
434 2104 468 2138 11
488 2115 575 2153 pag.
595 2103 676 2143 428
695 2116 735 2139 se

79 2160 200 2196 vereri
222 2160 292 2206 ait,
323 2166 364 2195 ut
385 2157 605 2209 Schweigh.
634 2166 735 2196 recte

81 2214 225 2252 dederit
244 2212 316 2266 τὴν
337 2213 550 2267 ’ὑστεραίην
563 2244 573 2260 ,
594 2216 736 2267 quique

80 2272 179 2309 bene
205 2271 349 2310 attendi
379 2273 483 2309 iubet
515 2271 562 2309 ad
598 2274 739 2309 articu-

79 2330 162 2366 lum
181 2327 254 2381 τήν
269 2330 447 2366 iteratum
465 2342 536 2366 nec
555 2329 634 2365 ullo
655 2342 740 2366 mo-

82 2385 132 2423 do
175 2385 395 2425 delendum.
449 2385 553 2422 Infra
595 2387 674 2434 IX,
712 2388 736 2426 8

83 2455 215 2480 omnes
262 2443 371 2490 libri,
421 2449 608 2494 quantum
645 2443 736 2488 scio,

84 2497 122 2546 ἐς
145 2496 218 2550 τήν
237 2497 472 2551 ὑστεραίην,
514 2506 550 2536 et
565 2500 643 2546 IX,
686 2498 736 2539 15

87 2557 138 2609 τῇ
168 2554 372 2608 ὑστεραίῃ.
429 2556 528 2592 Hinc
566 2562 668 2592 recte.
696 2557 737 2591 in

84 2611 275 2650 Plutarch.
296 2612 545 2650 Themistocl.
570 2614 619 2652 18
642 2613 736 2649 Sin-

85 2669 178 2706 tenis
217 2668 351 2722 (quem
385 2670 486 2710 conf,
517 2681 605 2720 pag.
639 2668 736 2717 119)

86 2727 249 2774 reposuit
298 2723 372 2776 τήν
404 2724 635 2778 ὑστεραίαν,
671 2725 737 2762 ubi

87 2781 200 2830 vulgo
219 2779 289 2833 τὴν
313 2781 496 2832 ὑστέραν.

143 2839 362 2877 HERQDOT.
382 2838 450 2878 lv.

1027 1231 1118 1283 cap.
1146 1232 1211 1269 IV.

845 1305 960 1349 Ἐπεὶ
975 1308 1016 1349 δὲ
1031 1332 1086 1337 -
1113 1309 1260 1362 ἐγένετο
1281 1309 1304 1350 ό
1325 1313 1448 1363 Μαρ-

791 1362 942 1415 δόνιος]
973 1368 1186 1404 Articulum
1207 1365 1227 1407 ὁ
1248 1381 1268 1403 e
1288 1368 1449 1404 Floren-

791 1424 871 1459 tino
913 1430 949 1460 et
970 1425 1160 1461 Saucrofti
1196 1425 1291 1461 libro
1325 1438 1450 1475 nuper

792 1479 965 1516 additum
1004 1482 1212 1517 omiserunt
1249 1479 1447 1521 Schaefer.

793 1544 827 1573 et
837 1536 986 1583 matth„
1001 1539 1066 1589 qui
1084 1537 1203 1573 iidem
1216 1539 1330 1574 etiam
1342 1539 1448 1588 vulg.

790 1595 1049 1645 Μουριχίδην
1084 1595 1343 1642 retinuerunt,
1384 1595 1451 1630 ubi

790 1663 894 1686 nunc
926 1650 1049 1687 editur
1070 1651 1350 1701 Μουρυχίδην.
1391 1651 1450 1689 Cf.

791 1707 906 1743 etiam
931 1706 1068 1747 Matth.
1095 1708 1158 1745 Gr.
1181 1708 1246 1745 Gr.
1278 1709 1314 1753 ξ.
1337 1710 1386 1748 91
1410 1721 1450 1758 p.

794 1763 885 1804 195.
942 1765 1111 1801 Verbum
1161 1760 1451 1816 διεπόρθμευσε

793 1817 956 1870 (attulit)
978 1819 1051 1859 h,l.
1072 1834 1150 1857 non
1172 1821 1252 1857 siue
1263 1821 1451 1870 insignio-

792 1878 823 1912 ri
859 1877 1025 1929 quadam
1057 1879 1094 1915 vi
1126 1876 1341 1913 adhibitum
1371 1890 1450 1914 esse

791 1940 907 1983 patet.
964 1936 1088 1973 ταῦτα
1126 1947 1193 1984 pro
1225 1931 1292 1972 διά
1327 1937 1450 1972 ταῦτα

793 1990 1009 2041 (propterea)
1052 1991 1171 2040 accipi
1202 1991 1285 2028 vult
1317 2003 1451 2028 censor

790 2047 958 2083 lenensis
982 2049 1087 2087 1828
1109 2048 1293 2096 (Erga'nz.
1309 2048 1368 2083 Bl.
1389 2060 1448 2085 nr.

790 2101 843 2142 45
864 2115 950 2152 pag·
968 2101 1064 2149 348)
1085 2104 1195 2153 plura
1215 2103 1288 2139 alia
1308 2101 1355 2139 de
1375 2101 1449 2139 hoc

788 2171 860 2195 usu
881 2159 1062 2195 excitans.

847 2213 1026 2266 προέχων
1044 2212 1116 2265 μὲν
1132 2217 1210 2254 τῶν
1224 2209 1451 2266 Ἀθηναίων

794 2266 843 2310 ου’
866 2273 1001 2320 φιλίας
1020 2268 1198 2323 γνώμας]
1229 2272 1448 2323 ,,προε’χων,

793 2341 864 2364 usu
885 2329 1045 2377 rariore,
1067 2342 1145 2365 non
1167 2328 1269 2365 aliud
1290 2341 1333 2365 ac
1353 2325 1449 2379 πρό-

793 2399 907 2436 τερον
928 2384 1046 2435 ἔχων,
1077 2397 1153 2422 cum
1173 2388 1244 2423 iam
1265 2389 1368 2422 antea
1383 2386 1449 2423 Ιια-

794 2442 883 2478 heret
900 2448 1102 2493 nossetque
1122 2441 1238 2489 adeo,
1259 2443 1450 2479 Athenien-

793 2500 882 2535 sium
900 2499 1056 2535 consulta
1068 2527 1078 2544 ,
1101 2498 1198 2535 haud
1214 2511 1298 2535 sane
1318 2500 1446 2537 amica.

796 2555 962 2601 Φιλίους
996 2551 1138 2606 λόγους
1168 2554 1216 2591 ad
1249 2568 1338 2591 eum
1359 2568 1448 2591 mo-

794 2610 887 2647 dum
910 2612 1001 2659 VII,
1036 2614 1114 2651 163
1143 2618 1178 2648 et
1207 2612 1313 2659 VIII,
1355 2613 1447 2652 106.

793 2668 903 2704 Conf.
933 2666 1129 2704 Abreschii
1166 2666 1449 2705 Animadverss.

791 2725 829 2761 in
851 2723 1028 2762 Aeschin.
1049 2726 1106 2772 ΙΙ,
1142 2726 1233 2765 32.“
1279 2724 1448 2762 Wesse-

791 2781 804 2818 l
816 2783 909 2830 ing.
928 2802 982 2810 -
1010 2780 1073 2818 Ad
1091 2794 1252 2832 sequens
1275 2776 1448 2832 ὑπήσειν

1122 2836 1173 2878 14
