1879 3222
310 575 374 618 12

103 636 135 663 ld
144 637 378 673 Mardoniusper

102 671 228 705 Argivos
253 672 357 710 Persa—

101 711 165 730 rum
182 705 268 731 rebus
280 706 381 734 taven-

99 739 146 765 tes
163 737 295 773 edoctus,

433 148 518 188 22⁰

433 253 537 304 τούς
554 254 817 310 βαρβάρους.

829 147 1289 186 HERODOTI

879 257 924 298 οἱ
951 256 1009 308 δὲ,
1040 255 1098 307 ὥς
1123 255 1205 300 οὐκ
1227 256 1397 308 εἰδότες,
1428 256 1686 311 ἐπειρώτεον

432 321 481 364 τὸ
512 322 765 377 λεγόμενον·
796 322 1063 380 ἐπειρόμενοι
1086 325 1153 376 δὲ,
1186 325 1398 380 ἐξέμαθον
1421 329 1508 367 πᾶν
1529 324 1577 367 τό
1599 325 1683 367 ἐόν·

432 388 540 432 ὥστε
577 388 624 432 ἐν
663 388 863 445 θωύματι
892 391 1137 446 γενόμενοι,
1167 392 1431 446 ἐπορεύοντο
1463 391 1542 447 τὴν
1570 393 1741 447 taxi-‘70

433 468 537 513 στην
570 455 822 509 διώκοντες*
853 457 935 501 σύν
963 459 1008 502 δέ
1039 470 1138 513 σφι,
1166 464 1254 503 τῶν
1286 462 1521 514 περιοίκων
1551 464 1683 502 Λακε-

433 526 675 579 δαιμονίων
720 525 901 582 λογάδες
950 528 1286 582 πεντακισχίλιοι
1330 527 1502 572 ὁπλῖται
1541 525 1681 569 τωύτὸ

375 936 450 974 que
470 925 657 974 pertinent
687 924 831 975 glossae
850 922 1030 976 Hesychii

374 981 429 1027 (ΙΙ
450 992 535 1030 pag.
556 981 668 1031 702.)
691 988 727 1017 et
738 982 859 1019 Servii
880 981 927 1018 ad
944 982 1030 1018 Vir—

373 1037 454 1086 gilii
482 1036 643 1074 Aeneid.
684 1038 754 1086 IV,
794 1036 895 1084 424,
937 1051 1029 1090 quas

373 1105 461 1128 cum
501 1094 579 1130 aliis
618 1096 758 1131 excitat
790 1093 933 1131 Ultrich
973 1097 1029 1130 De

370 1162 532 1198 proxen.
572 1163 659 1201 pag.
701 1153 753 1190 27
792 1151 878 1187 coll.
921 1152 1025 1188 Plut.

371 1205 527 1244 Aristid.
552 1209 602 1246 10
631 1219 719 1257 pag.
742 1206 822 1247 325
844 1207 891 1244 Α.
950 1209 1028 1244 Nec

369 1274 461 1298 sane
501 1274 734 1314 quemquam
770 1263 888 1312 fugit,
928 1263 1030 1313 apud

369 1319 562 1355 Romanos
583 1332 736 1371 quoque
765 1319 892 1357 hostem
918 1321 1030 1357 tuisse

367 1377 594 1425 peregrinum
614 1383 706 1413 teste
728 1377 839 1413 Festo
869 1390 898 1414 s.
919 1391 957 1414 v.
991 1384 1029 1414 et

370 1432 492 1468 Cicer.
517 1433 575 1468 De
596 1432 732 1469 Officc.
770 1434 809 1480 Ι,
845 1435 895 1472 12
917 1435 952 1478 ξ.
974 1435 1028 1474 37

367 1488 498 1539 ibique
524 1490 648 1526 Beieri
674 1491 835 1526 Excurs.
863 1491 954 1526 X111
987 1504 1027 1540 p.

368 1543 463 1583 346.
487 1566 539 1572 -—
569 1546 613 1582 In
630 1559 737 1597 seqq.
766 1548 850 1584 πᾶν
877 1543 921 1586 τό
959 1543 1026 1585 ἐόν

369 1607 425 1636 est
439 1612 532 1637 omne
550 1602 640 1650 quod
663 1606 737 1638 erat
754 1631 763 1649 ‚
794 1603 819 1638 i.
841 1615 874 1638 e.
895 1615 1024 1639 verum.

369 1655 482 1692 Cous.
513 1657 549 1704 1,
581 1660 634 1697 30
664 1658 753 1708 ibiq.
783 1664 880 1693 nott.
916 1664 953 1694 et
979 1658 1024 1703 V,

370 1711 438 1752 50.
468 1714 560 1749 Mox
591 1726 657 1764 pro
685 1710 846 1764 θώματι
875 1714 1026 1764 reposui

369 1763 570 1818 θωύματι.

427 1826 507 1862 τῶν
527 1821 760 1877 περιοίκων]
793 1827 850 1861 De
870 1824 928 1862 his
948 1825 1025 1861 iam

370 1882 586 1918 notavimus
607 1881 794 1933 quaedam
816 1880 862 1918 ad
876 1883 938 1929 VI,
961 1882 1026 1922 58.

370 1938 504 1974 Exstat
525 1945 652 1974 antem
673 1937 711 1977 h.
727 1939 753 1975 l.
773 1939 926 1975 uberior
936 1938 1027 1975 val-

370 1992 563 2030 ckenaerii
603 1994 804 2045 disputatio
839 2008 902 2031 eos
922 1995 1027 2031 refu-

369 2051 504 2098 tantis,
534 2052 598 2102 qui
620 2050 762 2088 helotas
789 2058 901 2102 atque
923 2052 1025 2102 peri—

370 2118 481 2142 oecos
503 2106 637 2144 diversi
657 2121 747 2144 sane
772 2121 851 2144 esse
877 2108 1026 2158 generis

366 2162 539 2199 noudum
561 2172 851 2215 perspexerunt3
883 2164 930 2201 de
952 2176 1027 2215 quo

369 2231 488 2270 quum
507 2219 621 2256 hodie
640 2222 692 2258 sic
712 2222 798 2257 satis
822 2222 919 2258 inter
940 2234 1026 2257 om-

367 2288 435 2312 nes
448 2284 604 2323 constet,
626 2278 771 2328 potiora
792 2284 941 2315 tantum
963 2276 1024 2313 hic

368 2331 625 2370 adscribamus
656 2347 703 2370 ex
735 2335 838 2371 Illius
858 2336 929 2371 viri
953 2346 1025 2369 an-

368 2391 590 2427 notatione:
643 2391 786 2438 „Erant
829 2389 1022 2427 Lacedae-

369 2447 488 2481 monii
510 2447 551 2485 οἵ
568 2447 786 2497 περίοικοι,
814 2460 892 2483 non
916 2446 1023 2485 εἵλω-

368 2514 452 2547 τες,
482 2501 522 2538 hi
545 2505 764 2540 servitutem
791 2504 1023 2549 serviebautz,

369 2556 475 2592 liberi
495 2567 601 2597 erant
624 2561 664 2599 οἷ
696 2561 904 2611 περίοικοι.
958 2558 1026 2598 Εἴ-

367 2615 485 2660 λωτες
531 2618 561 2652 si
600 2618 699 2655 bello
739 2617 836 2655 heris
871 2629 1026 2668 operam

367 2682 475 2706 suam
515 2671 805 2723 adprobassent,
849 2675 1020 2711 libertate

434 595 564 634 τοῦτο
583 591 763 637 ἐποίεον.
821 595 873 636 Οἱ
902 594 980 648 μὲν
1011 592 1062 647 δή
1085 592 1128 643 ἐς
1155 595 1233 636 τὸν
1254 593 1424 649 Ἰσθμόν
1442 594 1684 651 ἠπείγοντο.

437 657 619 715 Ἀργεῖοι
656 661 727 715 δὲ,
765 661 856 705 ἐπεί
891 677 936 704 τε
972 660 1147 717 τάχιστα
1184 660 1403 706 ἐπύθοντο
1440 664 1542 713 τοὺς
1579 659 1682 719 μετὰ

1083 930 1164 962 tur:
1187 925 1233 961 ab
1249 923 1306 962 his
1325 923 1440 961 etiam
1461 922 1740 973 distinguuntur

1086 981 1128 1020 οῖ
1158 982 1364 1034 περίοικοι.
1421 979 1600 1030 Xenoph.
1640 980 1739 1016 Heu.

1086 1038 1133 1086 [I.
1157 1041 1204 1085 S,
1230 1038 1325 1086 10.].
1366 1038 1593 1087 Ubicunque
1611 1037 1648 1072 in
1678 1035 1740 1072 hi-

1083 1096 1197 1131 storia
1242 1095 1386 1130 Graeca
1433 1095 1630 1144 περίοικοι
1678 1093 1740 1128 vel

1084 1151 1294 1201 iunguntur
1360 1150 1421 1187 vel
1496 1155 1740 1199 opponuntur

1086 1207 1302 1257 Spartiatis,
1332 1204 1626 1243 Lacedaemonii
1653 1211 1741 1241 sunt

1084 1263 1339 1313 intelligendi,
1381 1264 1638 1313 cuiuscunque
1658 1262 1739 1297 fue-

1084 1321 1160 1356 rint
1179 1321 1280 1357 urbis
1300 1321 1509 1356 Laconicae
1529 1320 1648 1365 cives,
1669 1330 1740 1353 ex-

1085 1383 1194 1427 cepta
1243 1377 1377 1428 Sparta
1397 1406 1406 1424 ‚
1464 1376 1740 1426 Spartiatarum

1084 1434 1244 1484 imperio
1273 1440 1458 1484 parentes.
1508 1430 1740 1468 Scholiastae

1083 1490 1255 1527 Aristidis
1275 1491 1360 1527 MS.
1383 1489 1424 1528 οἱ
1446 1488 1640 1539 περίοικοι
1661 1500 1739 1524 esse

1085 1546 1261 1583 dicuutur
1337 1544 1379 1585 οἷ
1446 1546 1739 1596 περιοικοῦντες

1084 1600 1275 1653 Σπάρτην
1339 1599 1415 1650 τήν
1484 1596 1737 1652 μητρόπολιν.

1089 1656 1190 1704 Τούς
1206 1658 1249 1697 ἐκ
1273 1659 1354 1695 τῶν
1374 1657 1629 1706 περιοικίδων
1658 1650 1737 1694 πό-

1080 1716 1180 1752 λεων
1208 1713 1302 1750 dixit
1330 1711 1509 1763 Xenoph.
1540 1713 1637 1749 Heli.
1670 1712 1738 1759 111,

1084 1773 1103 1809 1
1121 1800 1130 1817 ‚
1160 1773 1198 1810 3.
1229 1767 1276 1808 τοὶ
1295 1768 1336 1808 ἐν
1355 1766 1485 1819 κύκλῳ
1509 1770 1580 1818 τῆς
1602 1763 1737 1816 Σπάρ-

1079 1841 1148 1876 της
1186 1826 1406 1874 πολίσματα
1459 1826 1621 1861 Pausan.
1668 1824 1738 1859 VII

1079 1896 1168 1933 pag.
1191 1881 1284 1922 555.
1307 1883 1405 1930 [V11,
1431 1884 1479 1921 13
1501 1881 1538 1926 §-
1562 1878 1621 1930 4.]
1657 1880 1738 1915 Hae

1082 1941 1271 1985 civitates,
1301 1945 1341 1974 ut
1363 1939 1453 1974 olim
1484 1943 1590 1973 erant
1618 1935 1737 1986 Spar-

1082 1997 1261 2033 tiatarum
1303 1990 1500 2044 ύπήκοοι,
1540 1993 1592 2029 sic
1642 2005 1736 2030 aevo

1084 2065 1238 2103 quoque
1274 2051 1427 2088 fuerunt
1455 2049 1654 2086 recentiori
1681 2048 1737 2094 εἰς

1079 2106 1270 2158 Σπάρτην
1281 2105 1620 2152 συντελοῦσαι,υἰ5ἰ
1634 2104 1737 2156 quod

1080 2178 1129 2201 ex
1154 2166 1229 2201 istis
1260 2163 1392 2200 decem
1424 2168 1461 2198 et
1489 2168 1572 2198 octo
1601 2162 1738 2211 Augu-

1080 2228 1156 2258 stus
1201 2221 1345 2257 iusserit
1375 2232 1453 2256 esse
1486 2213 1737 2268 αὐτονόμους

1081 2279 1244 2314 Pausan.
1266 2278 1319 2312 111
1353 2276 1421 2323 [21
1456 2275 1491 2320 ξ.
1512 2275 1551 2324 6]
1584 2288 1621 2324 Ρ.
1640 2274 1736 2314 265.

1080 2355 1136 2361 -
1165 2333 1237 2378 Qui
1254 2332 1473 2382 περίοικοι,
1496 2330 1611 2367 iidem
1631 2329 1736 2366 dice-

1077 2390 1216 2427 bantur
1230 2397 1265 2426 et
1279 2383 1593 2435 Λακεδαιμόνιοι
1608 2390 1735 2424 etAa-

1078 2445 1256 2493 κωνικοὶ,
1267 2452 1309 2482 ut
1325 2444 1426 2496 apud
1440 2441 1659 2494 Thucydid.
1671 2442 1733 2489 lv,

1081 2505 1105 2543 8
1133 2503 1218 2539 coli.
1247 2500 1426 2552 Xenoph.
1447 2501 1596 2536 Hellen.
1619 2499 1668 2534 VI
1695 2512 1733 2548 p.

1080 2558 1174 2606 449,
1187 2563 1222 2599 7.
1238 2559 1313 2608 [V1,
1327 2557 1364 2605 4,
1380 2556 1456 2606 15].
1469 2556 1625 2593 Maxim.
1637 2555 1734 2604 Tyr.

1082 2630 1170 2666 pag.
1210 2616 1289 2656 347
1324 2621 1360 2651 et
1394 2615 1473 2664 ipso
1513 2609 1734 2662 Thucydid.

1077 2673 1186 2719 VIR,
1226 2673 1318 2713 22.“
1347 2692 1402 2698 -—-
1431 2670 1496 2707 Tu
1525 2667 1612 2705 add.
1637 2673 1731 2705 nott.

367 2733 495 2770 donati
525 2729 805 2784 Νεοὸαμῶδεις
835 2730 1016 2769 diceban·
1074 2728 1123 2768 ad
1144 2731 1233 2779 Vll,
1265 2727 1358 2769 234.
