1847 3272
364 222 392 259 o
756 219 1219 283 nunono'rs

275 330 307 373 4

39 393 164 420 Graccis
183 392 219 419 de
238 392 309 425 suffra

39 426 218 461 capessenda
237 426 309 453 deli-

39 460 221 493 berantibus,
248 460 307 486 Eu-

40 493 182 520 but-enses
227 493 308 519 'rhe-

40 526 176 559 minoen,
203 527 306 553 classis

39 559 259 586 Atheniensium

41 594 207 627 praefecto,
249 601 309 619 am-

40 627 180 659 plissimis
210 633 307 652 inune-

40 660 121 686 ribus
133 659 234 686 dandis
246 666 311 693 per-

40 693 177 726 nnmleut,
198 695 227 718 ut
246 700 311 718 cac-

40 730 122 752 teron
150 726 186 752 ad
224 733 309 760 proe-

40 759 111 785 lium
145 762 216 785 ante
251 759 310 785 Eu-

40 793 142 818 boeam
177 799 311 826 pugnan-

42 825 110 851 dum
138 833 311 859 permovere

452 325 557 369 Τότε
597 325 643 368 δὲ
673 321 795 371 οὗτοι
835 328 978 371 οἱκαὶ
1015 326 1071 370 ἐπ’
1104 325 1366 381 Ἀρτεμίσιον
1398 326 1610 381 Ἑλλήνων

367 392 643 448 ἀπικόμενοι,
682 394 739 446 ὥς
777 392 894 438 εἶδον
929 395 1029 445 νέας
1065 410 1109 437 τε
1139 394 1297 444 πολλὰς
1329 396 1612 449 καταχθείσας

363 461 405 511 ἐς
442 461 517 511 τὰς
549 458 748 516 Ἀφέτας,
793 464 865 506 καὶ
901 466 1101 518 στρατιῆς
1140 462 1309 505 ἅπαντα
1347 463 1472 511 πλέα,
1522 461 1611 504 ἐπεὶ

367 526 536 570 αὐτοῖσι
581 529 699 583 παροὶ
738 528 870 580 δόξαν
908 529 960 573 τά
996 529 1223 586 πρήγματα
1259 532 1348 573 τῶν
1378 527 1612 584 βαρβάρων

367 595 571 650 ἀπέβαινε
603 595 629 650 ἢ
661 594 718 646 ὥς
747 595 873 640 αὐτοὶ
891 595 1160 649 κατεδόκεον,
1192 595 1613 651 καταρρωδήσαντες,

333 730 447 784 Ξτὴν
480 729 673 772 Ἑλλάδα.
730 728 906 786 γνόντες
943 730 988 775 δέ
1018 743 1152 787 σφεας
1190 733 1233 775 οἱ
1260 729 1448 786 Εὐβοέες
1478 734 1615 773 ταῦτα

367 797 724 852 βουλευομένους,
752 798 921 842 ἐδέοντο
936 797 1217 855 Εὐρυβιάδεω
1239 803 1492 855 προσμεῖναι
1519 797 1614 854 χρό-

1668 537 1745 576 021
1823 463 1827 565 l

370 662 565 717 δρησμὸν
604 661 839 716 ἐβούλευον
884 663 969 708 ἀπὸ
1016 669 1096 708 τοῦ
1141 662 1406 719 Ἀρτεμισίου
1445 663 1526 706 ἔσω
1571 663 1668 713 ἐς45

43 858 171 886 studeat.

316 1004 493 1056 Spartani
541 1002 697 1055 quidem
745 1002 966 1051 Pausaniae,

319 1063 597 1109 Περσίζοντος,
637 1059 811 1109 superbia
849 1061 968 1096 socios

316 1118 494 1164 irritavit,
536 1115 602 1152 sed
632 1114 681 1152 ad
706 1117 908 1166 imperium
927 1117 967 1152 in

316 1173 565 1210 Athenienses
575 1171 779 1209 transfere-n
785 1172 875 1209 dum
885 1185 970 1208 cae-

318 1237 415 1267 teros
437 1231 597 1267 Graecos
626 1229 794 1279 aequitas
812 1230 968 1283 ¹potissi-

316 1299 426 1322 mum
453 1286 573 1322 movit
598 1284 788 1323 Aristidis:
820 1285 968 1322 cornel.

316 1344 442 1392 Nepos
471 1342 512 1378 in
531 1340 683 1378 Aristid.
713 1355 743 1378 c.
774 1344 801 1381 2
828 1340 905 1380 vid.
933 1347 970 1378 et

317 1397 474 1434 Diodor.
504 1399 571 1444 XI,
603 1395 670 1443 44,
711 1398 777 1448 qui
806 1410 887 1448 cap.
916 1396 970 1437 46

257 1480 260 1484 -
321 1461 525 1504 utrumque
553 1459 762 1500 memorat3
800 1460 837 1490 et
864 1452 971 1490 Pau-

322 1512 440 1546 saniae
451 1509 555 1554 vitia,
575 1508 749 1546 Aristidis
766 1513 880 1546 autem
895 1510 973 1545 vir-
995 1522 1000 1526 ·

322 1569 414 1602 tutes
449 1564 576 1614 fecisse
621 1565 772 1612 scribit,
819 1560 974 1610 πάντας

324 1617 454 1672 ὥσπερ
485 1616 565 1659 vind
598 1622 690 1670 μιᾶς
720 1619 843 1672 ὁρμῆς
871 1616 973 1660 ἄπο-

323 1679 456 1716 κλῖναι
485 1673 585 1726 πρός
613 1673 707 1722 τούς
731 1673 975 1727 Ἀθηναίους

323 1740 442 1785 ᾶῒῳιε,
467 1731 562 1769 adeo
582 1730 831 1770 Athenienses
859 1732 976 1784 χωρὶς

322 1783 513 1828 κινδύνου
533 1789 776 1840 παραλαβεῖν
803 1786 877 1839 τήν
903 1804 975 1828 κα-

323 1842 372 1883 τοῖ
387 1841 588 1884 θάλατταν
605 1840 746 1895 οῗρχήν.
773 1845 895 1890 Quam
911 1859 976 1882 ac-

325 1907 507 1951 ceperunt
528 1901 712 1949 oblatam,
738 1899 811 1951 τήν
831 1901 977 1953 ἡγεμο-

324 1957 415 2006 νίην
443 1955 693 1994 Athenienses
725 1957 825 2008 apud
854 1960 979 1994 Hero-

326 2011 472 2060 dotum,
503 2008 710 2051 οΞντείλοντο
734 2011 827 2059 τούς
847 2018 978 2052 Λακε-

327 2068 556 2118 δαιμονίους
572 2081 583 2102 .·
614 2068 683 2104 suit
702 2070 882 2105 nimirum
902 2071 979 2107 vir-

328 2131 405 2160 tute
425 2125 667 2174 virorumque
687 2127 901 2174 principum
922 2139 977 2162 ar-

327 2180 424 2217 tibus
444 2192 521 2216 non
540 2179 783 2228 illegitimis.“

558 2289 587 2325 C
601 2301 666 2340 ap.
699 2291 762 2330 IV.

389 2399 430 2439 οἱ
448 2398 514 2438 καὶ
535 2396 592 2439 ἐπ’
619 2396 874 2452 Ἀρτεμίσιον]
905 2403 980 2438 Pro

333 2454 412 2501 καὶ,
426 2454 527 2506 quod
540 2457 716 2508 equidem
729 2465 980 2495 cumrecentt.

335 2510 421 2548 edd.
455 2514 628 2549 revocavi
648 2527 668 2549 e
696 2515 796 2550 libris
824 2515 980 2564 scriptis,

335 2565 558 2604 Schaeserus
587 2577 760 2619 posuerat
787 2568 850 2616 ὥς.
890 2572 982 2607 Sine

336 2635 458 2669 causa,
481 2625 628 2673 opinor.
657 2648 712 2653 —
743 2625 801 2662 Ad
825 2627 980 2663 verbum

335 2679 597 2728 καταχθείσας
617 2683 716 2721 cons.
738 2688 831 2722 nott.
845 2683 892 2719 ad
904 2684 983 2728 Vll,

339 2733 391 2773 59
413 2741 449 2770 et
469 2734 515 2771 ad
534 2731 793 2786 ἈφέταςὛΙΙ,
819 2740 894 2779 193
915 2740 984 2775 ibi-

341 2802 414 2840 que
429 2791 550 2830 auam.

1078 1000 1125 1041 τοὶ
1154 999 1362 1054 πρήγματα
1389 1023 1445 1055 ή-
1480 997 1506 1052 ἢ
1531 999 1585 1048 ὥς
1605 996 1674 1040 αυ’-

1023 1058 1085 1098 τοὶ
1113 1055 1364 1106 κατεδόκεον]
1420 1058 1568 1094 Eadem
1595 1058 1674 1094 fere

1024 1116 1162 1152 locutio
1182 1117 1212 1162 I,
1233 1117 1285 1155 79
1306 1116 1371 1151 ubi
1389 1114 1468 1151 vid.

1081 1168 1259 1223 δρησμόν
1287 1167 1518 1222 ἐβούλευον]
1550 1170 1676 1220 Vulgo

1026 1225 1296 1278 ἐβουλεύοντο,
1337 1226 1440 1278 quod
1468 1225 1675 1274 Schaefer„

1024 1282 1160 1321 matth.
1184 1290 1220 1320 et
1239 1282 1406 1320 Bekker.
1431 1283 1678 1320 retinuerunt.

1027 1338 1375 1390 Schweighaeuser.
1404 1346 1441 1376 et
1471 1340 1587 1377 Gaisf.
1615 1352 1678 1376 re-

1025 1404 1209 1434 vocarunt
1230 1396 1394 1433 duorum
1413 1394 1524 1432 codd.
1544 1396 1678 1432 lectio-

1026 1465 1118 1489 nem
1148 1449 1381 1503 ἐβούλευον,
1415 1450 1519 1503 quod
1547 1463 1680 1489 omnes

1026 1509 1209 1558 praebent
1234 1509 1318 1544 libri
1355 1509 1454 1556 VIII,
1485 1510 1552 1549 97.
1587 1509 1679 1548 100.

1026 1565 1096 1610 IX,
1119 1567 1212 1605 110.
1243 1565 1329 1601 coll.
1361 1565 1390 1612 I,
1415 1567 1478 1604 11.
1509 1564 1555 1612 V,
1587 1564 1679 1604 124.

1027 1622 1127 1667 VIII,
1164 1622 1214 1660 18
1244 1620 1324 1667 fin.,
1345 1621 1411 1656 ubi
1433 1619 1568 1656 eadem
1586 1619 1681 1656 scri·

1029 1683 1163 1727 pturae
1175 1675 1379 1714 diversitas.
1408 1677 1507 1712 Nam
1519 1676 1571 1713 ibi
1583 1687 1683 1727 quo-

1030 1746 1105 1784 que
1137 1731 1356 1783 Scllweigh.
1386 1739 1423 1769 et
1443 1732 1558 1770 Gaisf.
1594 1744 1704 1784 cum-

1030 1790 1284 1839 Wesselingio
1309 1790 1544 1825 retinuerunt
1564 1783 1684 1838 ἐβού-

1031 1848 1169 1893 λευον,
1208 1846 1314 1882 cuius
1342 1846 1428 1882 loco
1458 1843 1683 1883 Schaeferus

1032 1896 1315 1952 ἐβουλεύοντο,
1354 1909 1458 1952 quoa
1489 1907 1526 1938 et
1559 1901 1684 1951 ipsum

1032 1959 1187 2008 praebet
1208 1958 1445 1994 Florentinus
1471 1958 1565 1994 liber
1594 1969 1684 1993 cum

1034 2015 1126 2051 aliis.
1154 2014 1289 2050 Nostro
1319 2014 1359 2049 in
1385 2014 1470 2050 loco
1498 2011 1594 2049 nihil
1614 2013 1686 2049 ob-

1034 2077 1128 2117 stat,
1155 2069 1258 2120 quod
1278 2082 1370 2106 mox
1397 2070 1566 2119 sequitur
1587 2068 1686 2118 βου-

1034 2126 1292 2172 λευομένους,
1318 2136 1436 2173 quum
1458 2121 1683 2170 Herodotus,

1034 2187 1076 2216 ut
1096 2180 1267 2215 observat
1279 2177 1510 2229 Schweigli„
1526 2180 1578 2216 ita
1599 2192 1684 2216 ora-

1032 2237 1177 2272 tionem
1196 2236 1339 2271 variare
1357 2236 1496 2282 soleat3
1527 2249 1562 2273 v.
1583 2249 1617 2272 c.
1638 2237 1682 2284 V,

1040 2289 1131 2331 124.
1160 2290 1352 2342 Equidem
1373 2287 1550 2343 δρησμὸν
1572 2288 1689 2341 ἐβού-

1038 2350 1153 2386 λευον
1183 2346 1433 2384 reddiderim:
1487 2348 1691 2397 cogitabant
1729 2384 1736 2390 ,

1039 2403 1082 2440 cle
1109 2404 1281 2451 discessu,
1319 2404 1506 2452 agitabant
1541 2404 1688 2442 consilia

1039 2459 1079 2496 ‹le
1099 2459 1275 2506 discessu,
1314 2466 1350 2496 et
1379 2458 1691 2510 βουλευομένους

1039 2518 1182 2554 rafim:
1215 2516 1298 2552 leaeo
1320 2528 1429 2552 secum
1450 2516 1689 2563 deliberantes,

1040 2571 1123 2607 haec
1145 2571 1290 2607 consilia
1312 2575 1493 2620 agitantes
1523 2586 1553 2610 5.
1575 2584 1687 2609 secum

1039 2629 1166 2664 animis
1186 2628 1352 2665 volventes
1365 2658 1374 2676 ,
1402 2636 1442 2665 ut
1465 2634 1501 2664 et
1522 2629 1631 2665 activi
1650 2635 1688 2664 et

1039 2683 1155 2719 medii
1175 2684 1278 2720 verbi
1299 2685 1442 2721 eluceat
1467 2685 1525 2722 vis
1548 2697 1590 2721 ao
1610 2682 1688 2721 dis-

1041 2741 1197 2777 crimen.
1246 2742 1341 2777 Hinc
1376 2747 1476 2778 recte
1518 2738 1692 2777 medium

1040 2797 1190 2845 ponitur
1221 2796 1300 2843 VII,
1320 2799 1414 2837 207.
1445 2797 1542 2844 VIII,
1564 2799 1603 2836 7.
1625 2798 1692 2838 30.
