1879 3222
412 209 479 246 DE
508 207 632 244 VITA
657 206 730 243 ΕΤ
760 204 994 243 SCRIPTIS
1024 203 1302 242 HERODOTI.
1517 202 1602 242 415

122 336 165 360 ea
195 329 416 360 enascantur
447 318 646 370 superbia,
688 329 785 368 quae
805 316 945 353 iustum
973 316 1155 363 modum,
1190 330 1266 370 quo
1296 316 1455 368 quisque
1473 327 1512 352 se
1541 320 1602 351 te-

117 394 208 417 nere
230 380 385 426 debeat,
414 375 584 427 finesque
602 374 823 411 mortalibus
844 375 982 423 positos
1004 374 1191 411 excedens
1214 374 1261 411 ad
1290 373 1406 411 divini
1435 371 1602 409 numinis

118 438 198 475 vim
225 451 264 474 se
294 434 471 472 extollere
500 432 653 483 gestiat,
685 429 779 466 nihil
809 428 984 466 historiae
1017 438 1125 480 pater
1152 433 1273 482 magis
1300 443 1459 467 exosum
1489 427 1602 465 habet

118 507 235 546 quam
259 488 497 544 tyrannidem
515 518 525 538 ,
554 501 626 524 nec
648 489 848 539 quisquam
866 486 1086 523 mortalium
1115 489 1236 538 magis
1257 486 1406 524 videtur
1426 497 1602 522 exsecra-

117 552 200 588 bilis
221 561 334 602 quam
353 554 556 599 tyrannus,
584 546 623 581 in
645 546 750 581 cuius
780 545 907 580 animo
927 541 1022 581 haec
1041 545 1119 582 sive
1141 545 1316 595 superbia
1335 545 1413 581 sive
1433 543 1602 580 insolen-

117 609 167 644 tia
194 604 357 643 insidens
384 605 474 640 altas
501 603 619 653 egerit
643 601 798 638 radices.
856 598 933 638 Sed
965 613 1009 636 ea
1029 602 1222 651 regiminis
1243 601 1388 647 forma,
1426 612 1523 651 quae
1551 599 1601 635 il·-

115 664 193 700 lam
217 661 390 699 omnium
420 661 640 697 mortalium
669 658 976 710 aequabilitatem
1006 670 1121 709 quam
1142 658 1311 693 maxime
1340 669 1488 693 servare
1520 662 1602 692 stu-

115 719 199 766 det,
232 731 276 755 eo
299 715 401 770 quod
417 730 529 754 suum
551 717 688 767 cuique
708 716 887 763 tribuens,
916 715 1113 750 neminem
1128 727 1240 764 supra
1257 714 1347 749 alios
1367 726 1447 749 sese
1468 712 1602 749 efferre

112 776 273 826 patitur,
305 787 402 826 quae
419 775 532 824 igitur
552 772 666 810 habet
686 769 760 823 τήν
780 771 986 823 ἰσηγορίαν
1007 778 1120 822 atque
1140 770 1361 820 ἰσονομίαν,
1382 766 1426 819 ²²)
1457 770 1602 820 prima-

111 833 166 868 ria
181 830 329 869 videtur
349 830 563 879 Herodoto,
586 843 683 882 quae
707 831 836 866 ceteris
852 829 966 877 louge
995 834 1169 878 praestet.
1229 828 1329 865 Hinc
1357 832 1399 863 ut
1427 826 1602 878 tyranni-

111 887 202 925 dem
231 889 400 925 maxime
441 894 659 935 aversatur,
703 886 755 922 ita
786 886 959 937 populari
989 885 1150 935 imperio
1183 885 1263 936 ipse
1292 884 1414 933 magis
1453 881 1601 919 deditus

109 945 224 982 fuisse
259 945 421 982 videtur.
479 944 565 982 vid.
591 950 686 980 nott.
723 942 772 979 ad
806 944 852 989 V,
885 944 950 983 66.
976 941 1027 980 Τ.
1052 943 1106 978 111
1131 955 1170 992 p.
1200 943 1278 981 112
1299 953 1378 991 seq.
1398 940 1444 988 V,
1461 941 1528 980 78.
1544 940 1596 975 Τ.

109 1003 163 1038 111
183 1015 223 1053 p.
248 1001 324 1043 143
347 1002 432 1040 coll.
454 1002 499 1039 V.
521 1004 575 1041 92
597 1002 633 1046 ξ.
655 1003 694 1040 2.
721 1000 785 1049 VI,
805 999 872 1040 43.
895 1000 945 1036 Τ.
966 999 1020 1034 111
1046 1012 1084 1049 p.
1105 999 1200 1039 281.
1231 999 1325 1037 282.
1344 997 1407 1045 Vl,
1432 998 1524 1036 108.
1550 996 1601 1033 T.

109 1060 163 1095 111
193 1072 232 1109 p.
262 1061 355 1099 379.
388 1059 468 1106 Vll,
503 1058 594 1098 156.
623 1058 674 1094 Τ.
699 1057 752 1092 111
773 1069 810 1106 p.
833 1057 909 1096 681
928 1069 1006 1107 seq.
1034 1056 1119 1093 coll.
1141 1055 1205 1101 ΙΙΙ,
1222 1056 1289 1095 82,
1346 1054 1481 1105 Neque
1509 1065 1600 1091 vero

109 1113 213 1152 hunc
235 1116 424 1166 popularis
444 1115 592 1164 imperii
613 1126 783 1150 amorem
805 1125 849 1148 eo
870 1113 1051 1159 valuisse,
1080 1118 1123 1148 ut
1141 1123 1270 1147 rerum
1289 1111 1440 1148 veritati
1460 1111 1499 1146 in
1513 1123 1601 1147 nar-

109 1174 254 1209 ratione
275 1171 443 1209 offecerit
463 1173 664 1223 ipsumque
684 1171 905 1220 scriptorem
936 1170 1101 1218 partium
1130 1166 1255 1205 studio
1285 1174 1441 1218 captum
1461 1180 1483 1204 a
1509 1179 1600 1204 vero

109 1228 329 1275 abduxerit,
361 1242 409 1265 ex
428 1229 483 1276 iis,
506 1241 604 1279 quae
624 1240 737 1278 supra
754 1228 830 1262 iam
852 1225 1041 1273 diximus,
1062 1225 1148 1262 satis
1171 1231 1346 1275 apparet3
1378 1222 1476 1261 adde
1497 1222 1602 1276 quod

107 1283 209 1322 hauc
236 1298 344 1322 suam
364 1286 589 1322 sententiam
609 1285 670 1320 ille
690 1297 767 1320 non
785 1283 955 1320 consulto
974 1290 1009 1319 et
1033 1283 1195 1333 apertius
1217 1282 1400 1329 enuntiat,
1429 1280 1495 1318 sed
1515 1294 1601 1318 ma-

109 1343 163 1378 tris
183 1349 281 1379 tecte
301 1341 465 1392 indicat,
491 1355 580 1378 cum
603 1342 648 1377 ab
670 1339 831 1377 historiis
859 1340 934 1376 suis
954 1340 1042 1376 talia
1060 1368 1070 1387 ,
1109 1352 1206 1390 quae
1228 1336 1276 1374 ad
1303 1339 1476 1375 animum
1506 1339 1600 1375 scri-

107 1370 131 1392 t>

109 1401 226 1449 ptoris
269 1400 411 1450 magis,
462 1411 579 1451 quam
616 1396 665 1434 ad
703 1410 832 1434 rerum
870 1397 1130 1433 narrafionem
1168 1396 1405 1447 pertineant,
1470 1395 1600 1433 abesse

77 1478 81 1483 -
108 1455 294 1493 maluerit.

783 1577 819 1623 ξ.
854 1579 917 1617 13.

219 1680 322 1730 Opus
342 1677 618 1727 Herodoteum‚
651 1679 763 1731 quale
791 1692 896 1715 nunc
914 1677 1097 1728 legimus,
1127 1678 1167 1714 in
1194 1690 1335 1715 novem
1351 1676 1490 1724 libros,
1532 1675 1600 1728 qui

104 1735 244 1786 singuli
263 1738 459 1773 Musarum
486 1737 705 1774 nominibus
726 1737 893 1787 inscripti
913 1742 1001 1772 sunt
1015 1765 1024 1783 ,
1063 1734 1228 1772 divisum
1247 1733 1435 1771 videmus.
1493 1733 1600 1779 Quae

104 1798 235 1829 tamen
263 1791 395 1830 divisio
417 1794 463 1830 ab
483 1794 565 1844 ipso
587 1800 740 1831 auctore
760 1806 856 1830 num
876 1793 1045 1844 profecta
1062 1793 1109 1828 sit
1123 1821 1134 1840 ,
1164 1793 1247 1828 iure
1269 1790 1440 1838 dubites,
1473 1802 1600 1841 quan-

106 1847 314 1900 doquidem
335 1850 398 1886 ille
422 1863 623 1901 nunquam
643 1851 811 1900 singulos
830 1850 943 1886 libros
959 1850 1011 1886 ita
1037 1847 1175 1885 divisos
1196 1855 1233 1885 et
1261 1848 1458 1898 inscriptos
1477 1847 1597 1894 novit,

106 1904 173 1942 sed
195 1905 241 1942 ad
263 1907 365 1956 prius
386 1913 536 1943 narrata
555 1907 585 1943 si
601 1908 769 1958 respicit,
801 1902 943 1958 λόγους
964 1906 1003 1941 in
1024 1906 1246 1942 universum
1264 1910 1375 1941 vocat
1403 1904 1482 1940 sive
1504 1899 1599 1950 τούς

105 1958 292 2013 πρώτους
321 1963 398 2000 sive
418 1959 511 2008 τούς
533 1957 660 2002 ὀπίσω
678 1992 687 2010 ,
717 1959 810 2009 τούς
829 1958 973 2002 ὀπίσθε
994 1958 1159 2014 λόγους,
1191 1960 1234 2001 ἐν
1267 1957 1370 2014 ἕὲλλῳ
1399 1955 1503 2013 λόγῳ
1519 1988 1530 2008 ,
1560 1966 1598 1997 et

106 2031 205 2070 quae
224 2025 311 2056 sunt
335 2017 392 2055 his
414 2020 552 2056 similia
568 2049 577 2067 ,
613 2020 750 2071 quibus
770 2020 935 2070 singulas
953 2019 1176 2055 narrafionis
1196 2024 1343 2068 partes,
1371 2029 1464 2069 quas
1491 2029 1596 2053 nuno

105 2077 315 2113 accuratius
335 2075 526 2113 distinctas
547 2082 583 2112 et
610 2077 806 2113 Musarum
830 2077 987 2112 nomine
1008 2081 1156 2112 ornatas
1175 2073 1350 2112 videmus
1363 2102 1374 2121 ‚
1407 2074 1475 2110 Ille
1495 2072 1597 2110 indi-

104 2144 191 2168 care
219 2133 325 2169 solet.
382 2134 464 2169 Iam
495 2134 645 2169 monuit
672 2133 904 2183 VVesseling.
931 2133 970 2169 in
993 2132 1159 2169 Praefat.
1184 2132 1220 2176 ξ.
1243 2134 1282 2179 2,
1312 2131 1379 2167 ubi
1406 2129 1597 2182 quaedam

104 2187 249 2226 addidit
286 2187 686 2240 Schweigliaeuserus.
743 2191 808 2227 Tu
835 2188 913 2226 vid.
945 2201 1042 2241 quae
1062 2189 1277 2225 notavimus
1298 2186 1347 2224 ad
1361 2189 1390 2236 1,
1410 2188 1478 2228 75.
1502 2186 1595 2227 105.

102 2245 149 2291 V,
179 2248 232 2287 22
253 2246 337 2283 coll.
354 2247 401 2294 ΙΙ,
423 2247 489 2287 38.
514 2248 605 2286 161.
625 2247 687 2294 VI,
713 2248 775 2287 19.
804 2247 885 2294 Vll,
906 2248 1002 2286 213.
1058 2247 1192 2298 Itaque
1223 2257 1334 2293 eam,
1366 2256 1465 2297 quae
1491 2257 1596 2281 nuno

104 2301 251 2338 obtinet
267 2303 451 2339 librorum
472 2309 508 2339 et
529 2301 754 2340 divisionem
783 2310 820 2340 et
841 2303 1135 2354 appellationem
1156 2302 1203 2339 ab
1219 2300 1414 2339 Herodoto
1435 2301 1516 2351 ipso
1535 2300 1596 2337 fa-

107 2364 209 2395 ctam
245 2371 324 2396 esse
353 2371 560 2409 negamus3
600 2361 666 2412 qui
693 2361 723 2397 si
743 2361 841 2397 illius
871 2361 1066 2411 utriusque
1096 2366 1227 2397 auctor
1250 2365 1366 2406 esset,
1392 2371 1478 2394 eam
1494 2364 1596 2395 certe

104 2427 258 2467 quoque
276 2413 518 2455 adhibuisset.
577 2417 850 2468 Appellationis
871 2417 1057 2467 originem
1076 2417 1268 2453 Lucianus
1295 2414 1463 2452 indicare
1485 2412 1596 2453 vide-

103 2478 166 2508 tur
184 2473 224 2508 iu
242 2471 385 2512 Herod.
402 2475 440 2512 1.
462 2473 512 2510 T.
529 2473 580 2510 1V
598 2487 638 2524 p.
658 2476 738 2515 117
759 2473 819 2515 ed.
839 2474 925 2525 Bip.
949 2466 999 2513 ου’
1020 2470 1173 2525 θεατήν
1192 2467 1274 2511 ἀλλ’
1294 2467 1516 2524 ἀγωνιστὴν
1533 2466 1596 2510 'O—

105 2528 286 2578 λυμπίων
313 2533 498 2582 παρεῖχεν
530 2526 672 2569 ἑαυτὸν
689 2559 699 2575 ,
731 2527 841 2585 ᾄδων
861 2529 931 2576 τοὶς
963 2530 1137 2581 ἱστορίας
1157 2528 1223 2568 καὶ
1252 2531 1388 2580 κηλῶν
1403 2524 1497 2576 τούς
1513 2543 1595 2567 πα-

106 2579 272 2636 ρόντας,
302 2583 393 2640 ἄχρι
411 2588 484 2626 τοῦ
502 2584 570 2626 καὶ
590 2585 766 2635 Μούσας
787 2589 990 2640 κληθῆναι
1019 2584 1089 2635 τοὶς
1112 2585 1278 2640 βίβλους
1302 2581 1448 2632 αὐτοῦ,
1477 2582 1594 2626 ἐννέα

106 2772 472 2862 Ρὸἕ.-1)4ξοιι[.,ιιοα.
505 2775 549 2811 ad
582 2775 644 2819 ΙΙΙ,
677 2776 733 2814 80.
756 2775 802 2811 Τ.
826 2776 862 2811 11
884 2787 964 2822 pag.
990 2775 1056 2811 144
1077 2786 1150 2821 seq.
1173 2777 1210 2810 et
1233 2774 1275 2810 ad
1300 2773 1345 2818 V,
1370 2774 1427 2809 78.
1459 2773 1506 2808 T.
1539 2772 1591 2806 111
