1879 3222
483 175 948 212 CALLIOPE.

1011 176 1090 214 IX.
1337 174 1421 214 249

137 286 357 342 5χομένιοι
372 283 606 336 ἑξακόσιοι·
637 281 806 324 τούτων
829 282 887 332 δὲ,
919 282 1158 326 Σικυώνιοι
1181 283 1420 338 τρισχίλιοι.

164 353 332 396 τούτων
369 353 414 395 δὲ
451 353 616 406 εἴχοντο
653 349 953 402 Ἐπιδαυρίων
984 349 1245 395 ὀκτακόσιοι.

1305 350 1423 405 παρὰ

166 424 212 465 δε
248 420 449 471 τούτους,
493 419 755 472 Τροιζηνίων
785 417 1015 461 ἐτάσσοντο
1046 419 1193 472 χίλιοι·
1244 422 1421 474 Τροιζη-

163 490 270 531 νίων
299 487 345 530 δὲ
374 484 580 541 ἐχόμενοι,
613 484 891 540 Λεπρεητέων
913 482 1147 539 διηκόσιοι·
1178 485 1346 528 τούτων
1375 485 1422 529 δὲ

164 555 435 611 Μυκηναίων
467 553 538 596 καὶ
575 554 822 607 Τιρυνθίων
851 548 1141 605 τετρακόσιοι·
1182 553 1349 595 τούτων
1379 553 1478 597 δὲ15

136 632 157 665 6
167 621 372 678 ἐχόμενοι,
406 620 608 664 Φλιάσιοι
636 621 776 675 χίλιοι.

835 618 953 672 παρὰ
967 619 1011 662 δὲ
1024 619 1208 669 τούτους
1238 619 1422 663 ἕστασαν

159 689 402 744 Ἑρμιονέες
413 687 666 745 τριηκόσιοι.
699 686 960 741 Ἑρμιονέων
981 686 1025 729 δὲ
1047 685 1234 741 ἐχόμενοι
1247 688 1421 731 ἵσταντο

165 754 415 811 Ἐρετριέων
425 772 468 801 τε
479 757 551 800 καὶ
561 754 767 811 Στυρέων
779 753 1004 806 ἑξακόσιοι·
1027 754 1194 800 τούτων
1206 755 1251 799 δὲ
1263 757 1423 799 Χαλκι-

106 964 207 1002 conf.
229 966 290 1012 VI,
312 967 379 1005 92.
404 965 449 1010 V,
471 966 523 1004 67
536 977 640 1016 seqq.
662 965 761 1011 wll,

107 1020 173 1068 43,
194 1022 260 1058 ubi
285 1034 405 1072 aeque
422 1027 535 1072 atque
556 1022 762 1058 Troezenii

105 1078 203 1114 inter
222 1091 285 1115 eos
301 1084 584 1124 enumerantur,
605 1079 671 1129 qui
691 1092 763 1114 na-

106 1148 170 1172 ves
209 1133 258 1171 ad
297 1135 532 1172 Salaminem
564 1136 762 1172 miserunt.

106 1193 164 1227 De
194 1190 380 1242 Lepreatis
411 1190 577 1229 diximus
616 1190 665 1229 ad
698 1192 764 1239 IV,

109 1245 201 1288 148.

161 1302 448 1355 Μυκηναίων]
479 1302 541 1340 Ad
571 1302 765 1341 Thermo-

106 1360 213 1411 pylas
263 1362 462 1414 Mycenaei
504 1368 766 1397 memorantur

106 1416 191 1465 VII,
212 1420 308 1458 202.
353 1419 414 1454 Ex
436 1430 510 1469 quo
531 1419 765 1468 Mycenaeo-

105 1486 191 1510 rum
209 1473 334 1511 studio
356 1487 445 1524 erga
460 1475 625 1526 reliquos
641 1475 763 1510 Grae-

104 1542 188 1575 cos,
220 1532 286 1582 qui
316 1538 446 1568 contra
475 1532 632 1567 Persam
659 1543 764 1567 arma

102 1594 294 1637 ceperant,
314 1587 459 1624 factum
479 1594 545 1635 est,
557 1595 599 1624 ut
619 1588 665 1623 ab
686 1588 763 1624 Ar-

102 1644 210 1694 givis,
240 1656 335 1695 quos
370 1657 459 1680 cum
480 1651 610 1694 aperte
629 1645 763 1680 Persa-

102 1713 189 1736 rum
220 1707 345 1751 partes
371 1701 550 1751 amplecti
579 1699 684 1736 haud
712 1700 762 1736 li-

103 1763 227 1805 ceret,
267 1770 290 1793 a
329 1764 554 1794 neutrorum
592 1757 762 1808 partibus

103 1814 246 1850 stetisse
266 1815 491 1865 accepimus,
512 1814 613 1851 iratis
631 1820 763 1864 postea

104 1870 376 1907 lacesserentur
413 1872 583 1922 urbeque
638 1869 762 1907 diruta

103 1926 228 1975 Argos
249 1927 553 1974 transferrentur,
574 1933 763 1979 quotquot

104 1988 189 2018 tum
209 1989 332 2019 essent
350 1984 578 2033 superstites.
623 1982 763 2020 Adhuc

105 2039 207 2075 urbis
220 2037 366 2075 dirutae
377 2040 575 2075 moenium
592 2052 764 2090 quorun-

105 2093 210 2142 dam,
240 2095 421 2146 Cyclopia
461 2096 578 2145 vulgo
611 2102 763 2141 vocant,

106 2150 244 2188 rudera
267 2152 344 2188 sive
363 2150 613 2188 fundamenta
632 2165 767 2202 super-

107 2222 186 2245 esse
205 2215 373 2244 narrant.
401 2206 480 2245 Sed
501 2221 550 2244 ex
570 2221 627 2254 eo,
662 2207 767 2259 quod

107 2264 156 2301 ad
177 2263 458 2315 Thermopylas
479 2265 641 2301 nonnisi
662 2272 766 2302 octo-

107 2323 224 2372 ginta,
248 2321 295 2358 ad
316 2323 487 2357 Plataeas
502 2320 766 2373 quadringen-

108 2385 164 2415 tos
185 2379 285 2414 misit
303 2377 476 2414 homines
490 2406 500 2425 ,
530 2379 665 2415 merito
684 2379 765 2414 col-

106 2435 200 2485 ligas
228 2436 527 2485 Mycenaeorum
563 2436 766 2484 civitatem,

109 2504 207 2543 quae
228 2492 383 2542 antiquo
404 2498 575 2540 tempore
595 2493 645 2528 ita
668 2493 766 2528 emi-

109 2549 203 2597 nuit,
227 2549 304 2584 iam
319 2547 502 2585 Herodoti
522 2555 642 2585 aetate
662 2549 766 2585 mul-

111 2609 193 2640 tum
223 2604 444 2642 decrevisse.
502 2604 613 2642 Conf.
649 2606 764 2642 Man-

112 2667 206 2697 nert.
227 2662 312 2699 VIII
334 2676 371 2712 p.
389 2661 483 2702 650.

171 2713 373 2768 Φλιοῖσιοι]
422 2717 545 2754 Iidem
566 2717 614 2754 ad
635 2717 765 2755 Ther-

114 2775 283 2825 mopylas
298 2787 451 2827 quoque
468 2775 627 2826 profecti
647 2782 767 2824 erant,

819 971 911 1003 teste
931 962 1125 1002 Herodoto
1146 964 1245 1013 VIII,
1268 965 1363 1005 202.
1419 963 1479 1000 De

818 1023 898 1072 ipsa
950 1023 1044 1058 urbe
1094 1021 1261 1058 Phliunte
1308 1033 1477 1071 agroque

820 1078 990 1125 Phliasia,
1014 1080 1052 1114 in
1073 1079 1267 1115 montibus
1283 1078 1352 1114 sito
1369 1084 1405 1113 et
1414 1078 1479 1114 Si-

819 1136 957 1186 cyonia
987 1134 1154 1183 ditione,
1185 1135 1336 1171 Cleonis
1363 1140 1479 1185 atque

820 1190 1003 1242 Argolide
1034 1193 1178 1228 incluso
1209 1191 1317 1242 plura
1334 1189 1479 1227 disserit

819 1250 1005 1284 Mannert
1038 1249 1125 1285 VIII
1151 1262 1188 1299 p.
1213 1250 1392 1298 SSOseq.,
1413 1248 1479 1298 qui

819 1304 924 1341 idem
944 1317 1032 1355 pag.
1054 1307 1134 1344 382
1150 1303 1255 1356 quod
1274 1304 1379 1339 mille
1393 1316 1481 1354 gra-

820 1362 876 1399 vis
907 1368 1119 1397 armaturae
1150 1361 1288 1397 milites
1308 1358 1402 1396 haec
1424 1361 1480 1396 ci-

821 1419 915 1455 vitas
943 1424 1076 1454 contra
1095 1416 1341 1454 Mardonium
1365 1417 1480 1465 misit,

819 1473 910 1511 inde
927 1475 1090 1522 coniicit,
1113 1487 1269 1510 omnem
1289 1473 1482 1510 civitatem

820 1532 1051 1568 continuisse
1064 1530 1284 1582 quindecim
1294 1530 1372 1566 fere
1391 1530 1480 1566 mil-

817 1589 869 1625 lia
903 1586 1106 1624 hominum
1142 1588 1363 1624 liberorum.
1420 1588 1480 1622 De

818 1645 892 1682 situ
922 1644 1023 1681 urbis
1055 1656 1134 1680 non
1163 1656 1315 1695 prorsus
1346 1643 1479 1694 liquet,

818 1714 889 1738 nec
919 1702 1013 1737 ullas
1041 1702 1177 1738 veteris
1211 1700 1315 1737 urbis
1351 1700 1481 1736 ruinas

818 1755 944 1795 adhuc
966 1756 1130 1794 detectas
1158 1770 1236 1794 esse
1267 1763 1425 1794 constat.

873 1812 1137 1865 Ἑρμιονέες]
1169 1812 1255 1852 Vid.
1282 1814 1381 1857 VIII,
1411 1810 1481 1853 43.

819 1873 887 1911 73.
948 1871 1192 1919 Eretrienses,
1233 1882 1326 1922 quos
1365 1870 1480 1920 igitur

820 1940 869 1963 ex
897 1935 1003 1978 parte
1038 1929 1078 1964 in
1117 1928 1276 1964 Graecia
1313 1932 1479 1963 servatos

819 1997 899 2020 esse
924 1991 1047 2035 patet,
1087 1998 1177 2021 cum
1199 1997 1220 2020 a
1244 1984 1360 2020 Dario
1382 1981 1479 2019 haec

820 2053 913 2089 gens
955 2041 1052 2078 Susa
1087 2041 1350 2077 transferretur
1386 2046 1481 2076 teste

821 2094 965 2133 Herod.
1000 2097 1063 2144 VI,
1098 2098 1188 2143 119,
1217 2108 1340 2147 aeque
1367 2102 1481 2146 atque

823 2151 1085 2190 Hermz'onenses
1130 2158 1482 2188 commemorantur

822 2209 922 2255 VIII,
943 2207 1018 2249 46:
1059 2221 1150 2245 nam
1171 2216 1330 2260 utraque
1352 2209 1481 2245 civitas

822 2264 871 2301 ad
892 2266 1142 2302 Salaminiam
1172 2278 1343 2316 pugnam
1369 2277 1483 2316 prae-

821 2322 903 2359 buit
920 2335 1050 2360 naves.
1082 2324 1140 2358 De
1157 2322 1382 2372 Styrensz'bus
1402 2320 1481 2360 vid.

822 2379 921 2425 VIII,
945 2382 982 2419 1.
1003 2379 1079 2426 463
1121 2378 1168 2416 de
1192 2379 1482 2416 Chalcidensibus

823 2436 921 2483 VIII,
957 2438 1034 2476 127
1056 2437 1140 2472 coll.
1168 2437 1213 2484 V,
1236 2435 1302 2476 74.
1325 2437 1392 2475 79.
1412 2436 1480 2475 99.

821 2494 984 2529 Pausan.
1004 2493 1049 2539 V,
1065 2495 1165 2538 23§.
1189 2495 1226 2540 1,
1255 2492 1321 2543 qui
1340 2489 1479 2528 habet:

825 2549 1036 2595 Χαλκιδεῖς
1066 2548 1107 2588 οἱ
1134 2547 1198 2588 ἐπὶ
1216 2550 1273 2602 τῷ
1294 2543 1478 2600 Εὐρίπῳ.

820 2606 966 2643 Vocem
994 2599 1182 2655 ἐχόμενοι,
1213 2618 1311 2657 quae
1337 2605 1378 2641 in
1397 2606 1479 2640 He-

822 2661 948 2699 rodoti
977 2668 1126 2698 textum
1155 2675 1204 2698 ex
1221 2660 1360 2698 Aldina
1379 2661 1481 2697 male

824 2720 1023 2769 irrepserat
1040 2725 1126 2754 ante
1147 2717 1374 2766 Χαλκιδέες,
1397 2731 1482 2754 sus-

825 2776 894 2812 tuli
915 2774 1108 2828 equidem,
1129 2775 1231 2813 libris
1250 2776 1303 2813 sic
1313 2775 1483 2813 iubenti-
