1996 3238
48 740 146 785 112

572 215 917 253 URANIA.
978 214 1106 251 V111.

1393 209 1475 250 157

215 331 400 385 ,,λείπειν
438 324 586 382 σφέων
624 323 703 379 τὴν
742 326 902 378 νῆσον,
946 319 1033 365 ἀλλ’
1064 322 1148 366 αιέὶ
1176 320 1501 377 φιλοχωρέειν,1

215 398 408 452 ,,Πενίην
437 410 481 437 τε
520 392 594 436 καὶ
621 389 901 448 Ἀμηχανίην-
933 390 1008 433 καὶ
1035 389 1203 433 τούτων
1239 393 1328 433 τῶν
1356 391 1476 433 θεῶν

184 460 483 520 4,,ἐπηβόλους
513 459 664 510 ἐόντας
697 457 942 512 Ἀνδρίους,
982 455 1036 499 οὐ
1066 456 1222 499 δώσειν
1263 457 1473 513 χρήματα.

213 529 447 585 ,,οὕδέκοτε
490 527 573 584 γαρ
621 531 699 582 τῆς
741 525 916 570 ἑωυτῶν
960 521 1204 579 ἀδυναμίης
1240 524 1320 580 τήν
1345 524 1476 580 Ἀθη-

209 600 375 653 ,,ναίων
404 597 591 651 δύναμιν
623 593 732 639 εἶναι
762 593 973 649 κρέσσω.“
1029 586 1165 635 Οὗτοι
1193 592 1273 647 μὲν
1304 593 1356 648 δή
1374 597 1506 637 ταῦ-5

210 683 265 711 τα
291 664 654 721 ὑποκρινάμενοι,
685 663 759 707 καὶ
790 660 843 705 οὐ
875 660 1024 711 δόντες
1052 659 1105 703 τὰ
1134 658 1348 715 χρήματα,
1379 660 1478 704 ἐπο-

211 735 478 789 λιορκέοντο.
512 730 821 788 Θεμιστοκλέης
852 729 909 780 δὲ,
942 726 997 772 ου’
1025 727 1109 784 γαρ
1139 727 1322 771 ἐπαύετο
1352 733 1477 773 πλεο-

213 802 410 854 νεκτέων,
442 802 668 857 ἐσπέμπων
698 800 741 851 ἐς
770 797 847 849 τοὶς
876 796 1011 847 ἄλλας
1039 795 1204 852 νήσους
1245 794 1478 853 ἀπειλητη-

212 872 337 926 ρίους
376 870 558 926 λόγους,
591 870 701 912 αἴτεε
729 865 926 923 χρήματα
955 865 1027 909 διὰ
1055 868 1143 908 τῶν
1180 862 1326 908 αὐτῶν
1357 863 1478 920 ἄγγε’-

211 943 324 990 λων,
369 937 614 995 χρεώμενος
650 937 820 992 λόγοισι
857 939 972 978 τοῖσι
1009 933 1084 977 καὶ
1117 933 1226 989 πρὸς
1249 931 1477 988 Ἀνδρίους

152 1124 221 1162 tivi
258 1127 390 1164 transit
423 1132 671 1172 structuram,
701 1125 814 1176 plane

154 1189 198 1219 ut
229 1182 339 1231 VIII,
379 1185 482 1231 118,
530 1196 647 1235 quem
686 1183 816 1219 locum

154 1237 234 1275 unit
267 1252 356 1276 cum
381 1241 461 1277 aliis
483 1241 661 1277 excitavit
680 1237 816 1276 Matth.

155 1296 223 1332 Gr.
251 1297 319 1334 Gr.
349 1299 383 1343 §.
407 1297 512 1345 539,
539 1300 558 1336 1
582 1310 670 1348 pag.
698 1296 818 1336 1059.

153 1353 301 1390 Vocem
335 1355 556 1406 γεωπείνης
592 1355 638 1402 (i.
661 1366 694 1390 e.
716 1365 818 1402 paa-

148 1422 236 1460 per,
282 1412 345 1460 qui
371 1423 502 1461 parum
542 1415 655 1448 terrae
693 1412 818 1458 agrive

150 1466 337 1517 possidet),
368 1468 476 1518 attigi
495 1466 544 1504 ad
565 1469 621 1516 ΙΙ,
645 1470 683 1509 6.
713 1464 817 1506 Add.

155 1523 315 1574 Gregor.
347 1522 516 1561 Corinth.
574 1526 632 1560 De
671 1522 818 1560 dialect.

153 1581 236 1616 Ion.
267 1581 304 1626 ξ.
330 1579 408 1620 114
435 1593 525 1632 pag.
547 1580 642 1621 518.
662 1601 719 1608 -
754 1578 818 1616 Ad

153 1649 265 1674 voces
284 1636 324 1684 ἐς
355 1634 404 1676 τοὶ
435 1637 596 1689 μέγιστα
615 1636 819 1686 Schweig-

152 1691 326 1731 haeuser.
363 1707 413 1731 ex
444 1694 683 1731 antecedenti
719 1708 818 1746 γεω-

152 1750 292 1798 πείνας
302 1752 462 1802 intelligi
476 1752 558 1789 vult
568 1751 818 1803 γεωπεινίης,

153 1813 196 1844 ut
233 1808 495 1858 intelligantur
524 1811 676 1846 maxime
704 1809 816 1857 egeni,

156 1864 220 1913 qui
255 1864 304 1901 ad
342 1868 536 1903 maximam
566 1868 814 1916 paupertatem

156 1920 366 1958 devenerint.
432 1922 581 1960 Similia
623 1921 814 1973 quaedam

155 1977 310 2027 praebet
345 1979 480 2016 Noster
521 1979 576 2028 V,
616 1978 685 2020 49.
731 1978 814 2026 VII,

158 2035 223 2073 13.
257 2036 281 2074 9
304 2035 339 2080 ξ.
360 2037 397 2075 3.
431 2036 523 2076 154.

210 2089 278 2128 καὶ
296 2087 450 2130 τούτων
474 2093 554 2130 τῶν
582 2092 696 2129 θεῶν
723 2089 817 2141 ἐπη-

154 2141 302 2197 βόλους
323 2143 461 2195 ἐόντας
480 2143 712 2199 Ἀνδρίους]
744 2147 768 2183 i.
781 2160 815 2186 e.

154 2205 260 2252 atque
304 2203 426 2242 luorum
472 2204 610 2242 deorum
652 2207 817 2254 compotes

153 2271 231 2296 cum
248 2259 353 2310 facti
368 2265 482 2298 essent
508 2261 642 2299 Andria·
668 2274 698 2298 s.
732 2273 816 2310 quos

154 2315 234 2353 deos
270 2329 347 2354 cum
386 2321 487 2356 nacti
522 2321 635 2356 essent
667 2317 816 2355 Andria:

152 2373 298 2410 Vocem
338 2372 537 2425 ἐπήβολος
581 2376 817 2411 illustrarunt

151 2429 368 2470 Blomfield.
381 2433 546 2469 Glossar.
568 2431 616 2468 ad
634 2429 816 2483 Aeschyl.

153 2484 351 2524 Prometh.
388 2487 470 2529 453
503 2489 590 2529 coll.
621 2488 669 2526 ad
708 2489 816 2538 Aga-

153 2553 299 2578 memu·
315 2543 351 2588 ξ.
361 2543 455 2583 525.
465 2544 660 2582 Schaefer.
670 2546 816 2582 Melett.

155 2600 252 2636 critt.
284 2612 322 2649 p.
357 2597 425 2639 48.
456 2599 735 2652 Wyttenbach.
766 2600 815 2637 ad

154 2653 346 2692 Plutarch
366 2656 464 2694 Mor.
496 2658 514 2693 I
534 2656 814 2709 p.112.Add.

152 2711 292 2750 Herod.
314 2713 383 2760 IX,
413 2711 480 2754 49.

209 2764 396 2808 οὐδέκοτε
435 2767 510 2822 γαρ
548 2771 621 2820 τῆς
649 2767 810 2809 ἑωυτῶν

871 1137 994 1174 ναμιν
1032 1117 1134 1162 εἶναι
1152 1118 1324 1171 κρέσσω]
1355 1118 1533 1158 Similem

873 1179 1069 1232 quandam
1127 1179 1357 1215 sententiam
1407 1175 1534 1227 prodit

871 1239 1008 1274 Noster
1036 1237 1126 1281 v,11
1165 1238 1256 1276 172.
1287 1257 1339 1263 —
1368 1235 1413 1271 In
1443 1246 1534 1284 pro-

871 1295 977 1330 xime
995 1307 1102 1345 seqq.
1135 1290 1356 1343 Schweigh.
1392 1304 1413 1327 e
1443 1291 1536 1327 Flo-

873 1352 1023 1387 rentino
1055 1348 1201 1387 addidit
1236 1364 1284 1387 τα
1315 1354 1403 1385 ante
1437 1343 1536 1398 χρή-

875 1423 977 1459 ματα
997 1437 1007 1455 ,
1062 1407 1278 1455 intelligens
1333 1416 1534 1456 pecuniam,

875 1477 979 1515 quam
1000 1464 1060 1501 ille
1080 1463 1335 1513 postulaverat.
1378 1462 1536 1498 Articu-

872 1522 954 1558 lum
976 1524 1186 1558 omiserunt
1211 1517 1347 1556 Matth.
1370 1525 1407 1556 et
1427 1516 1536 1555 Bek-

873 1576 957 1616 ker.

1084 1632 1177 1684 Cap,
1199 1632 1319 1671 CXII.

930 1689 1220 1741 πλεονεκτέων]
1243 1692 1301 1726 De
1320 1687 1394 1726 hoc
1417 1686 1535 1724 verbo

873 1750 1008 1786 monui
1036 1747 1084 1784 ad
1110 1748 1201 1794 VII,
1244 1746 1337 1787 158.
1397 1744 1535 1781 Caete-

873 1819 960 1843 rum
987 1804 1122 1842 eadem
1150 1804 1229 1840 sere
1261 1808 1410 1839 enarrat
1437 1802 1535 1838 Plu-

872 1861 993 1900 tarch.
1014 1860 1267 1899 Themistocl.
1294 1862 1345 1900 21
1380 1859 1464 1895 init.
1494 1871 1534 1909 p.

873 1923 954 1960 122
972 1920 1028 1967 C.,
1044 1919 1110 1955 ubi
1131 1920 1246 1954 etiam
1275 1917 1536 1953 Timocreon-

870 1978 916 2014 tis
933 2006 943 2023 ,
974 1977 1040 2028 qui
1064 1973 1334 2012 Themistoclis
1360 1973 1432 2009 fuit
1462 1970 1534 2009 ad-

871 2035 1056 2070 versarius
1069 2039 1189 2069 exstat
1201 2043 1354 2068 carmen
1372 2031 1411 2066 iu
1423 2028 1535 2066 The-

872 2090 1086 2126 mistoclem
1118 2087 1338 2125 traductum
1370 2099 1462 2123 sane
1491 2092 1535 2123 ut

872 2145 1074 2183 hominem
1127 2142 1374 2191 mendacem,
1430 2143 1535 2178 iniu-

873 2210 997 2251 stum,
1036 2201 1294 2254 proditorem,
1325 2200 1391 2252 qui
1413 2212 1536 2249 pecu-

872 2260 937 2296 nia
968 2266 1166 2310 corruptus
1198 2259 1366 2295 amicum
1403 2255 1537 2307 prodi-

874 2316 981 2354 derit.
1024 2315 1126 2355 Add.
1142 2314 1420 2353 Pseudo-plut.
1442 2314 1478 2349 11
1495 2327 1533 2364 p.

872 2374 1014 2414 8710.
1068 2372 1287 2410 Herodotea
1318 2383 1388 2423 pro
1424 2383 1534 2408 more

872 2431 1129 2470 cavillantem.

929 2483 1078 2539 λόγοισι
1094 2489 1199 2527 τοῖσι
1225 2482 1293 2524 καὶ
1322 2479 1419 2535 πρὸς
1437 2478 1534 2522 Ἀν-

874 2543 1012 2595 δρίους
1041 2540 1253 2596 ἐχρήσατο]
1294 2541 1439 2578 Vocem
1467 2536 1532 2579 λό-

871 2612 989 2652 γοισι,
1004 2614 1102 2652 quae
1133 2613 1155 2636 a
1172 2600 1354 2646 Florem„
1375 2595 1532 2644 Medic„

872 2657 952 2694 aliis
987 2659 1112 2705 abest,
1151 2655 1241 2693 hinc
1272 2655 1334 2693 vel
1366 2653 1534 2692 deletam

868 2714 930 2750 vel
962 2716 1069 2751 uncis
1097 2720 1198 2751 certe
1228 2713 1416 2749 inclusam
1450 2711 1534 2748 vult

868 2768 1254 2822 Schweighaeuserus
1302 2776 1344 2806 ut
1399 2781 1534 2819 suspe-

151 2818 374 2878 οἷδυναμίης
389 2841 462 2879 την
477 2823 715 2880 Ἀθηναίων
735 2822 808 2867 δυ’-
865 2834 982 2865 ctam.
1005 2828 1129 2866 Iidem
1147 2826 1260 2867 codd.
1277 2839 1346 2878 pro
1357 2824 1534 2877 καιπρος

1533 736 1577 764 Ab
1603 736 1671 764 aliie
1690 743 1809 772 quoque

1531 771 1561 798 in
1553 771 1660 798 miulan
1654 780 1678 798 is
1703 779 1792 805 pecu

1533 805 1602 832 niae
1619 808 1752 833 exactae.
