1879 3222
447 170 531 210 310

844 164 1308 201 HERODOTI

443 273 585 332 Ἀλέης
618 273 850 329 Ἀθηναίης
890 275 1115 330 Τεγεῆται·
1174 273 1226 316 τοὶ
1259 272 1305 316 δὲ
1346 271 1455 316 ἄλλα
1484 272 1528 322 ἐς
1556 269 1712 322 τώυτὸ,

418 344 536 388 Ίὸσα
565 357 653 397 ,περ
694 342 879 396 ἔλαβον,
925 340 1151 398 ἐσήνεικαν
1186 346 1300 384 τοῖσι
1325 340 1512 396 ’Ἐλλησα

1576 342 1630 382 Οἱ
1667 340 1714 384 δὲ

452 411 674 469 βάρβαροι
722 408 852 454 οὐδὲν
896 409 956 453 ἔτι
997 413 1152 463 στῖφος
1200 408 1460 464 ἐποιήσαντο
1504 407 1716 458 πεσόντος

452 483 535 524 τοῦ
564 480 735 535 τείχεος,
765 477 863 521 οὔτε
890 493 955 528 τις
985 474 1131 518 αὐτῶν
1169 473 1305 531 ἀλκῆς
1333 476 1541 531 ἐμέμνητο
1559 490 1568 499 ·
1609 475 1745 518 &sm-1

455 547 615 601 κταζόν
647 563 692 590 τε
733 544 806 590 οἶα
849 544 898 588 ἐν
927 543 1059 599 ὀλίγῳ
1088 541 1214 598 χώρῳ
1243 545 1540 599 πεφοβημένοι
1570 559 1614 586 τε
1643 543 1718 586 καὶ

427 617 615 661 ὃπολλαὶ
643 614 847 671 μυριάδες
875 610 1173 666 κατειλημέναι
1207 609 1468 666 ἀνθρώπων.
1498 616 1719 667 παρῆντε

455 690 570 729 τοῖσι
585 683 761 739 “Eum
787 679 992 738 φονεύειν
1021 677 1150 731 οὕτω,
1182 677 1290 721 ὥστε
1309 679 1542 734 τριήκοντα
1557 676 1744 733 μυριά-5

457 755 548 796 δων
588 753 797 804 στρατοῦ,
842 745 1173 792 καταδεουσέων
1215 746 1450 799 τεσσέρων,
1499 745 1574 796 τοὶς
1609 746 1718 800 ἔχων

453 819 710 876 Ἀρτάβαζος
739 817 905 873 ἔφευγε,
934 818 1023 858 τῶν
1051 817 1218 857 λοιπῶν
1246 813 1353 870 μηδὲ
1381 818 1495 868 τρεῖς
1526 812 1719 867 χιλιάδας

461 885 777 943 περιγενέσθαι,
828 883 1190 939 Λακεδαιμονίων
1230 882 1276 925 δὲ
1305 884 1394 924 τῶν
1432 880 1479 924 ἐκ
1507 879 1720 934 Σπάρτης
1752 936 1755 938 v

402 1070 461 1105 De
488 1081 582 1107 voce
611 1071 751 1119 στῖφος
771 1068 870 1106 conf.
899 1069 969 1116 IX,
991 1068 1059 1109 57.

401 1124 514 1172 Quod
543 1126 657 1177 paulo
689 1133 780 1162 ante
800 1124 1061 1177 praegreditur

402 1178 625 1233 ἐσήνεικαν,
647 1183 725 1219 eius
744 1183 829 1219 loco
851 1181 927 1219 duo
948 1180 1059 1220 codd.

401 1237 675 1288 ἐσηνείκαντο,
697 1238 802 1291 quod
823 1238 1062 1276 commodius

402 1294 554 1332 videtur
568 1295 946 1346 Schweighaeusero,
967 1308 1066 1347 quo-

403 1352 510 1388 niam
523 1359 559 1389 et
568 1354 656 1404 ipsis
664 1354 845 1403 Tegeatis
854 1366 939 1404 pars
951 1366 1064 1403 prae-

391 1407 476 1445 -dae
517 1417 597 1446 erat
629 1417 821 1448 eventura.
878 1409 1064 1447 Locutio-

405 1479 497 1502 nem
533 1469 673 1514 στῖφος
701 1462 951 1516 ποιήσασθαι
976 1467 1065 1502 atti-

405 1523 461 1572 git
496 1523 665 1559 Dorville
699 1522 748 1559 ad
779 1522 922 1559 Charit.
954 1523 1065 1570 V1‚9

404 1579 487 1614 init.
516 1592 556 1629 p.
588 1577 669 1619 554
699 1579 783 1628 (ubi
804 1581 971 1616 activum
996 1592 1067 1614 ex-

405 1640 502 1669 stat:
544 1636 729 1683 ποιῆσαι)
762 1636 835 1670 alia
855 1634 997 1670 addens
1019 1634 1066 1670 de

405 1701 500 1726 voce
520 1692 672 1736 στῖφος,
702 1689 777 1739 qu&
805 1703 942 1725 manus
964 1690 1068 1725 mili-

407 1746 494 1781 taris
513 1743 744 1794 designetur.

464 1841 699 1893 ἆλύκταζον]
729 1845 756 1881 i.
787 1859 823 1886 e,
853 1847 1070 1882 consternati

409 1905 511 1942 erant
522 1915 612 1952 prae
628 1903 746 1938 timore
761 1914 803 1938 ac
824 1902 1068 1951 trepidatione.

410 1961 454 1996 In
474 1960 586 1996 unius
618 1957 705 1996 cod.
726 1959 900 2008 margine
921 1965 1066 1996 exstat:

411 2011 665 2062 ἄλυκτάζειν,
699 2013 949 2066 δυσφορέειν,
967 2010 1069 2065 α’γα-

409 2075 579 2112 νακτεῖν.
637 2073 687 2108 Et
705 2073 870 2121 pertinet
892 2070 968 2108 huc
990 2073 1071 2108 Ho-

411 2130 599 2167 mericum
618 2129 663 2165 11.
689 2129 739 2176 X,
756 2128 832 2168 94:
892 2124 986 2168 ου’δέ
1003 2143 1071 2179 μοι

409 2181 506 2237 ἦτορ
548 2184 717 2236 ἔμπεδον
748 2180 829 2223 ἀλλ’
871 2180 897 2223 οἷ
910 2188 930 2223 λ
942 2200 965 2223 α
977 2181 1034 2224 λυ
1049 2206 1070 2212 -

411 2258 465 2281 xv
477 2257 502 2293 η
515 2257 540 2293 μ
553 2257 577 2280 α
589 2254 625 2288 ις
655 2241 714 2278 sed
733 2242 959 2291 perturbatus
996 2254 1070 2278 sum

413 2300 541 2336 animo.
599 2297 711 2343 Quod
730 2299 899 2348 sequitur
921 2296 963 2335 ἒν
989 2293 1069 2336 ὀλί-

413 2371 467 2409 γῳ
491 2350 605 2408 χώρῳ
641 2357 702 2399 (in
726 2357 856 2402 exiguo
875 2353 964 2398 loco)
986 2367 1070 2389 me-

416 2414 485 2448 rito
516 2410 664 2448 dudum
690 2411 883 2461 placuerat
911 2411 1070 2447 WVesse-

415 2469 531 2517 lingio
553 2468 647 2504 Diss.
669 2466 811 2506 Herod.
838 2468 895 2503 xl
915 2480 953 2517 p.
974 2467 1069 2514 205,

415 2523 582 2575 indeque
601 2526 715 2561 etiam
736 2537 786 2560 ex
806 2535 871 2560 ora
886 2521 1072 2573 Stephani

417 2578 638 2631 duobusque
660 2579 771 2618 codd.
790 2586 985 2631 receptum
1006 2587 1072 2627 est,

420 2648 510 2671 cum
525 2638 639 2685 vulgo
661 2644 756 2674 esset
777 2636 820 2676 ἐν
847 2632 962 2688 ὀλίγῳ
980 2632 1074 2688 χρό-

420 2706 488 2745 νῳ,
518 2692 620 2743 quod
640 2695 699 2729 vel
716 2693 907 2731 sancrosti
922 2694 1017 2730 liber
1037 2700 1074 2730 et

418 2748 624 2785 Florentin.
666 2762 754 2784 oum
784 2750 863 2786 aliis
897 2751 1074 2789 retinent.

1115 1069 1208 1104 Mox
1228 1080 1297 1118 pro
1317 1063 1641 1116 κατειλημμέναι,
1673 1061 1778 1116 quod

1116 1137 1214 1161 unus
1233 1124 1387 1160 retinuit
1407 1121 1648 1168 Schacferus,
1668 1120 1780 1172 equi-

1119 1180 1208 1218 dem
1239 1193 1329 1217 cum
1355 1181 1510 1231 reliquis
1541 1177 1630 1216 dedi
1652 1191 1779 1217 κατει-

1118 1236 1299 1290 λημέναι.
1355 1236 1442 1275 Vid.
1462 1237 1531 1285 IX,
1553 1238 1621 1276 31.

1177 1338 1510 1390 Λακεδαιμονίων
1550 1335 1594 1377 δὲ
1623 1337 1702 1376 τῶν
1736 1334 1781 1375 ἐκ

1121 1394 1329 1448 Σπάρτης]
1352 1398 1435 1433 Hoc
1454 1397 1539 1432 loco
1565 1392 1784 1443 diserteipsi

1122 1454 1300 1504 Spartani
1335 1452 1618 1502 distinguuntur
1648 1463 1669 1486 a
1697 1449 1782 1486 reli-

1124 1511 1206 1562 quis
1252 1517 1375 1546 terrae
1418 1509 1608 1546 Laconiae
1646 1507 1783 1543 incolis

1123 1568 1283 1617 Spartae
1311 1565 1482 1613 subditis,
1522 1578 1552 1603 s.
1585 1563 1782 1614 perioecis,

1124 1623 1172 1659 de
1202 1624 1340 1673 quibus
1378 1621 1455 1659 vid.
1490 1627 1586 1657 nott.
1614 1618 1662 1655 ad
1699 1619 1781 1664 VII,

1124 1677 1218 1717 234.
1240 1678 1308 1723 lx,
1334 1679 1398 1715 11.
1455 1677 1690 1712 Eximuntur
1708 1675 1784 1724 igi-

1123 1740 1185 1768 tur
1205 1746 1253 1769 ex
1268 1732 1342 1769 hoc
1358 1733 1634 1782 Spartanorum
1653 1732 1693 1767 in
1710 1743 1785 1781 pu-

1123 1801 1201 1839 gna
1229 1801 1427 1826 caesorum
1459 1800 1621 1824 numero
1640 1785 1786 1824 helotes

1124 1846 1366 1896 eflperioeci,
1397 1846 1462 1897 qni
1491 1846 1531 1881 in
1560 1856 1692 1895 pugna
1717 1856 1786 1880 oc·-

1125 1903 1347 1938 cnbuerant.
1407 1903 1559 1951 „Aegre
1590 1900 1664 1937 fert
1691 1900 1785 1938 Plu-

1126 1958 1275 1996 tarchus
1304 1960 1363 1994 De
1391 1957 1536 1994 Herod.
1565 1957 1725 2007 Malign.
1749 1957 1785 1993 11

1125 2029 1161 2066 p.
1185 2018 1266 2056 872
1287 2015 1329 2052 C.
1359 2014 1476 2064 (sunt
1498 2015 1613 2051 verba
1639 2013 1786 2050 Valcke-

1127 2073 1260 2120 naeriz')
1290 2073 1388 2109 solos
1417 2073 1551 2108 Nostro
1579 2069 1785 2106 memorari

1126 2127 1469 2174 Lacedaemonios,
1520 2127 1708 2176 Tegeates
1746 2131 1784 2162 et

1126 2184 1397 2232 Athenienses3
1446 2195 1611 2235 quorum
1633 2181 1673 2218 hi
1694 2194 1784 2219 cum

1126 2240 1321 2277 Thebanis
1337 2242 1591 2291 pugnaverint
1602 2269 1611 2287 ‚
1627 2240 1682 2275 illi
1694 2251 1784 2276 cum

1126 2299 1312 2346 barbaris,
1344 2305 1457 2348 atque
1478 2297 1529 2333 ita
1546 2303 1685 2333 ceteras
1702 2308 1783 2332 om-

1126 2367 1193 2390 nes
1232 2356 1399 2390 civitates
1428 2353 1501 2390 hoc
1531 2352 1676 2390 honore
1702 2353 1783 2402 pri-

1126 2411 1217 2447 vari.
1274 2409 1384 2447 Idem
1417 2411 1571 2447 miratus
1591 2411 1629 2445 in
1649 2408 1784 2445 Aristi-

1128 2466 1175 2503 de
1202 2468 1315 2515 [19]
1347 2480 1434 2518 pag.
1463 2469 1543 2506 330
1563 2467 1605 2504 F.
1625 2466 1782 2514 opponit

1129 2523 1322 2560 Herodoto
1343 2535 1547 2564 nnmerum
1579 2522 1618 2557 in
1639 2521 1782 2571 proelio

1128 2581 1412 2617 interfectorum
1458 2585 1494 2615 et
1532 2584 1783 2614 monumenta

1128 2638 1300 2688 publica3
1346 2644 1460 2688 atque
1492 2635 1531 2670 in
1561 2634 1782 2670 uuiversum

1129 2693 1306 2731 cecidisse
1322 2693 1430 2730 docet
1450 2692 1612 2727 Graecos
1632 2691 1782 2727 liberta-

1129 2752 1176 2788 tis
1196 2750 1408 2788 defensores
1423 2748 1527 2784 mille
1546 2754 1732 2784 trecentos
1745 2754 1781 2782 et
