1879 3222
236 187 319 231 442
702 188 733 226 1.
762 186 924 224 INDEX
951 187 1141 225 RERUM.

281 294 390 336 missi,
423 293 481 335 VI,
513 293 570 329 85.
619 295 822 330 Imminente
853 297 948 332 hello

280 341 420 375 Persico
449 341 638 386 Aeginetae
669 347 703 376 et
726 343 947 378 Athenienses

278 385 479 421 inimicitias
509 388 658 430 solvunt,
682 389 756 431 vll,
788 388 854 424 145
877 394 947 423 not.

277 432 469 478 Aeginetae
497 434 541 467 ad
582 434 806 476 Salaminem,
854 436 944 478 vm,

276 477 323 512 46
346 481 415 512 not.
439 477 483 512 91
509 482 577 514 not.
611 481 890 523 praestantissimi
911 483 946 515 in

275 535 404 604 33g1¹1¹3t
412 525 670 615 ''Ziaisspfflifss
691 527 943 607 ¹‡‚‘{¹'⁶31¹3¹’2.{.¹¹’

406 596 413 604 .
563 598 571 606 .
617 595 662 606 -..
681 585 701 606 n
742 598 750 605 .
909 585 943 606 e-

273 616 444 650 niensium
466 622 564 659 parte
587 623 686 660 stant,
698 619 788 659 vm,
805 619 850 652 74
874 622 943 653 not.

275 662 408 696 Aureas
437 664 554 697 stellas
588 668 656 698 tres
685 665 829 708 Delphis
852 665 943 698 dedi-

275 711 366 749 cant,
390 708 481 750 vm,
506 709 582 743 122.
605 729 650 735 —--
688 711 877 754 Aeginetae
899 710 944 744 ad

274 754 435 788 Plataeas
467 754 500 787 in
524 756 598 788 acie
622 757 847 797 Graecorum,
881 757 941 798 lx,

274 799 331 834 28.
354 800 452 833 Unde
461 800 501 834 iis
512 801 709 835 divitiarum
722 801 943 845 principium,

273 845 338 887 lx,
353 845 399 879 79
421 850 490 880 not.
514 858 633 880 eorum
649 848 691 880 ad
704 848 865 881 Plataeas
889 848 942 880 in-

273 902 356 924 anes
389 892 515 926 tumuli
547 893 657 926 multo
682 897 758 936 post
791 893 943 938 excitati,

271 936 334 978 lx,
358 935 413 973 85.

226 993 465 1037 Aegineticum
494 994 626 1028 bellum
653 1006 732 1028 cum
755 995 943 1029 Athenien-

272 1039 366 1072 sibus
389 1039 450 1072 toti
475 1041 646 1074 Graeciae
662 1041 763 1074 saluti
781 1042 856 1085 fuit,
868 1042 944 1084 v11,

271 1083 350 1126 144,
374 1085 458 1118 belli
483 1091 629 1129 tempus,
656 1086 808 1129 vll‚144
826 1092 895 1123 not.

224 1141 367 1185 Aegion,
393 1143 476 1176 urbs
499 1143 726 1187 Achaeorum,
749 1145 853 1187 1,145
871 1149 941 1181 not.

224 1199 358 1243 Aegira
395 1196 444 1243 (ἡ
467 1199 656 1246 Αἴγειρα),
680 1203 763 1237 urbs
783 1204 941 1238 Achaeo-

267 1256 358 1286 rum,
381 1245 409 1287 Ι,
437 1244 503 1279 145
519 1253 589 1280 not.

223 1301 427 1346 Aegiroiissa
449 1301 712 1349 (Αἰγιρόεσσα).
734 1305 880 1340 Aeolum
891 1306 941 1341 ci-

269 1348 369 1390 vitas,
395 1349 422 1390 Ι,
448 1348 515 1382 149
538 1354 608 1386 not.

223 1404 331 1449 Aegis
362 1405 540 1440 Minervae
572 1418 615 1440 ex
650 1408 765 1451 Libya
798 1408 942 1444 Graecis

269 1452 444 1494 adoptata,
470 1453 527 1495 lv,
553 1453 632 1487 180.
659 1454 739 1488 189.

222 1496 326 1540 Aegii
351 1509 429 1540 pop.
457 1499 518 1539 111,
541 1498 587 1532 93
614 1504 685 1534 not.

221 1553 333 1632 Aefffi
349 1555 488 1634 ξεξατηί
511 1553 639 1601 (Αἰγὸς
666 1557 939 1603 Ποταμοὶ),ΙΧ,

220 1656 369 1699 Aegroti
392 1657 483 1699 apud
519 1659 688 1700 quosdam
710 1659 811 1692 Indos
835 1660 941 1693 inter-

264 1701 428 1735 ficiuntur
459 1706 493 1735 et
517 1704 749 1745 comeduntur,
797 1705 860 1745 III,
882 1705 937 1739 99.

265 1748 356 1789 apud
388 1748 490 1781 Indos
521 1749 677 1783 Padaeos
698 1761 781 1783 vero
814 1751 939 1785 deserti

263 1792 300 1825 in
324 1793 459 1826 deserto
483 1795 620 1835 cubant,
645 1796 707 1835 ΙΙΙ,
731 1797 810 1829 100.
837 1797 938 1831 Circa

263 1843 424 1883 aegrotos
436 1840 710 1884 Babyloniorum
720 1843 786 1884 lex,
811 1843 838 1883 Ι,
856 1843 935 1877 197.

219 1896 384 1941 Aegyptii
416 1897 571 1929 omnium
605 1898 785 1932 hominum
810 1900 938 1941 primos

263 1954 301 1976 se
321 1941 505 1985 (arbitrati,
541 1943 586 1983 ΙΙ,
619 1944 642 1977 2
673 1949 743 1980 not.
776 1946 938 1991 Phrygas

264 1991 380 2021 tamen
403 1999 475 2022 esse
499 1989 629 2030 priores
653 1992 862 2031 concedunt,
894 1993 938 2025 ib.

263 2038 334 2067 not.
368 2034 444 2067 Vid.
470 2035 638 2079 Phryges.
664 2037 750 2070 Cum
777 2037 859 2080 Cyri
886 2038 937 2071 fa-

263 2079 365 2113 milia
400 2082 640 2124 cognationem
686 2083 752 2116 sibi
793 2084 938 2128 fingunt,

262 2126 324 2164 111,
335 2126 370 2161 2.
395 2127 523 2159 Eorum
540 2127 694 2163 instituta
717 2133 750 2162 et
774 2129 866 2174 iura,
891 2131 935 2164 ab

265 2172 344 2205 aliis
375 2172 510 2215 populis
539 2185 678 2217 prorsus
710 2175 858 2218 diversa,
889 2176 934 2217 11,

262 2216 309 2251 35
333 2222 402 2252 not.
427 2222 461 2252 et
484 2230 574 2262 seqq.
601 2221 646 2259 ab
673 2221 871 2264 Aethiopia,
897 2226 935 2257 ut

261 2264 399 2303 volunt,
429 2270 640 2310 repetuntur,
660 2267 704 2306 ΙΙ,
731 2267 775 2300 29
806 2271 875 2301 not.
901 2272 935 2302 et:

262 2309 340 2343 Vid.
364 2311 556 2355 Aethiopia,
581 2311 626 2354 ΙΙ,
652 2312 720 2346 109
743 2318 812 2348 not.
852 2314 933 2348 Suis

262 2355 417 2389 moribus
445 2361 479 2389 et
515 2356 677 2392 institutis
709 2360 856 2392 contenti
886 2360 931 2401 ΙΙ,

263 2401 320 2436 78.
343 2413 405 2435 nec
426 2402 508 2436 ullis
541 2403 620 2437 aliis
652 2405 701 2438 uti
732 2406 862 2446 volunt,
886 2406 932 2448 ΙΙ,

263 2447 307 2480 91
332 2452 400 2481 not.
426 2448 472 2481 cf.
494 2448 539 2489 ΙΙ,
564 2449 609 2482 43
634 2455 666 2485 et
682 2451 737 2484 49.
784 2452 823 2484 Ιη
854 2463 932 2495 sep-

263 2496 334 2527 tem
345 2494 524 2529 hominum
532 2507 661 2540 genera
677 2497 834 2543 (eastern)
862 2497 931 2532 dis-

1047 297 1178 340 tributi,
1202 297 1247 339 ΙΙ,
1272 296 1339 331 164
1353 299 1424 332 not.
1451 296 1617 341 Aegyptii
1639 308 1716 333 ma-

1047 345 1139 378 xime
1171 345 1299 378 salubri
1336 354 1478 387 corpore
1511 345 1555 376 ob
1587 346 1715 386 aerem,

1046 390 1106 433 qui
1140 394 1190 424 est
1222 389 1458 429 immutabilis,
1480 389 1522 429 ΙΙ,
1547 389 1603 423 77.
1634 401 1717 432 pur·-

1046 440 1131 479 gant
1161 447 1197 469 se
1232 436 1378 481 singulis
1411 435 1594 476 mensibus,
1631 435 1716 470 ibid.

1045 483 1176 514 Eorum
1193 484 1305 525 capita
1328 493 1431 524 quam
1456 482 1567 523 firma,
1592 485 1627 515 et
1643 492 1717 523 cur,

1044 526 1107 568 ΙΙΙ,
1141 527 1184 560 12
1209 532 1277 562 not.
1308 528 1454 561 Minimo
1486 528 1605 560 labore
1632 526 1715 560 fru-

1046 577 1139 605 ctum
1173 584 1192 606 e
1222 577 1313 608 terra
1344 573 1549 617 percipiunt,
1578 573 1624 614 ΙΙ,
1658 571 1716 607 13.

1045 617 1101 653 14.
1127 618 1231 651 Fabia
1243 619 1425 658 abstinent,
1449 619 1495 652 ΙΙ.
1518 618 1563 652 37
1586 621 1657 652 not.
1682 620 1717 651 et

1043 662 1171 697 vitibus
1191 668 1321 705 carent,
1345 665 1389 707 ΙΙ,
1407 664 1453 698 77
1464 669 1533 698 not.
1557 664 1636 698 coll.
1653 663 1715 704 ΙΙΙ,

1043 709 1078 744 6.
1103 720 1222 743 eorum
1247 710 1364 743 vinum
1387 722 1428 744 ex
1451 711 1592 752 hordeo,
1617 708 1717 750 ΙΙ,77

1044 758 1113 789 not.
1147 756 1265 789 oleum
1292 767 1334 788 ex
1357 755 1560 799 sillicyprio,
1590 756 1634 797 ΙΙ,
1658 754 1714 788 91.

1044 813 1124 834 eum
1170 801 1379 835 animalibus
1418 801 1613 835 domesticis
1647 810 1716 834 una

1044 847 1164 881 vivunt
1173 852 1207 881 et
1216 850 1409 887 vescuntur,
1419 846 1463 887 ΙΙ,
1471 846 1517 879 36
1527 851 1595 880 not.
1617 857 1716 880 suem

1044 904 1110 926 non
1134 894 1244 934 alunt,
1266 893 1325 934 lv,
1349 891 1429 926 186.
1461 903 1530 935 quo
1561 895 1715 934 tempore

1045 951 1124 973 sues
1164 939 1345 972 immolent
1389 941 1424 971 et
1464 949 1585 971 earnm
1613 947 1715 974 earne

1044 990 1239 1026 vescantur,
1264 985 1308 1017 11.
1332 983 1389 1017 47.
1413 982 1458 1017 48
1478 987 1547 1016 not.
1571 983 1716 1017 abluunt

1045 1035 1124 1074 post
1148 1036 1342 1065 contactam
1365 1041 1473 1071 suem,
1495 1029 1541 1070 11,
1564 1028 1620 1062 47.
1643 1028 1715 1062 sui-

1043 1078 1107 1110 bus
1130 1081 1270 1110 utuntur
1293 1077 1335 1109 ad
1359 1080 1487 1109 terram
1518 1075 1716 1108 semes-dam

1042 1123 1087 1163 ΙΙ,
1113 1121 1157 1155 14
1180 1128 1248 1156 not.
1274 1122 1421 1155 bovibus
1453 1120 1635 1161 abstinent,
1667 1120 1713 1161 ΙΙ,

1042 1169 1087 1202 18
1111 1173 1177 1205 not.
1214 1169 1364 1212 piscibus
1387 1168 1569 1207 abstinent,
1593 1166 1639 1207 ΙΙ,
1665 1164 1713 1198 37

1042 1219 1113 1248 not.
1137 1234 1182 1238 —
1215 1213 1378 1258 Aegyptii
1407 1213 1599 1246 Thebanae
1631 1221 1714 1254 pro-

1040 1260 1177 1294 vinciae
1199 1261 1242 1294 ab
1264 1260 1386 1294 ovibus
1410 1259 1581 1292 abstinent
1604 1261 1638 1290 et
1655 1267 1713 1290 ca-

1041 1318 1119 1350 pras
1165 1306 1356 1345 immolant,
1396 1305 1440 1344 II,
1473 1304 1530 1337 42.
1579 1314 1641 1336 nec
1663 1302 1714 1336 ita

1041 1351 1239 1386 Mendesiae
1269 1351 1466 1395 provinciae
1488 1350 1571 1383 ibid.
1600 1353 1634 1382 et
1656 1349 1711 1382 46.

1041 1398 1294 1442 Aegyptiorum
1318 1408 1433 1430 mores
1450 1394 1641 1438 depravati,
1665 1394 1711 1435 ΙΙ,

1041 1444 1110 1478 117
1134 1449 1202 1477 not.
1225 1444 1347 1487 pocula
1371 1453 1478 1476 aenea
1501 1442 1546 1482 11,
1570 1440 1616 1474 37
1640 1444 1711 1474 not.

1041 1509 1087 1515 —
1111 1491 1272 1523 mulieres
1296 1489 1411 1522 virilia
1434 1492 1582 1522 tractant
1605 1497 1713 1530 nego-

1042 1536 1104 1577 tia,
1129 1536 1173 1577 ΙΙ,
1206 1535 1252 1569 35
1282 1539 1351 1569 not.
1384 1535 1422 1578 ²¹⁸)
1457 1532 1711 1578 Aegyptiorum

1041 1593 1117 1615 mos
1159 1582 1294 1615 urinam
1326 1580 1485 1614 mittendi
1524 1583 1559 1612 et
1592 1579 1711 1612 alvum

1041 1628 1259 1664 exonerandi,
1287 1625 1383 1666 11‚35
1396 1630 1464 1659 not.
1484 1636 1558 1658 mos
1569 1623 1711 1667 parandi

1038 1684 1163 1715 panem
1188 1672 1287 1712 11,36
1297 1677 1367 1705 not.
1391 1683 1466 1703 mos
1488 1668 1710 1711 computandi

1039 1718 1085 1759 ΙΙ,
1109 1717 1154 1750 36
1182 1721 1250 1751 not.
1289 1716 1470 1756 scribendi,
1501 1716 1546 1754 ΙΙ,
1570 1714 1615 1747 36
1639 1719 1708 1747 not.

1038 1775 1115 1796 mos
1150 1763 1184 1796 in
1220 1762 1398 1798 conviviis,
1431 1762 1475 1802 ΙΙ,
1499 1760 1544 1794 78
1573 1764 1643 1793 not.
1666 1778 1710 1786 —-

1038 1810 1132 1841 color
1156 1809 1254 1846 entis,
1279 1809 1323 1848 ΙΙ,
1348 1807 1414 1840 104
1441 1811 1511 1839 not.
1551 1806 1710 1838 Circum-

1038 1855 1134 1896 cisio,
1170 1855 1212 1890 ΙΙ,
1246 1853 1291 1886 37
1323 1857 1393 1885 not.
1449 1853 1494 1892 ll,
1534 1850 1602 1884 104
1638 1855 1709 1885 not.

1037 1920 1081 1925 —-
1104 1904 1260 1933 texturae
1283 1897 1326 1940 ΙΙ,
1351 1897 1396 1931 35
1414 1897 1551 1940 not.**)
1574 1915 1618 1921 —
1642 1898 1710 1930 Ve-

1040 1950 1109 1980 stes
1133 1946 1177 1985 11,
1202 1945 1247 1978 36
1272 1950 1340 1977 not.
1360 1945 1404 1983 11,
1429 1943 1473 1977 81
1498 1947 1567 1976 not.
1592 1943 1710 1977 Vestes

1040 1993 1256 2026 sacerdotum
1282 1992 1324 2030 ΙΙ,
1350 1990 1395 2022 37
1406 1995 1479 2023 not.
1504 1988 1618 2030 11‚Sl.
1645 1989 1707 2022 Ye-

1038 2043 1105 2072 stes
1124 2037 1259 2070 inluctu
1271 2037 1314 2078 ΙΙ,
1326 2035 1370 2070 85
1384 2039 1513 2069 nott.-
1527 2035 1598 2067 Viri
1610 2034 1708 2069 binas

1037 2088 1148 2117 vestes
1179 2084 1324 2124 habent,
1357 2082 1506 2115 feminae
1542 2081 1707 2125 singulas,

1037 2130 1146 2172 ΙΙ,ἶ36.
1161 2130 1275 2162 Vestes
1285 2140 1401 2161 eorum
1413 2128 1522 2160 lineae
1531 2132 1563 2160 et
1576 2127 1707 2167 laneae,

1036 2177 1081 2219 ΙΙ,
1106 2176 1162 2209 81.
1187 2180 1374 2218 unguenta,
1398 2174 1442 2213 ΙΙ,
1465 2172 1520 2206 9-1».
1555 2173 1652 2205 cibus
1673 2175 1707 2206 et

1032 2226 1145 2266 potus,
1170 2222 1214 2263 ΙΙ,
1240 2220 1295 2254 77.
1322 2220 1377 2254 78.
1402 2220 1449 2252 ef.
1477 2231 1505 2251 c.
1522 2218 1567 2251 92
1584 2223 1616 2251 et
1630 2216 1707 2253 125.

1034 2268 1198 2302 salutatio
1222 2272 1353 2307 mutua,
1382 2266 1425 2306 II,
1442 2265 1498 2297 80.
1523 2264 1704 2306 cantilena,

1034 2315 1079 2353 ΙΙ,
1111 2313 1157 2346 79
1190 2318 1257 2348 not.
1294 2311 1474 2355 praecipui
1507 2314 1704 2350 conventus,

1033 2360 1078 2399 Il,
1101 2358 1158 2392 59.
1183 2378 1226 2384 —
1250 2359 1380 2391 Eorum
1402 2358 1512 2390 luctus
1535 2360 1568 2389 et
1589 2355 1703 2399 sepul-

1034 2410 1123 2446 tura,
1150 2406 1195 2445 Il,
1218 2404 1264 2438 36
1289 2410 1357 2438 not.
1383 2403 1428 2437 85
1452 2408 1521 2436 not.
1547 2402 1602 2436 86.
1628 2411 1703 2434 mos

1031 2452 1159 2494 triplex
1184 2452 1218 2484 in
1243 2449 1439 2484 condiendis
1467 2447 1702 2487 cadaveribus,

1033 2497 1080 2540 ΙΙ,
1103 2497 1148 2534 86
1176 2501 1245 2533 not.
1270 2497 1325 2532 87.
1337 2496 1383 2531 88
1405 2498 1478 2530 not.
1503 2493 1547 2530 ad
1567 2493 1610 2535 ΙΙ,
1624 2491 1700 2526 123.

310 2686 344 2729 *)
377 2687 451 2719 Hoc
487 2696 520 2721 et
545 2690 627 2722 alibi
657 2691 845 2735 antiquitus
876 2692 1003 2725 factum
1020 2702 1094 2724 esse
1113 2693 1306 2723 monstrant
1324 2686 1462 2720 allataa
1483 2685 1606 2718 Brauu.
1647 2684 1699 2717 De

220 2732 335 2768 vestit.
351 2733 504 2765 sacerdd.
533 2735 655 2769 Hebrr.
677 2739 703 2780 Ι,
727 2739 768 2772 18
785 2739 814 2781 §-
836 2739 913 2773 308.

311 2793 354 2836 ”)
377 2793 463 2826 Add.
482 2793 602 2826 Brauu.
624 2794 674 2826 De
694 2795 805 2828 vestit.
823 2795 975 2829 sacerdd.
996 2794 1119 2828 Hebrr.
1138 2797 1166 2835 1,
1190 2792 1232 2827 16
1241 2792 1271 2835 §.
1292 2789 1370 2825 239.
