1879 3222
196 210 281 253 412
739 208 1115 248 COMMENTATIO

197 322 367 360 cessitate
406 333 561 358 omnem
581 320 739 359 liberam
754 320 916 360 hominis
936 324 1171 361 voluntatem
1191 321 1463 374 arbitriumque
1486 322 1568 360 tolli
1589 336 1671 361 cre-

196 378 299 426 dam,
322 375 362 427 ¹³²)
391 378 507 415 modo
527 379 640 415 iustos
660 379 757 415 intra
781 380 960 417 terminos
980 392 1107 416 rerum
1127 387 1261 416 natura
1293 387 1405 431 atque
1425 386 1576 416 aeterna
1602 392 1673 417 ne-

195 436 363 472 cessitate
376 436 528 472 mortali
547 437 684 486 positos
705 436 768 472 ille
786 448 826 473 se
851 438 1063 483 contineat3
1087 449 1180 488 quos
1200 437 1229 473 si
1251 435 1397 473 excedit
1417 435 1591 486 superbiit
1610 437 1674 472 in-

195 491 326 539 ssatus,
372 490 488 529 divini
518 493 683 529 numinis
713 499 894 543 potestate
925 493 1138 542 repellitur,
1174 505 1245 528 nec
1266 493 1381 528 libere
1402 505 1513 542 agere
1528 499 1672 543 potestt,

194 559 286 584 nam
308 546 493 599 quidquid
523 550 621 598 agit,
668 547 706 585 id
740 550 885 586 irritum
925 550 992 585 erit
1028 561 1153 598 neque
1183 547 1393 599 quidquam
1421 550 1557 586 valebit
1580 561 1675 585 con-

193 610 250 641 tra
270 611 421 643 aeterna
441 603 591 642 divinae
609 607 835 643 necessitatis
857 605 1019 642 decreta.
1076 606 1179 640 Haec
1199 611 1326 640 autem
1345 606 1410 641 fati
1429 607 1483 642 vis
1513 619 1555 642 ac
1570 605 1675 642 notio

195 672 312 712 quam
332 661 533 698 coniuncta
552 663 597 699 sit
618 675 706 699 cum
726 669 924 713 poetarum
943 661 1207 711 antiquorum,
1238 660 1438 711 Aeschyli,
1460 661 1673 712 Sophoclis,

194 717 356 753 aliorum
376 719 531 755 notione
552 717 598 755 de
618 719 694 755 fato
716 720 872 769 eiusque
892 718 1122 764 necessitate,
1144 714 1248 752 haud
1265 729 1358 766 opus
1378 718 1545 766 pluribus
1567 731 1677 755 com-

192 781 414 811 monstrare.
471 774 555 814 vid.
586 775 701 811 modo
732 775 906 813 Creuzer.
935 774 974 809 in
995 774 1134 809 Histor.
1154 774 1274 808 Kunst
1295 771 1333 813 d,
1355 772 1508 812 Griech.
1539 788 1577 824 p.
1596 774 1676 815 152

193 837 274 867 not.
330 831 449 867 Unius
469 830 646 880 Aeschyli
666 829 727 866 hic
748 831 986 866 mentionem
1005 829 1143 865 faciam
1164 829 1229 880 qui
1249 830 1287 864 in
1318 830 1520 865 Persarum
1549 831 1676 866 fabula

192 885 296 923 idem
311 886 410 934 fere,
442 887 544 938 quod
574 885 788 922 Herodotus
808 887 878 922 sibi
899 886 1098 922 consilium
1120 886 1354 936 propositum
1375 884 1548 922 habuisse
1568 885 1678 923 vide-

194 949 277 990 tur,
311 956 431 995 quum
461 944 656 992 insigniori
685 941 854 994 quodam
883 943 1061 992 exemplo
1091 949 1387 979 commonstrare
1416 942 1530 979 vellet
1559 941 1677 979 divini

191 999 358 1036 numinis
384 1000 487 1035 illam
515 1000 613 1046 vim,
645 999 722 1051 qu&
752 999 967 1049 superbiam
993 1000 1211 1035 mortalium
1233 1011 1314 1036 sese
1348 997 1586 1035 efferentium
1616 1010 1682 1035 re-·

190 1057 329 1106 primat
355 1068 564 1107 eorumque
585 1069 687 1106 opes,
713 1056 774 1093 vel
802 1057 833 1092 si
853 1057 1047 1092 maximae
1074 1055 1298 1102 videantur,
1330 1055 1545 1105 confringat
1563 1051 1681 1107 atque*

192 1110 412 1152 contundat.
469 1114 575 1148 Bene
603 1113 793 1163 perspexit
811 1113 942 1149 Iacobs
965 1110 1204 1158 (Vermischt.
1232 1110 1387 1149 schrift.
1407 1112 1440 1148 V
1460 1125 1498 1162 p.
1520 1109 1618 1162 586)
1641 1117 1679 1148 et

191 1169 257 1218 qui
278 1169 324 1205 ab
352 1181 397 1205 eo
424 1168 599 1205 laudatur
625 1169 846 1206 Suvernius.
869 1165 942 1216 ᾗῇ)
998 1167 1100 1206 Add.
1133 1169 1337 1206 Bliimner:
1375 1169 1500 1204 Ueber
1529 1166 1565 1206 d.
1588 1166 1679 1204 Idee
1723 1173 1727 1179 '

192 1223 257 1260 des
278 1223 492 1262 Schicksals
512 1226 551 1261 in
569 1224 642 1261 den
666 1224 860 1276 Tragoed.
889 1224 926 1264 d.
953 1224 1130 1277 Aeschyl.
1153 1239 1190 1276 p.
1213 1227 1265 1265 83
1295 1238 1371 1277 seq.
1429 1227 1563 1276 Neque
1586 1235 1683 1262 vero*

189 1279 263 1317 hoc
281 1281 426 1331 satum,
458 1282 570 1333 quale
586 1282 655 1319 sibi
676 1283 919 1319 constituerat
939 1280 1174 1329 Herodotus,
1217 1294 1368 1331 prorsus
1388 1282 1568 1319 convenit
1587 1293 1696 1318 cum-

184 1337 359 1387 fortuna,
391 1351 488 1389 quae
510 1339 625 1388 vulgo
647 1338 793 1386 dicitur,
817 1340 1058 1390 quantumvis
1077 1337 1237 1375 subinde
1253 1340 1445 1389 utriusque
1467 1339 1680 1374 1101100011-

189 1393 299 1430 fundi
319 1401 355 1431 et
367 1395 474 1446 quasi
494 1396 703 1432 coalescere
732 1395 917 1433 videatur.
975 1397 1156 1446 Namque„
1177 1396 1216 1431 in
1237 1394 1391 1445 fortuna
1420 1390 1555 1444 (τύχη)
1583 1395 1679 1430 inest

188 1452 379 1487 temeritas
399 1458 512 1503 atque
531 1453 800 1501 inconstantia3
830 1453 869 1488 in
884 1452 970 1502 fato
988 1453 1186 1489 necessitas
1197 1459 1447 1503 aeternusque
1466 1452 1530 1486 ille
1550 1462 1679 1486 rerum

188 1508 267 1543 sive
285 1521 484 1544 causarum
500 1522 620 1545 nexus
634 1538 643 1556 ,
683 1522 759 1560 quo
791 1508 839 1545 ad
864 1508 1013 1545 divinae
1034 1510 1170 1545 mentis
1192 1509 1238 1545 ab
1257 1509 1365 1544 initio
1395 1506 1488 1544 haec
1519 1505 1567 1543 ad
1593 1519 1680 1544 cer-

188 1570 272 1599 tum
303 1563 477 1601 ordinem
511 1566 770 1602 constituentis
796 1567 875 1602 vim
906 1567 1034 1602 onmia
1063 1566 1101 1601 in
1133 1578 1262 1601 rerum
1281 1571 1415 1601 natura
1439 1570 1681 1602 revocantur-¹

188 1621 327 1656 Fatum
357 1622 472 1670 igitur
500 1628 543 1658 ut
571 1623 833 1658 necessitatem
853 1623 904 1657 ita
934 1628 1105 1657 mentem
1127 1635 1280 1672 quoque
1301 1621 1468 1657 divinam
1491 1619 1679 1670 quodam-

187 1675 305 1712 modo
330 1677 368 1712 in
389 1690 428 1713 se
453 1679 640 1725 continet3
669 1678 844 1714 fortunae
862 1679 966 1713 notio
995 1690 1092 1727 vaga
1112 1684 1225 1728 atque
1249 1679 1466 1712 inconstans
1491 1689 1568 1711 non
1593 1689 1678 1712 cer-

187 1734 233 1769 tis
261 1733 397 1769 finibus
428 1735 655 1781 continetur,
685 1747 757 1770 nec
777 1735 856 1784 ipsa
897 1740 1043 1769 certum
1083 1740 1186 1769 tenet
1215 1732 1375 1769 modum
1411 1731 1676 1783 ordinemque.

186 1790 346 1838 Insignis
374 1788 473 1826 hanc
503 1791 541 1825 in
566 1803 648 1825 rem
671 1791 775 1827 locus
797 1796 917 1825 exstat
937 1791 1004 1836 IX,
1030 1792 1104 1829 91:
1137 1788 1212 1828 εἴτε
1241 1785 1436 1842 κλῃδόνος
1454 1788 1602 1826 εἵνεκεν
1623 1809 1678 1816 -—

187 1845 263 1884 εἴτε
283 1843 367 1884 καὶ
397 1842 519 1883 navo}
553 1846 874 1896 συντυχίην,
903 1847 1034 1883 θεοῦ
1064 1847 1363 1891 ποιεῦντος.
1424 1845 1550 1888 Quum
1574 1844 1678 1879 enim

186 1915 236 1938 ne
266 1901 418 1938 fortuna
446 1900 602 1953 quidem
625 1898 774 1939 divinae
794 1902 931 1938 mentis
961 1914 1112 1952 prorsus
1141 1915 1275 1951 expers
1303 1902 1361 1947 sit,
1392 1899 1501 1948 hinc,
1530 1901 1676 1950 opinor,

188 1957 325 1996 dicitur
345 1958 438 2008 θείη
454 1953 552 2010 τύχη
572 1959 637 2004 IV,
660 1961 698 2007 8,
724 1959 789 1996 ubi
808 1959 856 1995 cf.
876 1964 972 1996 nott.
989 1959 1039 1995 T.
1059 1959 1094 1994 II
1116 1971 1153 2009 p.
1174 1959 1269 1999 288.
1291 1958 1335 2002 V,
1356 1959 1410 1997 92
1431 1959 1468 2003 ξ.
1489 1960 1529 1998 3.
1545 1958 1576 2007 Ι,
1599 1958 1677 1997 126

277 2160 315 2205 *)
340 2161 439 2194 Conf.
463 2159 595 2204 Iaeger.
619 2160 737 2206 Dispp.
761 2160 864 2194 Herr.
887 2172 922 2205 p.
946 2160 1015 2201 40,
1049 2158 1107 2193 ubi
1131 2158 1190 2203 qui
1215 2157 1358 2191 affertur
1381 2156 1473 2190 locus
1497 2156 1575 2198 VII,
1599 2155 1677 2198 157,

186 2218 260 2242 eum
292 2207 357 2240 huc
388 2207 495 2241 minus
522 2206 642 2240 referri
665 2217 765 2251 posse
797 2207 946 2240 credam.
995 2205 1096 2246 Quod
1127 2215 1208 2237 vero
1231 2204 1319 2237 idem
1343 2203 1473 2246 laeger.
1495 2203 1538 2236 εἰ
1566 2203 1678 2235 Hero-

185 2253 265 2286 doto
295 2253 368 2286 tolli
402 2253 523 2286 statuit
545 2253 711 2286 internum
735 2264 844 2285 rerum
869 2263 1051 2286 connexum
1077 2250 1148 2284 sive
1171 2249 1456 2294 pragmatismum,
1480 2259 1577 2293 quem
1615 2259 1677 2300 vc:

186 2303 284 2341 cant,
319 2310 391 2332 cum
417 2299 527 2332 onmia
549 2299 757 2332 extrinsecus
780 2298 937 2342 imposita
960 2297 1163 2330 necessitate
1194 2295 1444 2336 contineantur,
1478 2305 1574 2327 secus
1597 2293 1677 2325 1111111

185 2345 329 2379 videtur.
377 2344 471 2377 Inest
494 2345 612 2389 utique
628 2344 886 2389 pragmatismus
910 2343 944 2376 in
968 2343 1163 2376 Herodoteo
1189 2352 1313 2386 opere,
1349 2341 1407 2373 sed
1434 2339 1587 2373 diversus
1621 2338 1677 2371 ille

186 2401 208 2424 a
231 2390 427 2434 posterioris
451 2390 573 2423 aetatis
596 2390 833 2423 historicorum
857 2389 1008 2430 ratione,
1035 2389 1092 2432 qui
1115 2398 1215 2432 quum
1240 2387 1281 2420 ab
1309 2386 1459 2419 humanis
1483 2385 1589 2418 omnia
1613 2383 1678 2417 du-

187 2442 267 2470 cant
292 2436 438 2469 consiliis
461 2436 570 2481 iisque
595 2435 705 2468 onmia
729 2435 909 2468 metiantur
934 2446 973 2468 ac
998 2433 1202 2474 diiudicent,
1233 2434 1275 2465 ab
1301 2432 1475 2466 Herodoto
1501 2429 1677 2464 discedunt

186 2482 345 2516 divinitus
379 2482 476 2526 quasi
507 2481 618 2515 omnia
652 2481 881 2515 constituente
917 2485 952 2514 et
984 2492 1004 2513 a
1036 2480 1141 2512 divini
1177 2478 1319 2512 numinis
1353 2477 1389 2510 vi
1423 2478 1676 2520 earrepetente,

186 2539 274 2572 quae
296 2527 345 2560 illi
368 2527 514 2561 naturali
538 2540 557 2561 e
581 2539 692 2561 rerum
717 2538 837 2570 cursu,
873 2537 971 2571 quem
995 2526 1105 2570 ipsum
1130 2525 1275 2558 divinum
1300 2523 1428 2558 Noster
1451 2521 1590 2563 habuit,
1620 2532 1676 2554 re-

187 2577 307 2618 petere
336 2579 438 2618 atque
475 2574 644 2620 explicare
676 2574 823 2608 student.
891 2572 990 2606 Conf.
1026 2571 1189 2607 Creuzer.
1220 2571 1284 2604 Die
1303 2570 1394 2604 Hist.
1419 2569 1529 2602 Kunst
1551 2571 1617 2600 etc.
1638 2578 1674 2610 p.

189 2619 254 2654 158
277 2629 349 2662 seq.

280 2686 337 2730 **)
363 2685 609 2728 Comparantur
630 2686 678 2720 ibi
688 2686 845 2730 Aeschyli
867 2696 996 2723 versus,
1007 2685 1063 2730 qui
1072 2685 1222 2731 primarii
1246 2686 1323 2718 sunt
1339 2683 1401 2717 hac
1423 2681 1457 2714 in
1480 2691 1530 2722 re,
1546 2681 1588 2714 91
1600 2690 1674 2723 sqq.

187 2734 266 2769 470.
289 2734 358 2767 720
383 2733 511 2776 sq-742
525 2744 575 2775 sq.
599 2734 673 2766 791.
700 2733 764 2766 805
791 2744 864 2765 011111
888 2731 1054 2766 Herodoti
1080 2732 1161 2765 locis
1184 2731 1260 2771 VH,
1287 2733 1329 2764 10
1352 2730 1384 2770 ἓ.
1409 2727 1441 2761 5.
1467 2726 1602 2780 63511,
1619 2726 1674 2759 46.

188 2780 232 2813 47
257 2783 292 2812 et
315 2777 523 2824 potissimum
548 2778 734 2818 V111‚109‚
758 2779 813 2811 ubi
831 2789 919 2822 quae
942 2777 1188 2811 Themistocles
1210 2775 1389 2820 eloquitur,
1414 2783 1487 2806 culn
1511 2783 1563 2814 ns,
1587 2781 1676 2816 quae

189 2825 374 2870 Aeschylus
398 2823 546 2858 sensisse
568 2823 735 2864 videatur,
759 2825 912 2868 apprime
936 2823 1146 2857 conveniunt.
