1996 3238
484 252 567 292 180
878 248 1341 288 HERODOTI

156 374 290 415 tqnaupt.
327 372 415 402 Athe—
491 357 674 412 νοῖρεος,
703 361 784 400 τοῦ
799 357 1047 413 Ἡγησίλεω,
1067 362 1146 400 τοῦ
1171 356 1515 411 Ἱπποκρατίδεω,
1536 359 1617 399 τοῦ
1636 359 1742 399 Λευ·
1751 362 1797 398 95

157 407 432 510 Ξὲ“ιξιῖ“]ι“ιξῗιῖῗυῖ““[6,
487 428 691 482 τυχίδεω,
720 429 801 470 τοῦ
833 426 1076 480 Ἀναξίλεω,
1107 429 1187 469 τοῦ
1213 423 1489 481 Ἀρχιδήμου,
1518 426 1601 466 τοῦ
1628 421 1742 465 Ἀνα-

429 643 597 693 rodotus,
642 645 709 697 qui
736 656 848 694 supra
880 644 963 691 vn,
1002 640 1085 684 204

427 700 728 753 Eurysthenidas
755 706 1012 744 recensuerat,
1047 697 1085 736 h.

428 760 454 797 l.
475 758 680 806 Proclidas,
699 758 855 794 alteram
865 753 1088 793 Heraclida-

429 828 516 853 rum
535 817 690 866 stirpem
713 820 909 850 enumerat
930 813 1087 862 regiam,

429 885 510 909 non
548 885 698 922 prorsus
726 871 788 907 ille
819 868 974 920 quidem
996 881 1088 904 con-

430 929 594 966 sentiens
631 940 720 964 cum
754 927 917 963 Pausan.
946 925 1014 971 111,
1048 926 1088 972 7,

430 985 574 1021 Proclis
591 983 866 1021 successionem
887 982 994 1018 aliter
1030 979 1091 1017 di-

429 1046 597 1092 gerente.
655 1041 754 1076 Nam
775 1040 841 1090 qui
861 1045 943 1090 post
956 1035 1092 1074 Theo-

429 1109 617 1148 pompum
646 1094 684 1134 h.
708 1097 735 1132 l.
764 1101 1009 1132 recensentur
1028 1107 1091 1130 re-

428 1166 507 1204 ges,
535 1165 668 1190 eorum
698 1153 738 1188 in
763 1165 896 1202 regum
933 1151 1092 1201 Sparta-

428 1222 569 1246 norum
598 1208 724 1245 indice
750 1221 865 1245 nemo
895 1220 1091 1244 memora—

429 1273 503 1314 tur,
532 1267 584 1302 ita
600 1273 733 1302 utnon
755 1265 842 1313 cluo,
874 1271 916 1301 ut
953 1266 1089 1301 Noster

429 1324 545 1374 paulo
567 1329 651 1373 post
676 1323 826 1369 statuit,
866 1319 934 1358 sed
963 1324 1090 1371 septem

427 1380 553 1430 potius
575 1392 623 1415 ex
644 1377 717 1415 hoc
743 1377 1006 1415 Proclidarum
1027 1389 1090 1413 re-

427 1448 522 1486 gum
533 1436 703 1485 catalogo
717 1435 902 1471 eliminari
912 1433 1089 1471 debeant.

429 1493 556 1538 Quare
578 1492 769 1528 Palmerio
787 1492 969 1528 Exercitt.
996 1503 1087 1541 pag.

429 1550 483 1589 39
515 1549 657 1600 placuit
698 1549 930 1585 rescribere:
982 1545 1089 1597 πλήν

427 1606 509 1643 τῶν
549 1601 670 1644 ἕπτοὶ
711 1605 794 1655 (pro
821 1606 926 1655 vulg.
960 1603 1087 1652 δυῶν)

428 1663 510 1699 τῶν
532 1658 626 1711 μετοῖ
651 1661 895 1711 Λευτυχίδεα
919 1656 1088 1711 πρώτων

429 1715 775 1766 καταλεχθέντωνς
798 1716 902 1767 quod
915 1717 1089 1767 quamvis

430 1780 627 1823 receptum
645 1773 691 1808 ab
706 1771 850 1808 editore
871 1773 1090 1822 nuperrimo

427 1830 574 1878 Negris,
606 1827 784 1880 equidem
803 1836 946 1873 tamen,
965 1829 1090 1864 invitis
1107 1849 1116 1855 -‹

429 1884 637 1932 codicibus,
659 1886 826 1935 recipere
855 1898 934 1921 non
957 1885 1089 1932 ausim,

432 1955 552 1993 quum
583 1948 770 1993 quantum
804 1943 842 1977 in
864 1942 1000 1978 talibus
1019 1954 1090 1977 va-

430 1999 518 2034 riari
538 1999 680 2046 soleat,
703 1996 806 2034 hand
833 1999 905 2034 sim
925 1999 1087 2037 nescius.

428 2056 508 2091 Nec
538 2056 664 2091 minus
697 2061 853 2101 constat,
884 2056 923 2090 in
954 2052 1089 2091 huius-

429 2109 582 2147 cemodi
628 2109 815 2147 indicibus
866 2109 969 2147 haud
1002 2123 1087 2147 raro

428 2168 597 2217 singulos
626 2168 725 2204 viros
755 2167 903 2214 omitti,
942 2166 1016 2218 quai
1038 2166 1086 2204 de

428 2236 470 2260 re
489 2223 651 2260 sufficiat
671 2224 883 2272 contulisse,
914 2237 1012 2276 quae
1037 2223 1086 2260 ad

426 2280 613 2330 Evangel.
651 2278 786 2316 Matth.
828 2282 856 2328 Ι,
893 2282 917 2321 8
947 2293 968 2316 a
998 2281 1086 2317 viris

429 2335 551 2374 doctis
589 2336 701 2372 allata
735 2343 834 2374 sunt.
857 2333 902 2385 ᾗ)
951 2338 1084 2388 Neque

428 2393 530 2428 enim
553 2391 655 2443 apud
674 2399 818 2429 veteres
834 2394 870 2428 in
883 2393 1017 2429 talibus
1030 2406 1086 2441 ea,

428 2462 545 2499 quam
565 2461 634 2486 nos
654 2449 899 2500 requirimus,
922 2448 1087 2499 diligen-

428 2507 491 2543 tia.
550 2506 606 2542 Ac
640 2504 804 2557 denique
826 2503 928 2541 hunc
949 2505 997 2542 ad
1023 2506 1084 2542 lo—

429 2574 517 2598 cum
529 2560 632 2615 quod
643 2563 787 2611 attinet,
807 2563 930 2613 potuit
950 2563 1082 2614 utique

1142 655 1191 679 ex
1212 643 1284 680 alio
1304 643 1408 680 fonte
1441 655 1509 681 sua
1535 641 1674 680 ducere
1693 642 1799 678 Pau-

1141 701 1275 746 sanias,
1288 713 1337 736 ex
1345 701 1418 736 alio
1432 698 1657 746 Herodotus,
1670 711 1798 750 quem,

1142 757 1181 791 in
1193 755 1468 806 Spartanorum
1479 757 1572 792 urbe
1589 768 1677 792 cum
1690 767 1800 792 com-

1145 819 1358 849 moraretur
1370 842 1379 859 ,
1421 812 1467 848 ab
1484 814 1570 862 ipsis
1591 811 1798 862 Spartanis,

1145 867 1194 905 ad
1220 882 1313 921 quos
1340 867 1441 904 haud
1471 868 1589 905 semel
1618 874 1800 918 provocat

1146 932 1255 962 testes
1287 925 1351 974 (cf.
1369 926 1494 975 Heyse
1515 925 1541 964 1.
1562 925 1589 961 1.
1609 936 1696 974 pag.
1720 925 1800 963 119

1145 982 1258 1034 seq.),
1288 994 1355 1018 sua
1390 982 1576 1032 accepisse
1606 979 1826 1030 probabile?

1144 1038 1201 1076 fit.
1260 1039 1502 1089 Quamquam
1517 1038 1556 1073 in
1575 1037 1640 1073 illo
1661 1035 1802 1074 catalo-

1145 1108 1195 1145 go
1230 1093 1304 1131 hoc
1330 1096 1446 1131 etiam
1476 1092 1654 1140 offendit,
1697 1089 1802 1144 quod

1146 1150 1301 1189 Charilli
1320 1159 1427 1201 pater
1441 1157 1596 1187 vocatur
1606 1149 1801 1196 Eunomus,

1146 1209 1211 1260 qui
1230 1209 1260 1245 si
1279 1208 1487 1244 Meursium
1508 1207 1801 1257 (Regn.Lacon.

1147 1265 1216 1315 16)
1251 1266 1419 1316 aliosque
1444 1275 1649 1315 sequamur
1668 1268 1804 1298 aucto-

1146 1334 1218 1369 res,
1243 1321 1446 1371 Polydectis
1463 1321 1586 1371 potius
1607 1325 1712 1370 pater
1739 1319 1803 1354 in-

1146 1377 1270 1430 deque
1287 1377 1442 1414 Charilli
1462 1390 1553 1414 avus
1569 1377 1660 1426 fuit3
1689 1376 1740 1412 ita
1759 1380 1802 1411 ut

1144 1433 1432 1472 rescribendum
1473 1432 1669 1470 videatur:
1715 1432 1803 1469 Χα-

1146 1492 1292 1543 ρίλλου,
1321 1493 1395 1531 τοῦ
1427 1488 1706 1535 Πολυδέκτεος,
1730 1488 1805 1526 τοῦ

1146 1543 1354 1599 Εὐνόμου.
1411 1548 1612 1584 Praeterea
1651 1557 1803 1596 prorsus

1144 1606 1321 1641 reticetur
1342 1603 1446 1653 Sous,
1463 1601 1721 1655 Euryphontis
1731 1613 1803 1652 pa·-

1145 1667 1203 1698 ter
1224 1668 1260 1697 et
1280 1662 1423 1697 Proclis
1438 1660 1548 1708 filius,
1569 1657 1706 1696 eodem
1719 1670 1802 1694 mo-

1145 1724 1261 1753 nente
1300 1718 1464 1753 Meursio
1499 1717 1524 1752 l.
1565 1716 1586 1751 l.
1618 1727 1701 1764 cap.
1735 1713 1800 1758 15,

1145 1785 1313 1824 quocum
1352 1772 1452 1809 conf.
1492 1771 1634 1808 indices
1666 1782 1801 1819 regum

1144 1830 1334 1866 Laconiae
1363 1842 1384 1865 a
1400 1827 1589 1865 Lai-chero
1610 1827 1802 1863 confectos

1146 1884 1376 1936 Chronolog.
1393 1883 1573 1921 d’Herod.
1592 1884 1697 1932 (Vll)
1713 1894 1802 1932 pag.

1144 1940 1239 1982 495·
1257 1942 1350 1983 513.
1407 1943 1487 1978 Nec
1517 1947 1645 1977 tamen
1672 1951 1802 1975 acces-

1143 1999 1256 2035 serim
1277 1999 1325 2035 ob
1346 1999 1508 2034 rationes
1529 2003 1616 2033 aute
1636 1996 1802 2047 prolatas

1143 2055 1308 2092 Wessel.
1329 2055 1380 2091 ita
1400 2054 1600 2092 statuenti:
1640 2064 1803 2100 „omnes

1143 2109 1216 2148 hae
1248 2112 1382 2147 turbae
1411 2118 1448 2148 et
1478 2123 1621 2148 errores
1641 2109 1802 2145 iniuriae

1142 2174 1361 2219 temporum
1391 2174 1429 2204 et
1464 2167 1706 2203 librariorum
1729 2163 1801 2201 de-

1142 2225 1280 2261 bentur
1292 2238 1301 2271 3
1323 2222 1514 2274 expeditu,
1530 2222 1725 2259 silentibus
1734 2233 1802 2258 co-

1142 2279 1298 2324 dicibus,
1313 2279 1629 2317 inextricabiles.“
1650 2276 1801 2316 Nihilo-

1144 2338 1271 2373 minus
1283 2337 1416 2386 Negris
1431 2335 1476 2372 de
1503 2349 1571 2372 sno
1591 2342 1676 2386 post
1689 2347 1801 2371 voces

1142 2395 1215 2431 τοῦ
1223 2389 1497 2443 Εὐρυφῶντος
1516 2393 1672 2429 inseruit
1686 2392 1801 2428 verba

1140 2451 1214 2488 τοῦ
1239 2446 1362 2497 Σόου,
1384 2448 1450 2486 sed
1472 2449 1746 2495 uncisinclusa,
1764 2454 1800 2484 et

1138 2512 1223 2556 post
1233 2506 1392 2542 verbum
1407 2504 1728 2556 καταλεχθέντων
1740 2505 1799 2540 iti-

1137 2561 1226 2599 dem
1235 2564 1340 2600 uncis
1359 2563 1504 2600 inclusa
1523 2560 1700 2599 exhibet:
1731 2558 1799 2599 καὶ

521 2749 552 2792 “)
579 2749 690 2791 Confi,
715 2750 800 2784 alios
823 2755 861 2784 ut
881 2756 1022 2793 taceam,
1045 2750 1171 2785 Paulus
1192 2751 1226 2785 in
1253 2751 1496 2786 Commentnrr.
1521 2748 1564 2783 ad
1589 2747 1712 2784 Matth.
1736 2746 1797 2781 l.l.

579 2794 624 2827 T.
649 2794 664 2826 1
691 2807 723 2839 p.
747 2796 827 2833 255.
852 2796 1034 2832 Eichhorn.
1060 2796 1199 2831 Einleit.
1222 2797 1259 2831 in
1282 2797 1316 2833 d.
1343 2798 1402 2834 alt.
1429 2796 1582 2831 Testam.
1606 2795 1639 2828 11
1662 2807 1697 2841 p.
1731 2792 1799 2828 449

582 2838 631 2873 lli
657 2852 691 2886 p.
716 2840 790 2876 310.
