1879 3222
258 397 325 442 90

53 461 178 489 Transit
194 461 330 490 Herodo-

52 498 101 522 tus
135 495 172 522 ad
200 503 329 530 pugnam

51 528 267 562 Mycalensen·,
277 537 327 555 eo-

52 560 116 588 dem
134 570 199 595 :quo
218 562 328 588 Gracci

52 594 90 621 ad
119 595 256 622 Plataeas
280 595 325 622 vi-

51 633 156 654 cerunt
175 628 222 655 die
239 636 292 663 pu-

50 667 181 695 gnatam.
213 662 309 701 Gujae-

52 703 153 721 corum
190 703 294 729 comae

50 729 174 754 navales
194 729 259 755 Deli
278 735 324 754 se-

51 761 121 788 dent
142 762 188 795 [8,
205 763 301 795 1132.],

47 794 77 821 le
101 797 142 821 ati
160 796 325 822 Samiorum

49 835 67 854 a
89 832 160 855 eunt
192 829 293 863 duces,

51 869 173 895 eosque,
198 868 229 888 ut
247 862 324 888 loni-

49 902 97 921 am
123 895 160 921 da
186 895 328 922 defectio-

48 935 114 955 nem
134 934 269 962 paratam
287 929 323 955 li-

48 960 163 998 berent,
173 963 323 992 obtestan-

47 996 110 1030 tur,

385 151 469 192 334

777 148 1232 187 HERODoTl

386 260 530 318 μάτῳ·
561 256 607 301 ἐκ
639 258 880 310 Βυζαντίου
908 258 953 302 δὲ
986 259 1104 315 διέβη
1133 259 1331 303 πλοίοισι.
1387 252 1525 310 Οὗτος
1553 259 1630 315 μὲν

385 326 500 372 οὕτω
526 324 785 381 α’πενόστησε
815 326 856 377 ἐς
885 326 963 381 τὴν
991 325 1145 382 Ἀσίην.

380 615 430 642 το
474 599 518 641 οἱ
546 597 748 651 ’Έλληνες
759 630 768 647 ,

500 397 587 448 Τῆς
628 392 674 436 δὲ
722 392 855 449 αὐτῆς
890 394 1048 449 ἡμέρης
1083 397 1158 451 τῆς
1195 410 1275 447 περ
1305 393 1350 436 ἐν
1388 395 1631 450 Πλαταιῇσι

386 463 435 507 τὸ
463 466 611 517 τρῶμα
641 460 820 515 ἐγένετο,
852 460 1115 515 συνεκύρησε
1132 461 1333 516 γενέσθαι
1362 462 1433 504 καὶ
1462 460 1508 503 ἐν
1530 465 1631 504 Μυ-

356 530 498 587 exemp
527 532 602 585 τῆς
628 527 800 584 Ἰωνίης.
833 526 949 572 Ἐπεὶ
976 528 1056 584 γὰρ
1088 528 1140 584 δὴ
1171 529 1217 571 ἐν
1245 533 1298 585 τῇ
1326 528 1455 584 Δήλῳ
1485 528 1631 571 κατέα-
1645 537 1687 570 10

841 599 883 640 οἱ
911 597 957 640 ἐν
986 600 1082 651 τῇσι
1110 596 1238 650 νηυσὶ
1275 595 1360 650 ἅμα
1390 599 1631 653 Λευτυχίδῃ

381 669 443 724 τῷ
480 666 810 721 Λακεδαιμονίῳ
849 662 1126 717 ἀπικόμενοι,
1166 659 1304 717 ἦλθόν
1343 674 1422 717 σφι
1461 665 1631 718 ἄγγελοι

325 1158 417 1196 170.
449 1152 702 1202 „Persimiles,
720 1151 771 1189 ait
791 1151 861 1189 We
873 1152 977 1190 ssel.

319 1212 461 1248 Persici
473 1211 657 1246 exercitus
674 1211 975 1257 aerumnaean,

323 1267 426 1314 1153
456 1268 597 1318 quales,
620 1266 794 1316 neglecto
816 1279 977 1316 appara-

319 1330 373 1371 tu,
395 1325 501 1360 nulla
525 1330 703 1372 congesta
720 1335 882 1370 annona,
899 1323 977 1358 fre-

320 1381 626 1431 quentissi1nae.“
686 1377 747 1415 Ad
769 1391 849 1430 seq.
897 1376 977 1417 διέ-

321 1437 372 1487 βη
400 1437 504 1472 idem
532 1436 670 1472 excitat
688 1436 717 1480 1,
743 1437 832 1474 186.
862 1436 977 1471 Auct.

318 1493 393 1529 Vit.
413 1494 569 1529 Homer.
594 1493 658 1532 19.
694 1493 905 1529 Burmann.
928 1489 977 1527 ad

321 1549 477 1594 Quintil.
497 1549 606 1589 Decl.
635 1548 699 1595 VI,
721 1549 786 1586 21.

550 1637 640 1686 Cap.
662 1635 746 1672 XC.

377 1711 420 1754 τό
444 1712 608 1766 τρῶμα]
650 1713 707 1749 Cf.
728 1711 775 1759 V,
800 1714 889 1752 121.
910 1712 973 1760 VI,

325 1772 403 1810 132
423 1772 550 1822 ibique
571 1771 647 1806 citt.
686 1770 858 1819 Sequens
880 1780 976 1807 συν-

323 1826 489 1878 εκύρησε
522 1823 709 1874 (αεείάίί)
746 1824 976 1861 infinitivum

321 1889 405 1934 post
448 1896 486 1919 se
518 1882 631 1918 habet
669 1879 805 1917 eodem
845 1880 974 1928 modo,

323 1952 398 1991 quo
427 1946 510 1990 post
540 1936 778 1988 συμφέρειν,
810 1937 975 1987 συμβαί-

316 2009 412 2043 νειν,
436 1997 508 2032 alia
528 1994 566 2031 id
583 2007 714 2044 genus,
744 1991 975 2030 infinitivum

318 2053 411 2102 poni
443 2058 600 2088 constat.
658 2052 786 2100 lpsum
815 2050 975 2086 verbum

319 2112 526 2159 συγκυρεῖν
567 2108 780 2144 invenimus
817 2106 846 2152 Ι,
881 2108 973 2146 119.

317 2165 416 2211 VIII,
448 2167 514 2205 87.
554 2162 744 2213 Mycale
774 2162 904 2198 Ioniae
937 2169 974 2199 et

320 2222 406 2257 urbs
445 2228 481 2257 et
519 2219 822 2270 promontorium
856 2219 973 2255 Samo

321 2276 442 2325 (unde
473 2283 619 2327 septem
650 2274 858 2312 stadiorum
894 2281 975 2311 tra-

321 2334 449 2377 iectus,
461 2340 553 2370 teste
567 2333 725 2384 Scylace
735 2333 857 2377 §.112
870 2345 905 2381 p.
921 2332 974 2371 56

323 2390 442 2427 Iluds.
465 2391 549 2428 coll.
573 2391 610 2434 ξ.
633 2392 684 2429 97
705 2402 742 2439 p.
758 2390 810 2428 37
834 2386 972 2437 Huds.)

324 2447 546 2483 obversum:
587 2445 633 2482 de
662 2458 738 2496 quo
764 2443 839 2482 vid.
856 2446 975 2480 Hero-

322 2500 398 2538 dot.
427 2504 454 2548 Ι,
487 2503 564 2542 148
596 2502 681 2539 coll.
712 2502 774 2545 Vl,
799 2503 860 2540 16.
892 2502 972 2549 vll,

322 2560 388 2598 80.
417 2560 579 2595 Pausan.
600 2559 644 2605 V,
676 2561 701 2598 7
724 2559 759 2603 ᾗ.
786 2558 826 2597 3.
849 2558 929 2605 Vll,
946 2555 972 2596 4

321 2614 357 2658 §.
386 2615 418 2651 1.
451 2615 571 2651 Strab.
602 2616 689 2651 XIV
720 2615 840 2650 initio.
905 2615 973 2650 Est

321 2669 471 2719 Mycale
502 2683 621 2716 mons,
662 2678 701 2707 ut
732 2671 836 2720 ponit
854 2672 967 2707 Man-

317 2732 412 2764 nert.
432 2727 494 2774 vl,
515 2729 539 2767 3
560 2739 597 2776 p.
610 2728 687 2766 291
705 2740 797 2779 seq„
824 2729 879 2765 nil
897 2728 969 2766 nisi

382 732 466 777 α’πὸ
497 732 679 788 Σάμου,
723 731 916 786 Λάμπων
955 746 998 772 τε
1035 729 1310 783 Θρασυκλέος
1347 731 1419 772 καὶ
1452 729 1631 786 Ἀθηνα-

380 801 513 858 γόρης
541 800 885 854 Ἀρχεστρατίδεω
929 796 1002 839 καὶ
1038 795 1372 853 ἹΙγησίστρατος
1395 795 1632 851 Ἀρισταγό-

386 884 491 922 ρεω,
531 866 800 922 πεμφθέντες
827 865 914 908 ὑπὸ
945 866 1126 920 Σαμίων
1155 864 1297 919 λα’θρη
1326 868 1413 906 τῶν
1442 880 1485 907 τε
1518 868 1633 917 Περ-

381 936 490 978 σέων
519 934 591 978 καὶ
619 936 698 976 τοῦ
728 931 950 988 τυράννου
966 933 1265 989 Θεομήστορος
1295 936 1374 975 τοῦ
1402 929 1633 987 Ἀνδροδά-
1645 937 1687 972 15

1033 1151 1266 1190 continuatio
1315 1150 1454 1187 montis
1509 1150 1689 1200 Messogis

1033 1208 1117 1261 (qui
1141 1206 1338 1244 Maeandri
1371 1220 1522 1244 cursum
1549 1220 1569 1243 a
1592 1206 1687 1243 dex-

1032 1273 1089 1302 tra
1107 1265 1293 1316 sequitur)
1326 1277 1347 1300 a
1375 1265 1568 1313 Magnesia
1598 1263 1688 1300 inde

1033 1321 1080 1358 ad
1101 1335 1205 1357 mare
1234 1334 1352 1372 usque
1379 1320 1539 1356 deducta
1571 1321 1689 1355 meri-

1033 1377 1135 1415 diem
1155 1391 1282 1415 versus
1304 1384 1416 1427 atque
1438 1375 1689 1413 occidentem.

1090 1433 1172 1473 ἐπεὶ
1192 1431 1264 1486 γοῖρ
1284 1429 1352 1483 δὴ]
1371 1434 1539 1469 ltanunc
1558 1446 1578 1468 e
1599 1433 1689 1469 Flo-

1031 1491 1180 1527 rentino
1201 1491 1407 1540 repositum
1428 1501 1495 1539 pro
1516 1489 1621 1538 vulg.
1649 1487 1688 1528 ἔ-

1031 1544 1149 1597 πειδή
1173 1544 1259 1598 γάρ,
1282 1546 1384 1597 quod
1404 1546 1525 1582 tenuit
1547 1544 1689 1582 Schae-

1030 1603 1145 1649 serus,
1178 1605 1360 1653 cuiusque
1389 1603 1471 1638 loco
1492 1600 1624 1637 Matth.
1646 1614 1687 1637 e-

1032 1657 1126 1694 didit
1156 1657 1240 1696 έπεὶ
1272 1655 1345 1709 γάρ
1374 1658 1511 1693 omissa
1551 1657 1687 1693 vocula

1032 1710 1096 1763 δή.
1154 1715 1334 1750 Formam
1354 1712 1515 1751 κατέατο
1536 1713 1687 1750 iuveni-

1031 1783 1115 1806 mus
1144 1771 1208 1817 111,
1232 1768 1324 1809 144.
1381 1768 1442 1805 Ad
1471 1770 1544 1804 loci
1572 1782 1687 1819 argu-

1031 1832 1205 1862 mentum
1239 1826 1383 1862 faciunt
1410 1825 1507 1872 Vm,
1544 1827 1685 1864 130—

1035 1885 1190 1922 132-—
1218 1883 1311 1917 Mox
1333 1880 1419 1916 dedi
1440 1879 1688 1932 Θρασυκλέος

1031 1950 1100 1988 pro
1132 1939 1236 1987 vulg.
1259 1939 1530 1988 Θρασυκλῆος,
1560 1944 1602 1973 ut
1617 1939 1686 1984 IX,

1032 1996 1085 2034 98
1132 1992 1415 2044 Θεμιστοκλέος
1453 2000 1489 2030 et
1525 1994 1595 2040 IX,
1633 1996 1686 2034 97

1032 2050 1272 2096 Πασικλέοςτ
1320 2049 1366 2086 de
1406 2062 1481 2100 quo
1522 2048 1600 2086 dixi
1638 2049 1686 2086 ad

1029 2107 1111 2153 VII,
1140 2107 1232 2146 189.
1262 2127 1316 2134 —
1354 2108 1410 2141 De
1438 2105 1686 2153 Hegesistrato

1033 2161 1105 2199 Cr.
1127 2163 1241 2198 etiam
1266 2162 1427 2198 conferri
1458 2163 1539 2198 vult
1565 2163 1686 2213 Wyt-

1031 2217 1208 2255 tenbach.
1240 2217 1288 2254 ad
1316 2216 1509 2255 Plutarch.
1539 2219 1687 2255 Morall.

1030 2274 1311 2314 Animadverss.
1331 2276 1377 2320 ΙΙ,
1398 2277 1414 2313 1
1440 2288 1477 2324 p.
1507 2276 1573 2315 89.

1090 2326 1381 2382 Θεομήστορος]
1411 2330 1496 2367 Vid.
1522 2330 1686 2378 V111‚85

1032 2395 1068 2425 et
1088 2387 1135 2423 ad
1155 2401 1314 2439 sequeus
1329 2386 1569 2437 κατέστησαν
1589 2393 1685 2423 nott.

1030 2444 1077 2481 ad
1100 2445 1178 2491 vll,
1203 2444 1295 2483 105.
1315 2465 1368 2472 —
1426 2445 1519 2480 Mox
1547 2457 1568 2480 e
1597 2455 1682 2479 me-

1030 2502 1183 2538 lioribus
1197 2500 1400 2538 codd.dedi
1414 2499 1562 2549 ἑτοῖμοι
1579 2493 1682 2548 ἦσαν

1029 2557 1072 2597 ἐν
1096 2561 1184 2612 τῇσι
1204 2556 1332 2607 νηυσὶ,
1363 2557 1427 2594 ubi
1454 2556 1589 2605 vulgo,
1620 2555 1681 2589 in-

1027 2628 1134 2652 verso
1174 2613 1327 2651 ordine:
1371 2612 1412 2652 ἐν
1441 2613 1530 2663 τῇσι.
1562 2609 1681 2660 νηυσὶ

1025 2671 1172 2721 ἓτοῖμοι
1214 2665 1338 2722 ἦσαν,
1383 2667 1486 2718 quod
1528 2667 1679 2704 retinuit

1026 2728 1221 2767 Schaefer.
1242 2733 1278 2763 et
1296 2723 1490 2762 Matthiae.
