1879 3222
477 196 1082 236 CALLIOPE.1X.
1325 195 1410 235 283

154 322 230 361 νης
264 309 340 360 τῆς
377 303 650 359 Γαργαφίης,
689 299 760 345 ἐπ’
800 296 825 358 ᾗ
859 301 1275 359 ἐστρατοπεδεύοντο
1301 302 1410 358 τότε,

100 476 228 505 autem
271 468 378 514 loco,
419 465 484 501 ubi
525 463 756 500 Plataeensis

99 537 248 576 pugnae
277 523 407 573 incipit
432 523 615 568 narratio,
651 519 755 557 haud

99 584 266 618 alienum
300 581 371 616 erit
390 591 547 615 monere
580 579 752 625 lectores,

98 637 146 674 ad
167 650 229 688 ea,
264 649 361 688 quae
383 634 430 672 de
449 636 528 686 ipsa
549 648 678 685 pugna
698 635 755 671 lo-

98 696 246 745 cisque,
286 694 325 729 in
366 693 502 744 quibus
538 699 752 742 pugnatum

97 757 171 798 est,
196 748 298 800 apud
320 748 558 785 Herodotum
579 747 751 799 produn-

97 814 178 854 tur,
209 807 278 843 rite
311 804 558 855 intelligenda
585 806 752 841 multum

96 863 219 900 facere
262 861 363 900 docti
402 863 520 912 Angli
567 863 751 910 libellum,

96 933 212 970 quem
233 933 282 956 ex
297 920 459 956 aliorum
478 919 593 967 libris,
614 919 752 966 Krusii,

94 977 291 1013 Letronnii
321 976 508 1024 (Journal.
537 974 572 1012 d.
608 976 753 1013 Savans

99 1036 205 1074 1817
239 1045 327 1083 pag·
348 1035 430 1073 720
453 1032 602 1083 seqq.)‚
641 1033 754 1068 Gailii

95 1088 190 1125 mihi
222 1091 335 1126 unice
358 1091 576 1139 cognitum,
605 1102 684 1126 non
707 1087 755 1125 ad

95 1158 230 1183 manus
251 1146 363 1183 fuisse
383 1144 493 1183 valde
504 1144 629 1182 doleo.
687 1146 755 1181 In-

95 1203 268 1239 scribitur
282 1204 345 1240 ille
354 1203 471 1239 liber:
489 1201 754 1253 Topography

94 1260 316 1296 illustrative
340 1259 384 1296 of
398 1258 462 1295 the
483 1260 599 1296 battle
614 1259 754 1296 ofPla-

94 1322 180 1352 taea
230 1323 303 1353 etc.
354 1317 407 1367 by
442 1315 542 1352 Iohn
582 1317 754 1366 Spencer

96 1370 307 1424 Stanhope.
354 1372 518 1409 London
555 1373 675 1412 1817.
708 1375 756 1420 83

96 1427 232 1466 additis
260 1430 374 1466 simul
415 1430 562 1479 mappis
593 1441 758 1479 geogra-

96 1484 216 1535 phicis
241 1487 355 1522 totius
390 1486 554 1536 regionis
586 1485 754 1522 delinea-

96 1543 218 1579 tiones
252 1541 540 1579 exhibentibus:
576 1541 624 1578 ad
663 1555 756 1593 quas

98 1597 219 1636 editor
252 1599 367 1650 oper&
389 1599 573 1636 Allasonii
604 1600 756 1650 potissi-

95 1668 206 1691 mum
226 1669 313 1693 usus
348 1669 427 1693 esse
460 1657 591 1692 fertur.
650 1656 756 1701 Quae

77 1712 150 1748 ·ibi
181 1711 383 1749 exhibetur
409 1711 640 1749 Plataeensis
669 1713 755 1763 pla-

97 1770 202 1805 nitiei
235 1768 496 1818 adumbratio,
528 1781 614 1805 eam
643 1782 755 1820 repe-

97 1827 155 1862 tiit
173 1828 311 1876 Kruse,
333 1826 458 1875 (cuius
477 1825 554 1863 vid.
574 1825 680 1863 Atlas
696 1839 755 1863 nr.

94 1882 146 1918 VI
167 1883 253 1919 coll.
274 1884 371 1920 Hell.
391 1884 428 1919 11
443 1911 454 1930 ,
491 1886 528 1922 1.
548 1894 636 1932 pag.
660 1883 755 1923 591.

96 1936 197 1987 492)
224 1940 365 1990 quippe
394 1939 579 1990 optimam
607 1952 675 1975 suo
695 1940 757 1975 iu-

97 1992 217 2042 dicio,
275 1996 317 2031 in
355 2008 452 2047 qua,
504 2008 756 2047 quaecunque

97 2049 313 2088 Herodotus
333 2058 501 2098 enarret,
529 2052 627 2087 bene
646 2053 757 2088 inve-

97 2108 170 2143 niri
195 2109 351 2158 possint.
391 2106 567 2144 Eandem
588 2120 755 2160 quoque,

97 2165 226 2215 paucis
247 2164 474 2216 quibusdam
493 2165 664 2212 mutatis,
687 2179 757 2201 ex·-

97 2219 221 2258 hibuit
254 2222 380 2269 Gail.,
411 2222 516 2257 cuius
551 2220 629 2258 vid.
650 2222 756 2259 Atlas

97 2277 251 2328 planch.
283 2281 336 2320 26
369 2279 455 2315 coll.
490 2278 656 2329 Analyse
690 2277 755 2316 des

99 2335 227 2372 Cartes
260 2347 347 2386 pag.
370 2337 438 2375 27.
484 2336 540 2371 Le
569 2333 755 2386 philolog4

98 2392 149 2428 IV
169 2404 257 2442 pag.
278 2394 359 2432 279
380 2404 485 2443 seqq.
506 2392 539 2428 V
566 2404 653 2442 pag.
678 2394 756 2432 190

97 2461 176 2500 seq.
203 2447 280 2488 195
303 2461 408 2500 seqq.
440 2450 519 2488 226
539 2461 644 2499 seqq.
674 2450 755 2488 273

97 2517 204 2557 seqq.
268 2505 343 2541 Ubi
374 2517 470 2556 quae
505 2503 554 2541 ad
581 2503 759 2541 Herodo-

99 2569 182 2599 tum
211 2560 479 2598 illustrandum
507 2561 685 2611 protulit,
714 2574 758 2598 ea

101 2619 173 2655 suis
194 2631 371 2671 quaeque
399 2619 489 2655 locis
520 2630 759 2655 commemo-

102 2675 297 2712 rabuntur.
369 2675 475 2720 Quae
528 2687 618 2712 vero
671 2683 758 2712 ante

104 2728 301 2769 doctorum
348 2733 502 2769 illorum
545 2731 759 2781 Anglorum

105 2798 259 2838 operam
280 2789 496 2826 ferebantur
524 2789 650 2840 campi
669 2789 760 2828 Pla-

810 463 970 500 taeensis
1031 462 1303 502 delineationes
1328 494 1338 513 ,
1404 477 1467 502 eas

811 532 944 558 omnes
978 520 1060 571 plus
1091 521 1219 558 minus
1248 522 1358 559 falsas
1389 535 1469 559 esse

810 577 981 613 observat
1012 578 1133 614 Kruse
1161 578 1187 615 l.
1209 579 1233 614 l.
1264 591 1352 628 pag.
1373 577 1470 618 492.

807 632 852 670 ld
868 631 972 684 quod
998 634 1170 684 inprimis
1200 633 1299 670 cadit
1318 636 1358 670 in
1383 647 1469 672 eam

807 688 919 727 huius
950 691 1113 739 regionis
1148 691 1350 742 campique
1378 692 1469 728 Pla-

809 747 966 783 taeensis
999 745 1314 793 delineationem,
1352 760 1469 798 quam

809 804 1074 841 celeberrimus
1102 802 1395 854 Barthelemyus
1424 805 1466 840 in

807 873 922 911 opere
956 861 1042 897 satis
1062 860 1240 910 vulgato,
1280 858 1384 912 quod
1404 860 1467 896 in-

807 918 982 955 scribitur
1002 915 1249 965 Anacharsis,
1282 915 1469 965 exhibuit,

808 980 901 1011 teste
930 975 1065 1010 Krusio
1107 981 1144 1011 et
1164 972 1322 1022 Clarke,
1362 975 1471 1011 cuius

809 1030 888 1068 vid.
916 1031 1075 1067 Travels
1103 1031 1165 1078 ΙΙ,
1200 1032 1239 1070 3.
1270 1029 1381 1082 chap.
1417 1031 1471 1068 111

809 1100 898 1138 pag.
920 1088 972 1127 78
994 1100 1074 1139 seq.
1133 1087 1206 1133 Qui
1227 1086 1334 1124 idem
1356 1100 1472 1125 accu-

810 1151 889 1180 rate
911 1144 1017 1180 illam
1048 1144 1246 1193 regionem
1283 1158 1472 1192 emensus,

811 1199 913 1251 apud
932 1200 1129 1251 indigenas
1161 1199 1287 1238 adhuc
1317 1214 1473 1252 pugnae

810 1258 1079 1294 celeberrimae
1095 1258 1238 1294 famam
1259 1259 1473 1296 conservari

810 1315 958 1361 asserit,
990 1328 1039 1350 ex
1060 1314 1135 1366 quai
1155 1317 1270 1351 etiam
1291 1328 1473 1365 campum

813 1369 1007 1422 quendam
1024 1401 1034 1420 ‚
1054 1372 1094 1407 in
1116 1384 1191 1422 quo
1213 1372 1305 1408 olim
1324 1384 1474 1421 pugna—

813 1434 897 1464 tum
935 1427 1077 1476 fuerit,
1121 1427 1290 1465 indicare
1326 1429 1474 1465 soleant

812 1491 1013 1521 extensum
1044 1485 1091 1521 ab
1119 1497 1164 1521 eo
1195 1485 1314 1535 Asopi
1342 1492 1472 1535 ponte.

812 1542 878 1592 qui
892 1554 995 1578 nunc
1006 1542 1159 1578 Moreae
1169 1549 1340 1590 vocetur,
1352 1555 1473 1593 quum

812 1596 958 1634 Thebis
985 1599 1026 1634 in
1054 1598 1365 1648 Peloponnesum
1395 1600 1475 1637 sive

808 1655 981 1690 Moream
1013 1653 1338 1705 proficiscentibus
1357 1668 1474 1705 supe·-

810 1709 952 1748 randus
986 1711 1060 1758 sit,
1099 1724 1222 1762 usque
1243 1710 1293 1749 ad
1320 1724 1471 1749 sacrum

811 1780 929 1819 quem
948 1767 1141 1818 appellant
1169 1768 1317 1806 fontem
1336 1766 1476 1805 hodie-

811 1837 888 1875 que
937 1826 1190 1875 superstitem.
1250 1826 1372 1862 Distat
1409 1825 1474 1863 ille

810 1881 917 1919 locus
957 1894 1080 1918 unum
1121 1882 1282 1918 milliare
1327 1894 1349 1917 a
1387 1881 1473 1919 vico

810 1939 972 1975 Platana
992 1939 1290 1989 septentrionem
1302 1944 1338 1974 et
1348 1938 1474 1976 orien-

811 2001 891 2032 tem
923 1995 1039 2031 simul
1067 2008 1215 2042 versus;
1258 1996 1376 2046 inque
1426 2007 1472 2032 eo

811 2051 933 2087 multa
946 2051 1036 2087 ferri
1046 2052 1242 2101 plumbive
1259 2051 1476 2101 fragmenta

811 2106 937 2143 adhuc
967 2108 1213 2144 inveniuntur
1248 2108 1294 2143 ab
1326 2108 1474 2155 incolis,

813 2164 878 2215 qui
906 2176 955 2200 ex
977 2175 1021 2200 eo
1041 2164 1122 2213 ipso
1155 2164 1270 2201 simul
1290 2170 1404 2216 atque
1425 2176 1474 2201 ex

811 2221 952 2270 insigni
1000 2218 1114 2257 huius
1160 2221 1235 2258 loci
1283 2220 1473 2258 fertilitate

810 2290 921 2314 suam
965 2278 1186 2328 opinionem
1223 2278 1321 2314 tueri
1356 2290 1474 2330 quam

811 2334 980 2370 maxime
1022 2333 1188 2372 student.
1255 2335 1334 2371 Nec
1382 2347 1473 2372 sane

812 2390 1026 2442 quidquam
1075 2405 1154 2428 esse
1213 2392 1293 2441 ipse
1330 2390 1474 2429 iudicat

815 2447 966 2495 Clarke,
988 2461 1036 2484 ex
1059 2461 1135 2499 quo
1158 2449 1203 2485 ab
1224 2449 1357 2485 incolis
1377 2448 1472 2486 falso

813 2506 927 2542 statui
956 2511 1147 2555 appareat.
1208 2503 1296 2545 vid.
1331 2505 1398 2542 Ll.
1432 2518 1472 2555 p.

816 2561 871 2603 84
891 2575 970 2613 seq.
1000 2563 1102 2611 Ipsas
1123 2561 1225 2597 urbis
1242 2562 1378 2599 veteris
1396 2561 1474 2598 rui-

815 2631 883 2655 nas
903 2617 1006 2654 idem
1027 2619 1153 2654 scribit
1176 2619 1278 2668 (pag.
1300 2620 1352 2660 86
1373 2617 1474 2670 seq.)

815 2688 855 2712 se
894 2675 1080 2711 invenisse
1110 2675 1150 2711 in
1190 2676 1275 2713 loco
1305 2673 1476 2727 quodam

817 2729 1053 2768 Cithaeronis
1074 2733 1263 2782 proiecto,
1291 2733 1353 2768 cui
1372 2744 1476 2768 nunc

815 2801 959 2826 nomen
976 2787 1111 2827 Palaeo
1120 2810 1141 2818 -
1154 2788 1291 2838 Castro,
1312 2795 1476 2826 remotas
