1879 3222
574 173 1040 211 CALLIOPE.

1096 175 1113 210 1
1123 174 1174 211 X.
1392 172 1475 213 297

214 282 349 339 ἐπεῖχέ
379 299 422 326 τε
449 282 516 325 ἐπὶ
544 280 919 335 Λακεδαιμονίους
949 297 992 324 τε
1020 283 1094 325 καὶ
1127 281 1336 338 Τεγεήτας
1371 280 1530 336 μού-35

213 367 340 401 νους·

393 348 648 404 Ἀθηναίους
683 346 768 403 γάρ
809 349 1110 403 τραπομένους
1151 350 1193 401 ἐς
1232 350 1282 393 τό
1321 350 1473 393 πεδίον

183 418 302 462 Ξὺπὸ
330 421 416 460 τῶν
454 417 599 472 ὄχθων
644 415 698 459 οὐ
738 415 924 470 κατώρα.

987 416 1158 470 Πέρσας
1193 417 1239 460 δὲ
1279 417 1475 473 ὁρέοντες

214 485 492 542 ωρμημένους
530 483 703 528 διώκειν
742 501 846 536 τους
871 484 1083 540 Έλληνας
1121 487 1163 528 οῖ
1202 487 1348 529 λοιποὶ
1386 490 1474 529 τῶν

211 556 491 611 βαρβαρικῶν
527 553 684 596 τελέων
726 552 947 609 ἄρχοντες,
987 550 1142 595 αὐτίκα
1179 567 1335 603 παντες
1363 550 1531 609 ηραν40

210 621 263 664 τὰ
292 620 475 676 σημηϊα,
517 621 590 664 καὶ
629 621 810 664 ἐδίωκον
847 637 906 671 ως
949 622 1099 664 ποδων
1137 619 1316 670 ἕκαστος
1346 618 1473 676 εἶχον,

182 687 312 732 3οὔτε
350 689 499 746 κόσμῳ
549 688 693 731 οὐδενὶ
732 688 1045 745 κοσμηθέντες,
1093 687 1194 731 οὔτε
1234 686 1341 739 ταξι.

1400 704 1475 730 και

211 751 335 800 οὗτοι
369 758 444 813 μὲν
476 759 561 812 βοῇ
589 773 633 800 τε
651 758 723 800 καὶ
755 757 888 813 ὁμίλῳ
917 754 1118 812 έπήϊσαν,
1150 754 1209 808 ὠς
1228 753 1475 812 ἀναρπασό-

208 841 333 880 μενοι
361 824 464 876 τοῦς
479 824 705 882 Ἕλληνας.

153 1026 219 1062 GP·
242 1027 278 1071 ξ·
300 1030 379 1069 603
401 1043 487 1081 pag.
516 1033 623 1072 1210
642 1037 737 1068 nott.
764 1029 813 1067 ad

151 1082 293 1121 Herod..
330 1085 417 1136 Vll,
456 1090 553 1127 211.
616 1089 719 1133 Quae
750 1101 813 1124 se—

153 1147 343 1190 quuntur:
375 1142 502 1195 ἐπεῖχέ
522 1159 561 1183 τε
591 1143 657 1184 ἐπὶ
678 1148 812 1184 Λακε-

152 1196 386 1246 δαιμονίους
443 1216 479 1240 κ.
538 1216 569 1240 τ.
628 1204 661 1240 λ.
722 1214 810 1238 cum

151 1251 515 1304 Schweighaeusero
544 1259 596 1294 sic
626 1257 808 1294 reddam:

149 1309 317 1347 adversus
352 1313 647 1352 Lacedaemonios
676 1319 708 1352 et
739 1314 811 1351 Te-

149 1370 278 1416 geatas
295 1369 383 1407 solos
403 1385 437 1408 se
459 1372 590 1408 direxit
605 1385 634 1408 s.
654 1373 810 1408 animum

150 1424 326 1470 attendi&
354 1440 502 1478 namque
522 1428 744 1465 Athenienses
772 1430 810 1465 in

143 1479 328 1529 planitiem
371 1497 547 1522 conversos
587 1498 673 1534 prae
711 1485 811 1521 clivis

148 1535 198 1585 (s.
231 1539 463 1578 obstantibus
492 1540 611 1592 clivis)
639 1555 705 1578 ηοη
725 1554 808 1578 con-

147 1599 321 1643 spexerat.
353 1619 408 1626 -—
468 1600 527 1635 De
556 1611 652 1636 voce
685 1595 809 1649 ὄχθος

147 1650 197 1688 cf.
218 1649 274 1689 IX
288 1682 297 1700 ,
329 1654 394 1695 25.

203 1727 381 1781 διώκειν]
412 1735 469 1770 De
498 1733 675 1772 infinitivi
694 1732 808 1771 huius

147 1800 218 1823 usu
234 1790 311 1838 agit
331 1789 464 1828 Matth.
485 1792 550 1828 Gr.
574 1792 641 1829 Gr.
669 1792 707 1836 §-
730 1791 811 1831 532

148 1844 606 1903 pag-1O4O‚qu11dem
643 1847 692 1884 ad
722 1860 810 1883 ver-

148 1900 242 1935 bum
269 1904 372 1951 εἰχον
403 1904 442 1939 in
480 1905 617 1954 plurali
645 1905 812 1954 positum

149 1968 335 2006 numero,
365 1960 432 1995 ubi
461 1960 649 1997 antecedit
676 1962 811 2010 siugu-

148 2013 235 2049 laris
253 2027 434 2052 numerus
453 2015 627 2063 ἕκαστος,
647 2017 811 2053 conferri

150 2069 264 2106 debet
296 2084 384 2121 pag.
405 2075 501 2112 602.
555 2074 810 2109 Locutionem

149 2124 202 2172 ὥς
235 2128 372 2165 ποδῶν
408 2125 513 2178 εἶχον
543 2131 648 2179 attigi
675 2128 723 2166 ad
742 2130 808 2176 III,

151 2185 215 2223 16.
267 2183 330 2220 Ad
350 2198 454 2236 seqq.
478 2182 568 2224 οὔτε
589 2183 719 2240 κόσμῳ
739 2180 809 2223 ου’-

149 2241 235 2278 &aasz
266 2240 536 2292 κοσμηθέντες
566 2242 667 2283 conf.
708 2243 808 2291 Vm,

204 2376 283 2429 βοῇ
310 2392 351 2416 τε
368 2375 434 2416 καὶ
461 2375 600 2428 ὁμίλῳ]
632 2379 657 2415 ἰ.
679 2392 712 2415 e.
736 2390 813 2416 cum

147 2433 294 2470 clamore
310 2447 351 2470 ac
364 2435 529 2471 tumultu.
547 2437 604 2471 De
616 2435 731 2472 dativi
743 2449 812 2472 usu

146 2489 234 2526 vide
260 2491 306 2527 sis
328 2489 462 2532 Matth,
482 2493 547 2531 Gr.
573 2494 638 2531 Gr.
666 2493 700 2537 ξ.
716 2491 812 2537 400,

151 2548 169 2585 1
210 2551 392 2597 pag.751
424 2549 509 2584 coll.
542 2549 579 2594 ξ.
615 2547 696 2589 405
727 2556 807 2588 not.

149 2604 175 2641 2
204 2617 290 2654 pag.
317 2604 412 2645 741.
474 2604 536 2641 Ad
575 2606 808 2642 locutionem

149 2657 310 2708 faciunt,
365 2674 464 2713 quae
499 2661 548 2698 ad
580 2662 671 2710 VII,
712 2664 809 2703 211·

151 2715 225 2764 ΠΙ,
264 2718 318 2756 79
344 2720 451 2755 attuli
484 2720 633 2756 similia.
681 2719 809 2770 Atque

152 2772 367 2817 Homerico,
380 2788 486 2813 more
502 2776 715 2814 inconditum
732 2776 808 2815 cla-

868 1043 993 1068 morem
1028 1034 1061 1067 et
1094 1031 1232 1068 turbam
1269 1028 1332 1067 hic
1369 1027 1529 1066 indicari

870 1089 1085 1126 observarat
1115 1087 1392 1136 Wesselingius
1419 1098 1529 1122 com-

869 1158 1004 1195 parans
1029 1146 1073 1181 ll.
1092 1146 1159 1189 XL
1185 1143 1276 1184 460.
1302 1141 1530 1179 Plutarchus

868 1203 908 1238 iu
926 1201 1080 1241 Aristid.
1107 1204 1157 1241 17
1189 1213 1276 1251 pag.
1295 1202 1374 1240 329
1400 1201 1447 1239 Α.
1477 1199 1530 1235 sic

868 1257 972 1295 dedit
1002 1257 1216 1294 Herodotea
1249 1257 1381 1308 procul
1413 1256 1529 1293 dubio

867 1317 1116 1365 exprimens.
1182 1312 1391 1365 ἐπεφέρετο
1448 1316 1531 1358 τοῖς

866 1371 1205 1422 Λακεδαιμονίοις
1270 1371 1349 1424 βοῆ
1400 1371 1530 1423 πολλῆ

865 1427 933 1467 καὶ
971 1423 1135 1495 πατάγῳ
1172 1441 1251 1465 των
1295 1409 1526 1477 βαρβάρων,

866 1500 920 1531 ως
951 1480 997 1523 οὕ
1026 1499 1152 1535 μαχης
1188 1482 1396 1533 ἐσομένης,
1428 1478 1527 1521 α’λλα

866 1537 968 1594 φεύγ
974 1557 1088 1586 οντας
1182 1535 1528 1590 οἷναρπασομένων

863 1595 957 1644 τοὺς
989 1594 1200 1647 Ἕλληνας.
1258 1598 1392 1647 Itaque
1422 1594 1527 1632 haud

862 1667 1017 1691 necesse
1041 1652 1164 1707 ὁμίλῳ
1190 1653 1360 1702 accipere
1382 1665 1450 1702 pro
1480 1649 1527 1691 ό-

864 1708 1053 1762 μιλαόὀν,
1106 1716 1170 1745 aut
1207 1715 1446 1745 commutare
1489 1708 1530 1744 in

865 1765 1023 1819 κόμπῳ.
1066 1767 1352 1803 Proverbialem
1381 1766 1451 1802 sibi
1470 1766 1530 1801 vi-

868 1823 949 1861 deri
977 1825 1213 1861 locutionem
1242 1823 1407 1859 scribens
1427 1823 1531 1858 Mat-

866 1880 970 1918 thiae
992 1881 1144 1931 proprie
1163 1880 1290 1917 valere
1310 1877 1527 1916 contendit:

867 1951 944 1975 cum
970 1938 1125 1974 omnibus
1150 1938 1257 1987 copiis
1275 1938 1313 1973 in
1332 1948 1437 1972 unum
1453 1935 1527 1972 col-

865 1995 987 2041 lectis,
1044 2006 1269 2044 comparans
1297 1993 1378 2040 111,
1432 1994 1527 2033 127.

866 2049 981 2087 Haud
1001 2063 1091 2086 sane
1112 2049 1291 2101 equidem
1310 2049 1497 2098 intelligo.

924 2149 976 2197 ὥς
1002 2146 1323 2204 ἀναρπασόμενοι
1339 2145 1527 2197 τοῦς”Ελ-

866 2206 1005 2259 ληνας]
1036 2209 1062 2245 i.
1085 2222 1118 2244 e.
1141 2211 1310 2257 tanquam
1328 2209 1442 2258 primo
1459 2209 1528 2244 im-

861 2269 947 2317 petu
972 2266 1021 2310 (i.
1044 2278 1077 2302 e.
1098 2265 1226 2314 facile)
1249 2266 1402 2302 Graecos
1423 2265 1527 2301 abre-

862 2323 965 2373 pturi
987 2335 1014 2359 s.
1038 2323 1244 2372 oppressuri.
1285 2323 1391 2358 Bene
1422 2320 1528 2357 Val-

869 2379 1102 2416 clcenaer.:
1142 2379 1294 2428 „Supra
1324 2379 1431 2425 VIII,
1472 2379 1525 2417 28

869 2435 1045 2473 Thessali
1067 2434 1244 2472 dicuntur
1270 2433 1323 2480 ὥς
1349 2431 1529 2486 ἀναρπα-

870 2488 1033 2543 σόμενοι
1060 2489 1154 2538 τούς
1190 2490 1375 2538 Φωκέας,
1411 2487 1529 2542 φερό-

870 2564 984 2600 μενοι
1005 2547 1191 2588 ἐσέπεσον
1213 2547 1252 2594 ἐς
1275 2546 1370 2594 τούς
1393 2543 1527 2598 ἄμφο-

866 2605 972 2658 ρέας.
1033 2606 1129 2641 U1bs
1149 2617 1227 2641 uno
1260 2606 1362 2642 velut
1380 2606 1526 2655 impetu

866 2669 976 2713 capta
996 2662 1214 2714 frequenter
1235 2660 1371 2700 dicitur
1400 2657 1525 2711 α’ναρ-

865 2722 1087 2771 πασθῆναι.
1093 2719 1117 2739 “
1175 2719 1241 2756 Tu
1270 2719 1371 2760 conf.
1395 2719 1447 2757 ibi
1468 2719 1526 2755 al-

865 2777 955 2813 lata.
