1879 3222
389 228 458 265 DE
489 224 613 263 VITA
644 225 716 261 ET
746 224 980 263 SCRIPTIS
1007 224 1287 262 HERODOTI.
1495 222 1580 263 409

98 354 193 391 opus
230 339 434 387 translatis,
475 335 580 388 quod
608 337 782 387 proxime
803 335 1035 375 adscendens
1064 336 1112 374 ad
1149 336 1338 385 carmina,
1376 347 1473 388 quae
1499 335 1581 371 sola

99 399 192 435 olim
219 397 332 434 literis
360 394 700 444 consignabantur,
735 393 797 431 vel
813 395 854 430 in
873 395 995 430 soluta
1025 396 1195 431 oratione
1220 392 1323 430 haud
1340 405 1460 443 pauca
1475 391 1581 441 ligati

98 454 280 490 sermonis
294 451 447 500 vestigia
475 452 636 486 retinere
654 449 802 495 debuit,
832 457 873 487 ut
903 451 1017 487 etiarn
1044 447 1335 501 ὅμηρικώτατον
1366 462 1444 486 esse
1472 449 1582 484 illum

98 511 332 548 inveniamus
360 508 401 543 in
425 508 531 543 omni
562 508 683 558 operis
717 507 846 544 indole
880 514 992 558 atque
1019 508 1322 543 conformatione
1351 505 1400 542 ad
1430 506 1582 556 epicum

100 579 252 604 carmen
270 564 441 614 proxime
461 563 679 601 accedente.
694 560 738 613 a)
796 565 856 600 Ex
874 565 1042 600 Homero
1064 560 1132 612 Ἠ)
1162 575 1315 614 quoque
1332 562 1486 599 ductam
1503 575 1583 598 esse

99 635 184 659 eam
207 622 423 668 notionem,
455 634 572 671 quam
593 634 662 671 per
682 619 865 657 Herodoti.
884 621 997 657 libros
1014 632 1174 669 regnare
1191 619 1306 655 modo
1325 618 1503 666 diximus,
1539 619 1582 655 (le

99 679 219 717 divina
249 681 358 714 mente
385 683 497 728 atque
518 678 658 715 invidia
689 678 767 715 sive
792 677 964 725 vindicta,
994 676 1107 713 tradit
1120 675 1362 712 Eustathius:
1402 676 1583 726 quinum

97 741 197 772 recte
213 740 348 771 statuat
373 747 517 782 necne,
552 733 727 785 deinceps
742 735 992 785 intelligetur3
1016 729 1113 782 Μᾷ)
1157 744 1226 769 nos
1248 733 1289 768 iu
1316 738 1493 767 naturam
1512 744 1585 781 po-

96 793 168 829 tius
184 797 297 842 atque
316 791 395 829 vim
412 789 522 827 huius
540 790 689 828 divinae
717 792 854 828 mentis
874 791 1001 827 omnia
1016 788 1247 826 moderantis
1268 795 1304 825 et
1330 789 1494 838 regentis
1520 789 1584 823 in-

96 848 312 899 quiramus,
362 860 437 899 quo
471 849 585 885 simul
609 847 817 885 Herodotei
839 849 961 899 operis
989 848 1083 883 ratio
1110 846 1248 882 melius
1279 845 1391 881 nobis
1415 850 1585 895 patescat

93 905 286 956 ipsiusque
304 905 493 955 scriptoris
509 906 709 942 consilium
729 906 768 941 in
791 903 945 942 historia
966 901 1164 941 scribenda
1190 902 1417 939 luculentius
1438 901 1587 952 perspi-

95 962 229 998 ciatur.
286 962 343 997 De
375 961 444 998 diis
468 963 583 1012 vulgo
599 963 757 1012 receptis
775 961 866 1013 quid
883 962 1040 998 senserit
1064 967 1171 1011 pater
1198 957 1396 1006 historiae,
1429 971 1509 995 nou
1535 958 1588 994 ita

96 1019 287 1065 enuntiat,
320 1030 439 1069 quum
464 1020 527 1068 pia
546 1020 756 1055 reverentia
789 1018 923 1055 ductus
948 1018 997 1066 †)
1027 1018 1118 1054 talia
1153 1017 1275 1053 celare
1312 1016 1444 1052 mallet
1470 1027 1589 1067 quam

95 1081 238 1111 temere
257 1076 296 1110 in
312 1075 510 1124 publicum
535 1074 716 1125 prodere3
750 1074 917 1126 indeque
938 1075 1052 1111 etiam
1077 1086 1121 1110 ea
1142 1072 1276 1109 efferre
1306 1073 1430 1109 noluit
1444 1101 1454 1120 ,
1485 1084 1584 1123 quae

95 1132 362 1182 mysteriorum
393 1130 587 1168 doctrinae
613 1133 805 1168 initiatum
827 1132 954 1169 sanior
978 1138 1092 1182 atque
1116 1130 1246 1180 purior
1269 1130 1362 1165 ratio
1394 1128 1589 1165 docuerat.

97 1189 340 1239 Quamquam
360 1200 473 1238 supra
494 1190 628 1238 vulgus
649 1189 759 1225 illum
777 1190 943 1239 sapuisse
962 1195 998 1224 et
1019 1188 1128 1224 altius
1150 1185 1244 1238 quid
1260 1199 1391 1223 secum
1404 1186 1588 1233 statuisse,

94 1244 240 1296 liquido
261 1258 311 1280 ex
333 1245 376 1281 iis
399 1252 521 1295 patet,
554 1259 651 1297 quae
675 1259 788 1296 supra
807 1246 884 1282 iam
912 1245 1020 1282 attuli
1038 1243 1085 1281 de
1116 1244 1195 1280 eius
1224 1242 1363 1290 studio,
1395 1256 1454 1279 res
1474 1243 1589 1278 miras

95 1300 324 1354 easdemque
348 1301 508 1339 minime
530 1302 738 1353 credibiles,
761 1315 850 1340 cum
873 1315 896 1340 a
923 1309 1060 1339 natura
1080 1313 1209 1337 rerum
1229 1312 1381 1351 prorsus
1407 1297 1590 1336 abhorre-

186 1492 222 1536 *)
255 1492 333 1527 Vid.
366 1493 528 1526 Creuzer.
562 1492 629 1527 Die
651 1492 774 1527 histor.
812 1492 924 1526 Kunst
949 1491 983 1525 d.
1008 1492 1072 1526 Gr.
1096 1503 1130 1536 p.
1159 1491 1236 1525 146.
1262 1488 1327 1524 148
1352 1488 1426 1522 coll.
1455 1487 1519 1522 155
1547 1507 1593 1513 —

97 1536 173 1572 157.
199 1539 239 1572 O.
264 1539 304 1572 A.
327 1539 496 1583 Bottiger.
521 1540 651 1574 Prolus.
677 1540 728 1573 De
754 1539 919 1572 Herodoti
943 1538 1086 1571 historia
1111 1537 1152 1571 ad
1186 1537 1342 1570 carminis
1375 1534 1462 1578 epici
1495 1533 1594 1566 indo-

94 1582 160 1616 lem
184 1584 322 1628 propius
345 1586 529 1619 accedente
555 1586 680 1619 Vimar.
707 1586 803 1620 1792.
827 1584 849 1618 4
873 1590 908 1618 et
932 1584 967 1616 in
992 1584 1136 1628 Ruperti
1162 1590 1196 1616 et
1206 1581 1462 1615 Schlichthorst.
1490 1580 1592 1612 Com-

94 1634 211 1663 mentt.
234 1631 360 1674 philoll.
386 1631 514 1674 (Brem.
541 1633 645 1671 1794)
672 1632 715 1664 Τ.
744 1632 759 1663 l
783 1643 817 1676 p.
842 1630 898 1664 41.
924 1630 968 1663 T.
994 1630 1025 1662 II
1042 1641 1076 1673 p.
1096 1628 1149 1662 54.
1200 1629 1342 1661 Geinoz.
1372 1626 1405 1658 in
1430 1625 1592 1658 Memsle

93 1673 231 1754 §355de
247 1677 279 1708 d.
304 1677 477 1720 lnscriptt.
502 1677 547 1711 T.
573 1676 696 1712 XXIII
720 1688 754 1721 p.
788 1678 852 1710 101
876 1675 1022 1720 indeque
1045 1674 1226 1708 wernacule
1249 1674 1284 1706 in
1310 1674 1487 1706 Gatterer.
1514 1671 1594 1704 hist.

126 1720 134 1753 i
172 1746 180 1756 .
253 1733 288 1767 p.
310 1723 480 1757 29—136.

188 1788 247 1834 ²¹²*)
272 1790 366 1823 Satis
392 1790 468 1823 hinc
492 1793 655 1836 apparet,
686 1789 897 1823 Herodotum
928 1788 1067 1822 Homeri
1093 1787 1257 1828 carmina,
1284 1786 1397 1832 qualia
1421 1796 1509 1818 nunc
1542 1785 1594 1817 se-

94 1837 236 1876 runtur,
269 1847 333 1869 uno
357 1837 524 1869 volumine
553 1838 797 1880 comprehensa
829 1836 961 1869 novisse
985 1840 1021 1868 et
1045 1846 1139 1878 eam,
1183 1845 1270 1878 qnae
1294 1833 1394 1875 vulgo
1421 1831 1508 1875 apud
1533 1841 1595 1863 nos

96 1885 237 1924 recepta
270 1886 322 1914 est
346 1886 528 1922 sententia,
565 1882 606 1915 de
628 1882 671 1915 iis
696 1882 873 1923 habuisse,
908 1893 970 1915 nec
998 1882 1117 1914 desunt
1142 1891 1276 1923 quoque
1313 1879 1381 1911 alia
1404 1876 1597 1910 testimonia

96 1926 141 1966 ΙΙ,
168 1927 243 1966 116,
266 1927 322 1960 ubi
346 1928 390 1960 cf.
415 1933 499 1960 nott.
525 1928 570 1960 T.
594 1928 610 1960 Ι
639 1940 673 1972 p.
698 1928 764 1962 740
788 1927 862 1962 coll.
888 1927 933 1968 II,
961 1929 1035 1961 120.
1053 1945 1096 1951 -
1122 1926 1180 1966 IV,
1204 1926 1247 1958 29
1273 1924 1347 1957 coll.
1371 1923 1428 1957 32.
1453 1939 1496 1947 —-
1547 1922 1594 1964 V,

98 1972 152 2005 67.
186 1972 263 2014 Vll,
301 1973 377 2007 161.
403 1973 452 2013 II,
475 1973 532 2007 53.
554 1974 598 2006 23
623 1974 698 2006 coll.
715 1972 776 2014 IV,
800 1975 856 2008 32.
882 1973 927 2007 T.
952 1973 985 2005 Il
1011 1984 1043 2016 p.
1072 1972 1151 2005 338.
1209 1970 1309 2003 Cous.
1334 1969 1497 2001 Creuzer.
1521 1967 1543 2000 l.
1571 1967 1592 2000 l.

97 2028 132 2062 p.
159 2017 222 2051 155
245 2029 317 2063 seq.
366 2018 489 2051 Moneo
515 2020 578 2051 hoc
602 2023 741 2063 propter
765 2030 843 2059 eos,
868 2018 896 2051 si
921 2022 977 2063 qui
1003 2018 1113 2050 adhuc
1137 2020 1236 2056 sunt,
1271 2014 1330 2060 qui
1355 2013 1494 2047 Homeri
1518 2024 1596 2047 car-

97 2062 187 2096 mina
214 2074 277 2107 per
299 2065 480 2097 multorum
505 2076 664 2097 annorum
691 2065 844 2108 adeoque
863 2064 1049 2097 seculorum
1074 2062 1250 2096 decursum
1287 2065 1382 2101 orta,
1421 2059 1597 2104 postmodo

97 2108 228 2142 demum
261 2121 282 2143 a
316 2110 500 2143 Pisistrato
533 2110 677 2143 Athenis
710 2110 742 2142 in
775 2121 876 2143 unum
909 2121 1055 2154 corpus,
1102 2108 1156 2140 cui
1188 2107 1326 2140 Homeri
1350 2117 1468 2139 nomen
1493 2104 1598 2138 fuerit

95 2155 346 2198 praepositum,
380 2156 520 2188 collecta
552 2168 627 2189 esse
659 2159 790 2200 putent.
839 2159 868 2189 A
900 2158 968 2200 qua
993 2154 1163 2188 sententia
1185 2155 1285 2196 longe
1319 2153 1440 2186 abesse
1465 2156 1598 2195 patrem

96 2200 282 2242 historiae,
306 2212 371 2234 non
399 2207 451 2234 est
475 2202 564 2245 quod
594 2213 737 2246 operose
762 2206 1078 2240 commonstremus;
1103 2200 1161 2244 qui
1197 2210 1295 2240 quum
1330 2197 1508 2231 Pisistrati
1542 2207 1598 2230 res

96 2250 167 2279 tam
192 2246 368 2288 diligenter
392 2252 551 2291 exponat,
575 2259 651 2280 num
676 2259 751 2280 eum
767 2247 936 2281 Pisistrati
960 2247 1082 2280 merita
1106 2247 1148 2278 de
1170 2245 1314 2277 Homero
1336 2243 1468 2277 silentio
1494 2254 1599 2287 prae-

97 2291 235 2324 teriisse
260 2293 421 2326 credibile
445 2294 524 2326 est?
570 2294 657 2326 Tum
682 2305 762 2326 sane
786 2305 852 2326 non
876 2304 961 2337 opus
986 2292 1159 2326 habuisset
1176 2290 1314 2323 Homeri
1339 2294 1486 2323 aetatem
1512 2287 1599 2320 defi-

97 2337 172 2371 nire
182 2337 226 2378 ll,
237 2338 302 2371 53:
328 2350 427 2383 quam
451 2339 630 2373 carminum
654 2340 745 2372 fam-<⁸1
768 2341 810 2372 ab
837 2339 996 2372 historiae
1024 2344 1123 2382 patre
1151 2336 1323 2370 definitam
1347 2336 1420 2369 vult
1442 2333 1598 2367 Nitzsch.

99 2383 233 2417 Melett.
259 2383 301 2417 de
325 2385 456 2418 Hister.
484 2385 580 2418 Hom.
605 2387 687 2418 fasc.
715 2385 747 2418 ΙΙ
769 2385 1046 2429 P.11p.21.38‚
1071 2384 1130 2417 ubi
1155 2384 1257 2415 etium
1282 2383 1366 2414 bene
1393 2383 1513 2420 monet,
1524 2390 1598 2412 cum

98 2428 163 2462 hac
185 2429 349 2463 Herodoti
387 2432 635 2474 computatione
665 2431 801 2474 egregie
824 2431 1004 2464 convenire
1028 2429 1276 2475 Apollodorum,
1299 2428 1357 2473 qui
1381 2427 1417 2460 in
1441 2430 1594 2460 aetatum

99 2475 221 2509 seriem
249 2480 283 2509 et
306 2480 403 2510 notas
427 2478 680 2511 accuratissime
703 2477 910 2522 inquisierit.

192 2544 252 2588 Μ’)
279 2545 378 2578 Conf.
405 2545 505 2579 etiam
531 2545 606 2579 Alb.
635 2545 677 2578 de
700 2545 820 2589 Iongh.
845 2546 866 2578 l.
891 2545 913 2579 l.
936 2544 1034 2590 p.27.

193 2612 234 2656 †)
261 2613 538 2655 „Relativement
560 2625 603 2647 au
628 2615 718 2647 culte
740 2613 799 2646 des
824 2613 954 2653 Dieux,
979 2611 1155 2645 Herodote
1179 2612 1309 2643 montre
1342 2608 1597 2642 l’attachement

104 2655 136 2689 le
158 2657 231 2701 plus
253 2659 305 2692 vil'
324 2671 409 2703 pour
434 2672 472 2693 ce
497 2663 595 2703 qu’on
621 2665 702 2703 peut
726 2659 865 2703 appeler
888 2659 921 2692 la
946 2658 1089 2701 religion
1125 2656 1296 2690 nationale
1320 2659 1355 2688 et
1387 2666 1432 2687 un
1460 2658 1599 2697 respect

104 2704 246 2746 profond
277 2717 364 2750 pour
394 2710 472 2738 tous
498 2706 545 2738 les
569 2705 679 2738 obiets
711 2705 753 2737 de
780 2704 849 2745 soi,
887 2715 972 2748 pour
996 2707 1111 2737 tontes
1135 2703 1184 2735 les
1214 2700 1367 2746 opinions
1397 2699 1596 2743 religieuses

105 2758 172 2792 que
202 2749 235 2782 la
264 2751 427 2784 tradition
460 2751 520 2784 des
551 2751 650 2796 peres
675 2749 768 2784 avoit
794 2749 858 2782 fait
892 2760 1010 2794 passer
1043 2760 1108 2782 aux
1133 2749 1252 2781 enfans
1274 2752 1309 2780 et
1332 2758 1398 2791 que
1418 2745 1448 2778 le
1473 2745 1597 2789 peuple

105 2793 200 2827 avoit
217 2797 525 2840 scrupuleusement
548 2797 746 2842 adopteesf‘
792 2795 976 2828 Meierotto
1000 2795 1022 2828 l.
1048 2795 1070 2829 l.
1091 2806 1125 2840 p.
1147 2794 1226 2830 647.
1274 2793 1323 2827 Et
1347 2793 1435 2826 cons.
1459 2801 1598 2835 quoque

105 2838 182 2874 Alb.
205 2839 248 2874 de
269 2841 385 2886 Iongh.
408 2842 460 2877 De
483 2843 611 2879 Herod.
635 2842 824 2889 philosoph.
843 2852 880 2886 p.
905 2841 960 2876 25.
984 2841 1040 2875 26.
