1996 3238
517 242 575 281 86
916 241 1374 280 HERODOTI

519 346 696 403 ἀνδρῶν
733 346 919 402 μάλιστά
958 365 1012 405 κη
1041 350 1330 406 τρισμυρίὼν·
1370 349 1708 406 ἅποθωυμάζειν
1735 353 1780 396 τέ

521 428 656 470 σφεας
684 414 761 458 τὸν
783 416 1031 470 κονιορτόν,
1059 418 1195 462 ὅτεών
1224 434 1322 462 κοτε
1340 420 1404 473 εἴη
1422 417 1686 473 ἀνθρώπων,
1708 421 1783 464 καὶ

520 481 665 536 πρόκα
692 498 736 526 τε
766 488 917 539 φωνῆς
944 484 1136 535 ἀκούειν,
1167 487 1241 528 καί
1268 488 1311 528 οἱ
1333 488 1569 541 φαίνεσθαι
1586 486 1667 543 τὴν
1687 504 1783 543 φω-

492 547 608 604 Ξνήν
637 547 749 594 εἶναι
777 550 854 595 τόν
882 553 1094 608 μυστικὸν
1122 555 1289 608 ἴακχον.
1349 551 1460 597 εἶναι
1481 553 1515 598 6³
1548 553 1782 611 ἀδαήμονα
1837 548 1918 589 648

520 620 608 660 τῶν
637 619 748 671 ἱρῶν
775 623 864 662 τῶν
895 620 940 662 ἐν
961 619 1170 663 Ἐλευσῖνι
1191 620 1268 663 τὸν
1286 621 1562 678 Δημάρητον,
1593 625 1839 677 εἴρεσθαίδο

519 701 566 730 τε
596 685 732 730 αὐτὸν
761 687 787 730 ὅ
815 705 856 731 τι
885 688 934 732 τὸ
965 688 1271 745 φθεγγόμενον
1292 692 1356 746 εἴη
1383 693 1539 734 τοῦτο·
1570 688 1703 742 αὐτὸς
1737 690 1787 734 δὲ

523 914 593 956 τόν
624 914 814 967 μυστικόν
851 917 1008 969 ἴακχον]
1053 920 1123 955 Di-

467 986 578 1010 caeus
608 973 778 1018 dicebat,
810 974 992 1012 clamorem
1014 977 1124 1012 illum

466 1031 536 1067 sibi
545 1029 656 1067 videri
664 1043 734 1068 esse
750 1034 934 1082 mysticum
943 1031 1049 1070 Iacck
1055 1045 1123 1069 am.

466 1088 523 1123 Ita
533 1085 782 1125 Valckenaer.
812 1091 905 1141 „qui
921 1089 1024 1141 quod
1038 1097 1125 1126 aute

465 1141 535 1180 has
579 1156 690 1181 voces
734 1145 895 1182 verbum
940 1142 1124 1200 ᾀδόντων

467 1201 529 1237 vel
557 1196 776 1252 ἐξαγόντων
816 1201 999 1240 excidisse
1034 1203 1127 1240 olim

466 1263 685 1307 putaverat,
714 1265 843 1308 postea
871 1260 953 1296 iure
974 1260 1129 1297 retraxit

465 1314 735 1354 coniecturam.
802 1315 952 1353 Iacchus
971 1346 980 1364 ,
1025 1315 1130 1368 quod

466 1370 554 1406 satis
576 1376 743 1416 constat,
776 1371 817 1407 in
849 1374 1035 1424 mysteriis
1057 1369 1130 1409 At—

466 1426 548 1462 ticis
599 1425 793 1463 dicebatur
828 1427 991 1466 Bacchus
1028 1442 1130 1479 puer,

468 1482 575 1519 cuius
595 1489 759 1520 statuam
788 1486 900 1523 variis
929 1486 1040 1522 rebus
1067 1499 1131 1522 or-

468 1546 600 1575 natam
621 1553 640 1576 e
663 1540 880 1589 ceramico,
911 1543 976 1579 ubi
1005 1541 1132 1579 Iacchi

470 1594 582 1632 aedes
599 1603 693 1642 erat,
714 1597 754 1633 in
772 1598 1012 1636 Eleusinium
1031 1606 1133 1636 tem-

468 1652 578 1702 plum
612 1659 720 1689 sexto
751 1654 1035 1692 Eleusiniorum
1071 1655 1131 1692 die

471 1706 626 1760 quando
639 1708 860 1747 deferebant
879 1712 1014 1749 initiati
1047 1725 1132 1748 ma—

470 1763 548 1815 gnii
579 1777 622 1801 ac
647 1766 809 1802 solemni
831 1780 971 1819 pompa
993 1798 1003 1816 ,
1058 1767 1133 1820 hy-

469 1829 607 1857 muum
619 1822 658 1857 in
669 1821 824 1859 laudem
834 1824 961 1862 Iacchi
972 1838 1133 1875 compo-

470 1879 612 1927 situm,
657 1880 809 1930 qualem
838 1894 875 1918 v.
913 1895 946 1922 c,
979 1880 1134 1918 exhibet

470 1932 743 1985 Aristophanes
773 1938 869 1974 Rau.
901 1937 1005 1983 401,
1041 1951 1134 1974 can-

471 1996 605 2037 tantes,
626 1990 667 2029 id
687 1994 874 2030 vocabant
895 1990 1046 2046 ἐξάγειν
1062 1993 1132 2034 τόν

460 2043 639 2097 ’Ἰακχοντ
682 2047 730 2085 de
764 2062 839 2100 quo
876 2051 984 2100 plura
1025 2052 1132 2088 attuli

473 2101 523 2139 'ad
543 2103 735 2142 Plutarch.
757 2106 944 2145 Alcibiad.
977 2121 1014 2158 p.
1037 2108 1132 2149 245.

472 2159 538 2196 Tu
587 2159 663 2198 vid.
699 2165 916 2211 praesertim
959 2164 1134 2201 Creuzer.

473 2215 649 2267 Symbol.
670 2217 721 2254 IV
754 2232 842 2270 pag.
874 2219 969 2261 528.
1027 2222 1134 2257 Tum

471 2284 563 2310 vero
605 2274 720 2310 etiam
748 2276 825 2326 ipse
859 2277 922 2312 ille
953 2275 1133 2328 hymnus,

475 2341 593 2381 quem
614 2330 652 2365 in
673 2331 834 2367 solemni
862 2345 1002 2383 pompa
1041 2347 1133 2369 can-

472 2386 544 2422 tari
562 2385 737 2429 diximus,
755 2387 1134 2440 vocabatur’7an209,

474 2448 569 2478 teste
589 2442 752 2494 Hesych.
783 2459 813 2481 s.
835 2459 869 2482 v.
901 2446 935 2480 11
975 2459 1062 2496 pag.
1095 2446 1132 2493 5,

476 2498 542 2533 ubi
563 2499 724 2549 legimus
748 2501 844 2538 inter
876 2502 968 2538 alia:
1011 2501 1079 2540 καὶ
1107 2501 1135 2553 η’

477 2548 581 2604 nidd,
612 2552 664 2605 ἢν
691 2556 732 2595 οἷ
744 2557 987 2608 μεμυημένοι
1009 2556 1133 2613 ᾅδου-

477 2621 517 2648 σι
540 2611 625 2648 coll.
647 2612 756 2650 Suid.
775 2628 806 2651 s.
836 2616 928 2651 v.11
956 2627 1043 2666 pag.
1067 2618 1133 2655 87-

476 2665 572 2702 Inde
611 2680 764 2720 quoque
804 2667 1001 2720 ἰακχάζειν
1032 2670 1134 2708 idem

471 2722 584 2774 quod
606 2721 717 2776 ᾄδειν
734 2723 803 2764 τόν
822 2725 992 2778 Ἴακχον,
1018 2729 1135 2765 inter-

479 2785 585 2829 prete
607 2780 771 2831 Hesych.
790 2796 819 2818 s.
849 2798 883 2822 V.
916 2779 964 2823 δι’
987 2781 1136 2836 ἀγορᾶς

480 2836 497 2872 1
533 2848 622 2887 pag.
651 2839 744 2878 939.
781 2838 910 2880 Schol.
942 2840 1133 2892 Aristoph.

1179 919 1276 955 Rau.
1306 917 1400 958 324.
1431 925 1468 955 et
1501 920 1622 957 Gloss.
1643 919 1842 968 Herodot„

1180 976 1245 1011 ubi
1257 972 1520 1025 ἰακχάζουσιν·
1534 975 1702 1027 λέγουσι,
1717 979 1841 1026 φλυα-

1183 1034 1314 1083 ροῦσι,
1335 1044 1434 1083 quae
1455 1031 1590 1069 eadem
1610 1031 1725 1078 habet
1749 1034 1840 1071 Sui-

1184 1088 1249 1125 das
1279 1089 1305 1125 l.
1336 1090 1364 1129 l.
1420 1091 1555 1141 Itaque
1589 1090 1627 1126 iu
1656 1089 1841 1129 Herodoti

1182 1143 1256 1182 hoc
1275 1146 1360 1182 loco
1387 1143 1459 1184 τόν
1480 1143 1670 1196 μυστικόν
1686 1144 1841 1198 Ἴακχον

1183 1203 1327 1252 accipio
1349 1201 1395 1238 de
1412 1204 1579 1239 carmine
1589 1215 1710 1251 sacro,
1731 1203 1843 1258 quale

1185 1259 1224 1295 in
1261 1259 1325 1294 illa
1363 1258 1489 1295 Iacchi
1531 1272 1671 1310 pompa
1707 1272 1844 1297 canere

1184 1315 1356 1352 solebant
1388 1316 1548 1363 initiati,
1581 1329 1704 1367 eoque
1730 1317 1845 1353 etiam

1184 1371 1306 1407 refero
1317 1373 1476 1408 verbum
1490 1369 1729 1422 ἰακχάζουσι,
1741 1372 1846 1424 quod

1186 1428 1284 1464 iufra
1295 1428 1453 1477 legitur:
1484 1429 1545 1466 hoc
1555 1441 1691 1466 carmen
1708 1431 1747 1466 in
1765 1429 1847 1466 lac-

1188 1485 1246 1522 cltz'
1264 1484 1404 1522 laudem
1423 1489 1554 1522 canunt
1565 1515 1576 1534 ,
1606 1486 1684 1522 sive
1702 1493 1746 1522 ut
1755 1485 1848 1522 Val-

1189 1540 1302 1578 ckeu.
1324 1540 1468 1578 reddit:
1501 1543 1591 1579 istoc
1623 1538 1847 1594 (clamore)

1187 1601 1335 1635 utuntur
1354 1598 1410 1635 die
1421 1597 1516 1648 sesto
1525 1595 1694 1641 Iacchum
1705 1601 1846 1650 saepius

1186 1654 1430 1692 inclamantes.

1246 1706 1348 1750 εἶναι
1368 1707 1401 1749 δ’
1416 1706 1670 1761 οἷδαήμονα].
1697 1711 1773 1747 Pro
1790 1706 1846 1748 εἷός

1189 1782 1255 1806 ναι
1272 1768 1466 1805 Villoison.
1487 1767 1535 1804 ad
1558 1768 1616 1805 St.
1637 1767 1752 1804 Croix
1769 1768 1847 1804 Re-

1191 1822 1345 1861 cherch.
1372 1837 1437 1862 sur
1461 1825 1486 1861 l.
1517 1830 1631 1875 myst.
1652 1823 1689 1862 d.
1707 1836 1847 1874 pagan.

1189 1882 1220 1917 1.
1249 1894 1286 1931 p.
1313 1883 1392 1921 3⁸27
1434 1881 1608 1918 substitui
1629 1881 1710 1918 vult
1731 1879 1846 1928 ἰέναι,

1190 1944 1232 1974 ut
1260 1936 1349 1974 iude
1368 1937 1448 1974 scil.
1477 1938 1610 1974 existat
1637 1937 1845 1974 sententia:

1190 2006 1327 2042 „vocem
1356 1996 1516 2031 emissam
1550 2008 1620 2031 esse
1648 2008 1672 2032 a
1702 1995 1848 2043 mystico

1188 2049 1357 2087 ΒαεεΙιοιι
1407 2064 1482 2102 quo
1539 2063 1631 2088 sane
1687 2051 1847 2087 minime

1190 2119 1295 2157 opus.
1353 2109 1431 2144 Nec
1461 2109 1581 2158 magis
1608 2119 1702 2158 opus
1729 2106 1848 2158 parti-

1191 2165 1289 2214 cipio
1329 2163 1571 2216 γινομένων,
1605 2162 1710 2214 quod
1762 2169 1847 2213 post

1190 2233 1304 2257 voces
1346 2222 1427 2258 τοῖν
1465 2219 1506 2258 ἐν
1533 2216 1724 2258 Ἐλευσῖνι
1759 2220 1847 2255 vul-

1191 2289 1241 2326 go
1268 2278 1450 2312 insertum
1467 2282 1598 2312 tenent
1637 2274 1846 2323 Schaefer„

1189 2331 1325 2368 matth.
1365 2339 1401 2368 et
1440 2331 1606 2371 Bekker.
1654 2331 1847 2383 Equidem

1190 2401 1278 2425 cum
1300 2387 1517 2439 Schweigh.
1558 2396 1595 2425 et
1624 2390 1740 2426 Gaisf.
1760 2401 1846 2425 ver-

1190 2446 1282 2481 bum
1297 2444 1484 2493 escholio‚
1505 2452 1546 2482 ut
1557 2444 1719 2493 videtur,
1736 2447 1846 2481 iuve-

1190 2509 1295 2538 ctum
1317 2503 1437 2539 omisi.
1495 2503 1733 2538 Florentiuus
1752 2503 1846 2538 liber

1191 2557 1303 2595 dabat
1324 2557 1564 2610 γενομένωνι
1587 2557 1710 2595 —Ad
1727 2559 1845 2609 parti-

1189 2616 1298 2652 culae
1328 2629 1368 2652 τε
1396 2627 1504 2651 usum
1542 2622 1625 2665 post
1668 2614 1845 2666 εἴρεσθαι

1190 2672 1292 2708 conf.
1319 2671 1428 2707 aquia
1450 2670 1498 2707 ad
1517 2672 1601 2718 Vll,
1628 2673 1719 2711 188.

1249 2723 1363 2773 αὐτὸς
1385 2725 1426 2766 62-
1445 2727 1583 2776 εἰπεῖν]
1607 2727 1731 2766 εἰπεῖν
1755 2740 1843 2764 cum

1191 2785 1308 2822 Gaisf.
1330 2790 1366 2820 et
1386 2783 1520 2820 Matth.
1547 2782 1633 2821 dedi
1662 2784 1846 2821 librorum

1191 2855 1240 2879 ex
1279 2842 1512 2878 auctoritate.
1570 2840 1694 2892 Vulgo
1727 2837 1846 2882 εἶπαι.

1978 485 1995 638 l
