1996 3238
608 209 952 247 URANIA.
1011 210 1135 248 VIII.

235 336 303 372 τες
337 319 481 374 ἐπειδὴ
519 319 566 363 ἐκ
610 323 842 375 Τρηχῖνος,
870 317 1134 374 θεησάμενοι
1172 318 1222 363 τὸ
1267 322 1417 376 τρῶμα
1446 335 1469 362 τ

238 387 520 440 Λακωνικόν,
561 387 766 443 διέβησαν
806 386 850 437 ἐς
878 386 956 441 τὴν
982 386 1213 443 Ἱστιαίην,
1252 387 1497 444 ἐπισχόντες

1442 212 1499 252 8ss

236 457 398 512 ἡμέρας
433 460 548 510 τρεῖς
585 455 752 499 ἔπλωον
790 453 848 498 δι’
884 452 1109 508 Εὐρίπου,
1151 457 1223 499 καὶ
1256 457 1303 500 ἐν
1333 453 1596 514 έτέρῃσιδοξῑζξ

206 525 358 578 Ξτρισὶ
393 521 580 582 ἡμέρῃσι
617 524 817 579 ἐγένοντο
857 523 904 566 ἐν
945 522 1147 578 Φαλήρῳ.
1202 522 1277 574 Ὡς
1306 525 1384 579 μὲν
1406 525 1502 581 ἐμοὶ

235 593 424 643 δοκέειν,
455 590 540 634 οὐκ
570 591 798 642 ἐλάσσονες
831 589 974 642 ἐόντες
997 589 1193 646 α’ριθμὸν
1224 591 1432 648 ἐσέβαλον
1461 593 1504 645 ἐς

234 661 313 713 τοὶς
337 659 540 716 Ἀθήνας,
569 658 680 702 κατά
709 675 753 702 τε
786 657 969 715 ἤπειρον
999 660 1070 701 καὶ
1113 663 1212 715 τῇσι
1240 661 1370 715 νηυσὶ
1409 659 1505 704 ἄπι-

234 728 438 784 κόμενοι,
484 727 514 785 ἢ
544 728 613 771 ἐπί
642 744 685 771 τε
715 726 921 783 Σηπιάδα
960 725 1172 770 α’πίκοντο
1212 728 1286 770 καὶ
1316 727 1359 778 ἐς
1396 731 1504 781 Θερ-

208 796 452 854 3μοπύλας.
511 794 736 852 ἀντιθήσω
777 795 861 851 γὰρ
891 798 1006 839 τοῖσί
1036 811 1079 838 τε
1109 794 1196 838 ὑπὸ
1236 799 1317 839 τοῦ
1346 799 1560 851 χειμῶ-ΰὸ

233 883 312 917 νος
334 864 483 909 αὐτῶν
513 863 836 920 ἀπολομένοισι,
865 864 938 907 καὶ
967 868 1080 907 τοῖσι
1111 864 1157 907 έν
1181 865 1504 922 Θερμοπύλῃσι,

235 935 310 980 καὶ
347 938 448 991 τῇσι
491 931 552 976 ἐπ’
577 930 838 990 Ἀρτεμισίῳ
876 934 1163 989 ναυμαχίῃσι,
1203 932 1361 976 τούσδε
1402 932 1506 984 τούς

236 1001 335 1046 τότε
366 1001 484 1045 οὔκω
515 1001 751 1056 ἑπομένους
782 1001 968 1056 βασιλέϊ,
999 1001 1197 1056 Μηλιέας
1228 1017 1272 1044 τε
1309 1001 1384 1044 καὶ
1412 1005 1508 1044 Δω-

237 1069 368 1126 ριέας,
399 1070 472 1113 καὶ
492 1070 706 1123 Λοκρούς,
736 1069 809 1112 καὶ
840 1070 1079 1121 Βοιωτοὺς,
1107 1073 1379 1127 πανστρατιῇ
1409 1069 1509 1113 ἕπο-

236 1139 411 1195 μένους,
439 1137 553 1193 πλὴν
587 1137 810 1181 Θεσπιέων
838 1154 881 1181 τε
914 1139 987 1181 καὶ
1021 1139 1299 1181 Πλαταιέων·
1334 1138 1405 1181 καὶ
1433 1136 1565 1193 μοὶ-7ο

239 1212 295 1251 λα
325 1207 602 1260 Καρυστίους
619 1223 663 1250 τε
693 1207 767 1250 καὶ
791 1204 1031 1260 Ἀνδρίους,
1062 1207 1136 1250 καὶ
1162 1208 1349 1262 Τηνίους
1369 1222 1413 1250 τε
1434 1207 1509 1250 καὶ

239 1274 345 1325 τούς
384 1273 568 1325 λοιπούς
610 1274 827 1331 νησιώτας
864 1274 1053 1326 πάντας,
1097 1274 1211 1330 πλήν
1252 1281 1341 1318 τῶν
1382 1275 1508 1319 πέντε

210 1344 432 1394 4πολίων,
478 1346 567 1386 τῶν
605 1343 886 1399 ἐπεμνήσθην
920 1341 1136 1396 πρότερον
1176 1341 1229 1384 τὰ
1271 1341 1508 1398 οὐνόματα.

241 1410 331 1472 ὅσῳ
361 1410 446 1467 γὰρ
470 1410 522 1466 δή
552 1411 786 1465 προέβαινε
816 1411 1009 1465 ἐσωτέρω
1029 1414 1103 1466 τῆς
1128 1409 1371 1462 Ἑλλάδοςὸ
1397 1410 1510 1464 Πέρ-

106 1482 174 1530 δῖ
241 1489 331 1535 σης,
360 1477 555 1538 τοσούτῳ
585 1477 700 1521 πλέω
731 1478 861 1522 ἔθνεά
891 1480 934 1522 οἱ
963 1480 1116 1522 εἵπετο.
1171 1477 1287 1522 Ἐπεὶ
1321 1479 1385 1521 ὠν
1415 1476 1829 1538 dni÷751bicumxerxen

236 1563 343 1592 κατο
375 1546 418 1598 ἐς
445 1546 521 1598 τὰς
546 1546 734 1602 Ἀθήνας
762 1546 920 1598 πάντες
960 1540 1112 1597 οὗτοι,
1153 1545 1268 1602 πλην
1307 1547 1504 1599 Παρίων·
1564 1530 1604 1591 ἐξ
1624 1538 1640 1564 ¹³

238 1614 404 1671 Πάριοι
444 1614 490 1659 δὲ
528 1613 870 1672 ὑπολειφθέντες
913 1615 960 1660 ἐν
999 1613 1182 1672 Κύθνῳ,
1216 1614 1512 1670 ἐκαραδόκεον
1567 1606 1584 1661 ἶ

182 1806 419 1844 locutionem
440 1805 540 1843 conf.
554 1805 636 1853 VII,
659 1806 725 1844 21.
746 1804 847 1853 VIII,

186 1866 224 1904 1.
245 1885 301 1890 -
333 1862 548 1900 Cohaerent
579 1870 707 1899 autem
740 1860 847 1910 haec,

182 1926 226 1957 ut
240 1920 339 1957 bene
358 1927 490 1957 mouet
511 1918 742 1970 Schweigh„
759 1932 849 1956 cum

184 1978 439 2027 superioribus
468 1978 574 2025 VIII,
606 1974 672 2017 24.
704 1977 772 2018 25.
794 1998 847 2004 —

185 2034 229 2069 In
249 2046 356 2085 seqq.
378 2032 426 2070 ad
445 2046 583 2070 vocem
601 2036 735 2082 τρῶμα
747 2032 848 2074 conf,

186 2090 265 2127 citt.
286 2089 335 2127 ad
355 2091 417 2136 VI,
442 2092 521 2131 132
541 2097 577 2126 et
598 2089 646 2126 ad
663 2088 847 2140 Ἱστιαίην

186 2153 285 2185 nott.
306 2145 355 2183 ad
375 2147 466 2194 vll,
506 2146 596 2187 175.

243 2198 273 2253 ἢ
304 2202 369 2243 ἐπί
397 2217 438 2242 τε
470 2199 688 2252 Σηπιάδα]
731 2201 842 2238 Couf.

187 2266 285 2297 nott.
320 2258 369 2296 ad
392 2259 482 2307 VII,
514 2261 607 2300 183.
642 2260 732 2298 186.
791 2260 850 2294 De

187 2315 419 2354 Meliemz‘bus
439 2314 517 2352 vid.
540 2314 634 2362 VII,
669 2317 770 2361 1323
803 2314 850 2352 de

188 2372 419 2410 Doriensibus
438 2373 547 2419 VIII,
572 2374 643 2419 313
661 2369 708 2407 de
724 2370 851 2409 Locris

187 2430 271 2477 VII,
291 2432 392 2474 1323
414 2428 461 2466 de
480 2428 623 2465 Boeotis
648 2428 729 2475 VII,
750 2430 850 2477 1323

189 2485 238 2523 de
257 2485 419 2536 Thespiis
432 2493 468 2522 et
488 2484 757 2522 Plataeensibus
768 2485 850 2533 Vn,

192 2544 284 2583 132.
306 2543 405 2591 VIII,
428 2541 500 2589 503
522 2540 569 2578 de
588 2540 761 2591 Carystiis
774 2541 851 2580 vid.

190 2599 264 2645 Vl,
304 2601 376 2647 993
419 2597 466 2635 de
494 2598 641 2635 Andriis
664 2599 735 2645 IV,
775 2600 851 2647 333

193 2654 241 2693 de
266 2655 387 2693 Teniis
406 2655 476 2702 IV,
499 2657 565 2695 33·
588 2654 650 2702 VI,
672 2657 739 2695 97:
781 2669 853 2704 νη-

193 2707 339 2759 σιώτας
378 2711 425 2749 de
463 2710 676 2762 Cycladum
719 2711 854 2749 incolIs

194 2769 354 2819 intelligi
372 2781 486 2820 supra
504 2769 581 2804 iam
602 2768 833 2806 monuimus.

249 2823 354 2879 πλὴν
374 2827 455 2866 τῶν
474 2822 589 2866 πέντε
604 2824 756 2866 πολίων
775 2827 855 2865 τῶν

905 1818 943 1843 κ.
963 1817 998 1842 τ.
1014 1803 1068 1852 λ.]
1100 1803 1282 1854 Intemgit
1293 1803 1461 1850 Naxum,
1481 1802 1570 1839 Me-

905 1862 1009 1909 lum,
1039 1860 1258 1912 Siphnum,
1300 1858 1510 1910 Seriphum
1531 1865 1571 1896 et

905 1917 1104 1970 Cythnum
1123 1919 1230 1966 VIII,
1260 1916 1312 1957 46
1333 1917 1570 1964 nominatas3

907 1988 1000 2027 quas
1022 1974 1175 2013 easdem
1196 1981 1307 2012 vocat
1322 1970 1458 2019 πόλεις
1478 1973 1570 2011 civi-

906 2036 1017 2080 tates,
1050 2030 1380 2084 quemadmodum
1399 2031 1464 2077 III,
1492 2030 1572 2069 139

905 2090 1045 2126 Samus
1060 2096 1218 2126 vocatur
1237 2087 1391 2127 πολίων
1410 2084 1572 2125 πασέων

904 2142 1042 2196 πρώτη
1063 2146 1150 2183 coll.
1184 2147 1224 2192 I,
1258 2142 1350 2183 144.
1389 2144 1446 2179 De
1470 2148 1574 2179 stru-

907 2209 1013 2238 ctura
1034 2202 1139 2238 verbi
1161 2196 1425 2252 ἐπεμνήσθην
1443 2198 1574 2236 docuit

906 2256 1042 2297 Matth.
1079 2260 1144 2297 Gr.
1179 2260 1246 2295 Gr.
1277 2258 1315 2302 ξ.
1349 2256 1453 2303 347,
1490 2261 1573 2295 not.

908 2317 934 2354 2
971 2328 1060 2366 pag.
1102 2314 1206 2363 656,
1243 2315 1309 2366 qui
1350 2312 1454 2349 idem
1483 2324 1572 2364 pag.

907 2371 988 2412 259
1005 2371 1053 2409 ad
1075 2371 1181 2411 πλέω
1204 2371 1433 2408 conferatur.

1107 2461 1374 2512 cap.LXV11.

966 2539 1008 2582 ἐν
1028 2537 1203 2594 Κύθνῳ]
1248 2539 1359 2577 ConF.
1389 2539 1478 2586 VII,
1518 2541 1573 2580 90

910 2604 948 2635 et
988 2597 1035 2635 ad
1082 2611 1245 2648 sequens
1305 2592 1574 2646 ἐκαραδόκεον

910 2661 1007 2692 nott.
1028 2654 1077 2691 ad
1096 2655 1186 2702 VII,
1220 2655 1311 2695 168.
1363 2654 1484 2691 Usum
1504 2665 1577 2690 vo-

911 2713 1020 2749 culae
1038 2709 1080 2750 δὲ
1101 2712 1138 2748 in
1152 2711 1275 2748 verbIs
1298 2709 1339 2750 οἱ
1358 2707 1407 2750 δὲ
1428 2708 1573 2756 λοιποὶ,

912 2769 978 2805 ubi
1008 2769 1083 2805 iam
1114 2768 1314 2806 antecessit
1352 2762 1504 2817 Πάριοι
1533 2764 1577 2804 δέ

912 2826 1037 2876 attigit
1065 2824 1202 2864 Matth.
1233 2826 1299 2865 Gr.
1331 2824 1398 2862 Gr.
1427 2825 1464 2870 §.
1495 2824 1577 2864 616

1473 319 1496 363 ὁ
1556 318 1640 346 Inter
1664 317 1742 346 haee
1758 317 1832 346 Per-

1555 359 1655 379 sarum
1673 350 1777 380 clansio
1802 351 1834 379 In

1554 385 1714 413 Phalerum
1733 385 1835 421 appel-

1556 419 1602 446 m.
1638 419 1766 453 Quantis
1785 427 1835 445 co-

1600 460 1614 478 e
1645 454 1756 482 Xerxen
1786 455 1835 480 Λι-

1597 494 1644 514 am
1663 491 1748 514 terra

1558 522 1646 555 rique
1663 521 1820 549 invaserit.

1560 560 1642 602 649

1774 494 1835 514 Ina-

1644 1538 1738 1557 roew
1799 1544 1811 1548 -

1605 1564 1625 1591 li
1661 1563 1842 1592 deliberatu-

1587 1606 1621 1625 ue
1639 1605 1710 1626 euos
1735 1605 1846 1625 convo-

1587 1635 1679 1668 asset,
