1879 3222
523 194 1124 237 CALL10PE.1X.

1373 197 1460 238 303

203 303 256 360 δὴ
284 304 358 347 καὶ
398 305 440 348 οἱ
468 302 589 346 ἄλλοι
629 301 892 358 ἐτράποντο,
931 304 1004 346 καὶ
1035 303 1150 357 εἶξαν
1177 310 1290 349 τοῖσι
1319 309 1459 350 Λακε-

173 373 473 428 3δαιμονίοισι.
531 375 730 414 πλεῖστον
757 370 841 427 γάρ
871 383 1006 427 σφεας
1035 372 1226 429 ἐδηλέετο
1254 373 1282 430 ἦ
1314 374 1461 432 ἐσθής,

201 442 359 498 ἔρημος
389 441 520 483 ἐοῦσα
552 438 718 482 ὅπλων·
760 438 872 494 πρὸς
900 438 983 493 γὰρ
1015 438 1190 492 ὁπλίτας
1214 442 1357 495 ἐόντες
1385 451 1497 498 γυ-5

75 520 141 564 (34
203 515 357 566 μνῆτες
379 507 527 564 οέγῶνα
556 508 797 551 ἐποιεῦντο.

854 507 1071 551 Ἐνθαῦτα
1107 510 1137 566 ἥ
1175 527 1220 553 τε
1253 513 1350 568 δίκη
1381 515 1461 556 τοῦ

200 578 344 634 φόνου
380 581 461 620 τοῦ
491 579 739 628 Λεωνίδεω,
777 575 884 619 nocto}
926 575 973 619 τὸ
1015 577 1303 632 χρηστήριον,
1348 585 1463 624 τοῖσι

198 645 498 702 Σπαρτιήτῃσι
538 646 584 688 ἐκ
624 645 887 698 Μαρδονίου
925 643 1182 689 ἐπιτελέετο·
1219 646 1294 689 καὶ
1334 648 1462 704 νίκην

200 714 444 768 ἀναιρέεται
473 716 704 769 καλλίστην
725 713 926 757 ἁπασέων
941 718 1029 757 τῶν
1057 711 1178 769 ἡμεῖς
1197 715 1320 769 ἰ’δμεν
1341 718 1462 758 Παυ-

168 784 349 837 Ξσανίης
379 781 401 825 ὁ
433 783 745 839 Κλεομβρότου
773 785 853 824 τοῦ
877 780 1228 834 Ἀναξανδρίδεω.
1278 786 1385 836 (τῶν
1414 783 1460 826 δὲ
1477 791 1519 825 10

195 850 441 904 κατύπερθέ
493 851 535 893 οἱ
581 849 811 905 προγόνων
854 848 907 904 τοὶ
944 848 1170 905 οὐνόματα
1214 851 1381 906 εἴρηται
1417 851 1462 902 ἐς

170 921 448 974 3Λεωνίδην·
478 917 610 962 ὡύτοὶ
628 918 712 974 γάρ
746 930 825 973 σφι
853 917 1118 974 τυγχάνουσι
1139 915 1313 971 ἐόντες.)
1340 917 1461 962 Ἀπο-

193 986 375 1042 θνήσκει
408 987 454 1029 δὲ
483 989 741 1041 Μαρδόνιος
770 985 858 1029 ὑπὸ
890 984 1193 1041 Ἀειμνήστου,
1222 983 1384 1041 ἀνδρὸς
1413 986 1462 1030 ἐν

193 1054 377 1111 Σπάρτῃ
406 1056 607 1109 λογίμου·
639 1053 686 1105 ὃς
713 1054 856 1111 χρόνῳ
883 1054 1067 1108 ὕστερον
1095 1053 1201 1110 μετὰ
1229 1054 1283 1097 τα.
1314 1056 1460 1111 Μηδι-
1516 1066 1600 1105 722

193 1123 250 1166 κά
288 1123 394 1178 ἔχων
430 1122 596 1177 ἄνδρας
635 1125 914 1179 τριηκοσίους
955 1123 1165 1177 συνέβαλε
1208 1123 1256 1166 ἐν
1290 1127 1458 1167 Στενυ-

194 1190 361 1248 κλήρῳ,
392 1189 585 1246 πολέμου
613 1189 776 1245 ἐόντος,
805 1195 1094 1248 Μεσσηνίοισι
1123 1194 1251 1235 πᾶσι·
1280 1191 1355 1235 καὶ
1385 1189 1461 1235 αὖ·
1475 1198 1516 1233 15

334 1409 427 1460 cap.
456 1409 594 1446 LXIV.

191 1483 220 1538 «ἤ
242 1502 282 1527 τε
303 1488 393 1539 δίκη
425 1490 501 1528 τοῦ
528 1483 674 1539 φόνου]
710 1487 798 1527 vid.

134 1545 242 1593 V111,
287 1545 377 1584 114.
411 1565 458 1574 —-
483 1544 546 1582 Ad
563 1546 798 1583 locutionem

134 1602 252 1650 νίκην
273 1595 531 1652 ἀναιρεῖσθαι
559 1602 662 1639 conf.
685 1603 797 1640 allata

131 1657 180 1695 ad
202 1659 272 1704 VI,
301 1660 355 1698 70
385 1666 422 1696 et
449 1657 538 1695 add.
559 1659 661 1696 Plut.
685 1658 796 1696 The-

130 1715 292 1752 mistocl.
341 1716 411 1763 15,
464 1709 688 1765 (ἀράμενοι
731 1717 795 1755 νί-

131 1775 248 1822 κην),·
316 1772 381 1807 ubi
441 1771 610 1808 Sintenis
643 1780 794 1822 praeter

132 1835 304 1865 nostrum
323 1828 453 1864 locum
476 1829 574 1864 bene
597 1827 793 1866 affertHo-

133 1885 275 1920 merica
290 1886 435 1920 nemini
452 1898 529 1920 non
543 1892 635 1921 nota
657 1887 792 1934 κῦδος,

133 1940 246 1986 κλέος
267 1969 277 1988 ,
316 1938 436 1991 τιμήν
487 1936 670 1991 οἷρέσθαι.
735 1945 794 1980 De

134 1998 215 2047 ipso
237 1997 309 2034 loci
330 2005 556 2047 argumento
589 1999 721 2036 confer
746 2001 794 2037 sis

132 2052 328 2090 Plutarch.
364 2055 541 2104 Compar.
573 2055 730 2093 Aristid.
758 2063 795 2093 et

134 2111 215 2148 Cat.
238 2113 263 2150 2
283 2123 370 2160 pag.
394 2111 473 2151 353
494 2113 541 2148 D.
570 2110 633 2148 Ad
657 2126 794 2149 vocem

130 2163 358 2219 κατύπερθε
389 2167 490 2204 conf.
512 2167 624 2205 allata
645 2168 693 2206 ad
711 2170 792 2219 vll,

130 2223 225 2266 204.

185 2277 266 2320 ’ὑπό
288 2274 565 2331 Ἀειμνήστου]
579 2281 633 2318 Ita
651 2281 689 2317 in
709 2282 795 2332 ple-

130 2338 256 2390 risque
296 2336 407 2374 codd.
448 2339 631 2388 scriptum
671 2346 793 2377 exstat

129 2393 245 2447 idque
263 2395 375 2431 etiam
389 2407 512 2431 unum
534 2408 669 2431 verum
683 2395 790 2433 vide-

129 2458 192 2489 tur
214 2451 485 2501 Wesselingio.
523 2452 620 2492 Diss,
649 2453 790 2492 Herod.

129 2509 199 2556 VI,
230 2509 296 2546 fin.
321 2521 408 2558 pag.
429 2510 496 2547 61.
518 2510 586 2548 62.
618 2507 695 2546 Viri
708 2523 794 2560 per-

126 2569 250 2614 petuae
280 2567 461 2603 memoriae
490 2577 621 2602 nomen.
690 2567 793 2603 San.-

131 2624 238 2660 crofti
259 2624 355 2660 liber
384 2634 473 2658 cum
500 2622 574 2658 alio
597 2621 660 2658 dat
689 2618 792 2674 Ἀρι-

131 2675 328 2728 μνήστου,
363 2677 465 2731 quod
501 2678 605 2715 idem
637 2678 792 2718 exhibet

131 2734 236 2772 Valla
265 2744 300 2773 et
331 2733 524 2773 Plutarch.
554 2735 708 2775 Arisiid.
740 2740 789 2778 19

131 2791 213 2829 init.
238 2794 324 2833 coll.
343 2791 620 2832 Pseudo-Plut.
644 2794 679 2830 II
700 2807 789 2846 pag.

856 1375 936 1415 873
959 1377 1006 1412 D.
1039 1376 1149 1413 Cous.
1175 1374 1290 1413 etiam
1322 1376 1423 1414 infra
1445 1378 1516 1426 IX,

911 1484 1036 1542 χρόνῳ
1057 1485 1224 1540 ὕστερον
1237 1486 1331 1540 μετοέ
1351 1487 1399 1529 τὰ
1418 1494 1520 1543 Μη-

856 1545 968 1594 cimai]
1002 1547 1168 1582 Plenum
1201 1547 1335 1599 utique
1368 1547 1520 1585 dicendi

854 1615 976 1652 genus
996 1605 1131 1639 Nostro
1159 1601 1264 1639 haud
1285 1603 1520 1656 infrequens,

853 1665 895 1695 ut
930 1659 1095 1696 vidimus
1130 1659 1179 1695 ad
1207 1661 1284 1707 III,
1328 1664 1397 1702 36·
1433 1662 1516 1709 VII,

853 1718 919 1756 33.
949 1717 1004 1763 v,
1035 1719 1086 1756 21
1121 1717 1207 1753 0011.
1237 1718 1296 1764 11,
1330 1716 1423 1758 154.
1449 1720 1514 1766 lv,

854 1773 946 1811 166.
1003 1771 1105 1808 Infra
1143 1774 1226 1821 IX,
1285 1774 1338 1815 75
1388 1772 1515 1828 χρόνῳ

849 1823 1016 1881 ὕστερον
1038 1825 1202 1869 τούτων.
1248 1832 1327 1878 ΙΧ,
1358 1833 1435 1872 83:
1466 1831 1517 1871 ὕ-

851 1885 972 1939 στέρῳ
997 1885 1129 1937 μέντοι
1149 1882 1279 1940 χρόνῳ
1299 1885 1394 1936 μετοὶ
1416 1891 1515 1927 ταῦ-

850 1958 898 1981 τα
938 1956 1009 1979 nec
1054 1957 1205 1994 prorsus
1237 1944 1406 1980 alienum
1442 1947 1514 1993 IX,

852 1997 924 2038 84:
957 1998 1169 2039 ἕπειτεν-
1190 1999 1352 2055 δευτέρῃ
1370 1999 1514 2057 ἡμέρῃ.

852 2055 962 2099 Quod
1002 2055 1041 2093 h.
1069 2057 1095 2093 l.
1130 2064 1367 2094 memoratur
1397 2072 1513 2109 proe—

851 2111 965 2156 lium,
998 2112 1037 2148 id
1070 2111 1117 2149 ad
1148 2114 1303 2149 tertium
1331 2117 1513 2165 pertinuit

850 2168 996 2205 bellum
1025 2170 1325 2219 Messeniacum,
1357 2170 1405 2208 de
1435 2186 1511 2224 quo

851 2227 1067 2263 notavimus
1115 2228 1301 2264 nonnulla
1348 2227 1398 2265 ad
1442 2231 1512 2275 IX,

851 2282 916 2323 35.
956 2282 1220 2334 Stenyclerum,
1256 2285 1420 2335 priscam
1448 2300 1513 2323 re-

849 2351 944 2389 gum
980 2342 1189 2377 Messeniae
1226 2340 1385 2391 sedem,
1427 2356 1515 2380 me-

848 2403 974 2433 morat
1012 2399 1176 2438 Pausan.
1214 2399 1284 2446 IV,
1334 2402 1358 2440 3
1401 2401 1439 2446 §.
1471 2398 1510 2440 4.

847 2454 1017 2507 itemque
1047 2468 1207 2506 campum
1235 2455 1511 2507 Stenyclen'cum

848 2512 923 2559 IV,
965 2514 1018 2552 33
1053 2513 1090 2557 ᾗ.
1125 2513 1165 2552 5.
1194 2513 1268 2558 IV,
1320 2514 1372 2554 16
1403 2516 1439 2560 §.
1469 2514 1510 2562 4,

848 2569 915 2605 ubi
950 2567 1028 2606 vid.
1067 2569 1238 2606 Siebelis.
1281 2582 1371 2621 pag.
1412 2572 1508 2611 128.

851 2627 944 2664 163.
1003 2625 1084 2662 Sita
1132 2625 1203 2662 fuit
1249 2627 1360 2675 urbs,
1414 2633 1510 2665 teste

848 2681 1037 2718 Strabone
1066 2683 1153 2719 VIII
1180 2695 1268 2733 pag.
1298 2685 1377 2724 361
1409 2697 1440 2722 S.
1469 2698 1510 2735 p.

848 2737 928 2779 555
963 2739 1011 2776 A.
1052 2739 1091 2775 iu
1136 2738 1264 2776 media
1300 2741 1509 2789 Messenia3

846 2794 949 2832 unde
983 2808 1164 2848 cmnpum
1203 2797 1510 2850 Stenyclericum
