1879 3222
437 217 504 254 DE
534 215 659 254 VITA
689 216 762 252 ET
793 215 1027 254 SCRIPTIS
1057 215 1338 253 HERODOTI.
1548 215 1633 256 395

258 328 319 366 Ad
339 329 647 379 septentrionales
666 328 778 363 Asiae
797 327 926 377 plagas
946 328 975 364 si
996 342 1064 365 nos
1093 336 1284 365 vertamus
1297 356 1306 372 ,
1336 334 1491 378 apparet
1521 341 1541 364 e
1573 328 1634 364 lo-

147 387 198 424 cis
228 388 276 434 11,
307 384 384 426 104
415 385 498 422 coll.
527 385 589 431 lv,
624 384 718 425 105.
745 384 809 428 IV,
839 386 903 431 86,
934 385 972 420 iu
996 385 1191 423 Colcla'rlem
1211 386 1356 422 venisse
1383 383 1635 432 Herodotum,

147 444 211 480 illa
240 441 342 480 haud
370 443 445 478 scio
470 454 518 477 an
549 442 766 488 occasione,
803 440 877 491 qu&
897 442 985 477 navi
1009 449 1138 478 vectus
1170 449 1208 478 et
1229 442 1378 478 Olbiam
1406 449 1443 479 et
1472 443 1636 493 reliquas

148 501 379 536 Graecorum
399 498 437 536 iu
458 499 522 534 illa
543 497 609 535 orit
628 499 713 534 sitas
735 498 900 534 colonias
919 498 1058 536 invisit.
1117 500 1215 534 ilinc
1245 497 1425 535 Colchide
1445 497 1636 550 Phasique

147 557 262 593 ssuvio
288 555 418 591 Asiam
448 557 606 591 omnino
637 555 832 591 terminari
861 561 1039 591 statuerat
1067 568 1135 605 pro
1164 556 1261 591 illius
1292 557 1420 592 aetatis
1451 555 1638 592 sententia

148 618 318 663 recepta:
351 611 451 650 conf.
473 612 538 657 lv,
559 610 612 651 45
634 612 719 649 coll.
742 613 809 651 38.
829 612 894 651 47.
953 612 1086 662 Neque
1117 624 1206 647 vero
1235 610 1282 646 ad
1308 612 1503 649 interiores
1534 612 1638 648 Cau-

148 670 221 706 casi
248 669 377 718 plagas
411 675 638 719 montesque
669 668 736 717 (cf.
757 670 786 715 l,
808 670 919 713 203),
939 680 1066 719 neque
1097 666 1145 704 ad
1167 668 1347 717 Caspium
1376 681 1497 720 usque
1517 681 1636 715 mare,

146 726 250 762 cuius
269 732 398 761 tamen
420 732 634 762 accuratam
660 726 790 762 habuit
809 726 983 761 notitiam
1001 725 1064 773 (cf.
1085 731 1182 761 nott.
1202 723 1250 760 ad
1270 726 1299 770 Ι,
1321 727 1422 772 202)
1443 738 1570 777 neque
1587 724 1636 761 ad

146 779 378 833 Scytharum
397 783 472 819 illic
492 784 717 832 vagantium
744 789 860 820 terras
889 794 1107 833 progressus
1137 794 1218 818 esse
1240 779 1414 818 videtur:
1445 788 1507 829 ut,
1540 794 1639 833 quae

145 836 193 875 de
226 836 286 875 his
315 839 561 876 inveniuntur
594 839 752 887 tradita,
802 840 961 875 aliorum
991 853 1011 875 e
1038 839 1274 875 sermonibus
1294 838 1446 874 fluxisse
1470 837 1641 888 putanda

144 895 230 932 sint.
289 895 400 934 Conf.
434 903 530 933 nott.
560 896 607 934 ad
641 900 669 944 Ι,
702 898 783 937 202
815 909 853 946 p.
889 894 969 937 455
991 896 1077 933 coll.
1093 897 1229 943 I‚203.
1251 896 1379 945 Heyse
1397 895 1423 931 1.
1442 895 1468 930 l.
1489 909 1526 945 p.
1547 892 1641 934 104.

149 953 241 992 105.
292 952 617 1004 Septentriffllales
653 955 830 1003 Europae
849 959 1008 1000 tractus,
1032 954 1097 1004 qui
1118 950 1349 1003 Scytharum
1370 952 1485 1002 vulgo
1508 950 1642 987 dicun-

145 1013 218 1055 tur,
244 1021 265 1044 a
286 1010 399 1046 Ponti
418 1011 561 1046 Euxini
581 1010 646 1047 orzi
668 1011 819 1046 Graecis
841 1010 982 1046 colonis
1013 1009 1157 1059 repleta
1185 1009 1483 1059 septentrionem
1510 1020 1641 1046 versus

146 1072 322 1103 extensos
346 1066 470 1119 aliqua
492 1074 593 1104 certe
620 1068 766 1103 ratione
786 1068 973 1117 inspectos
993 1079 1071 1102 esse
1091 1067 1137 1102 ab
1158 1064 1377 1113 Herodoto,
1409 1078 1430 1102 a
1450 1077 1542 1103 vero
1561 1077 1642 1101 non

146 1134 297 1172 prorsus
330 1123 534 1160 abhorrere
557 1122 725 1172 videtur,
757 1124 787 1160 si
821 1130 1036 1160 accuratam
1058 1129 1095 1159 et
1125 1123 1318 1172 copiosam
1337 1121 1450 1158 huius
1475 1122 1643 1172 regionis

147 1177 437 1230 descriptionem
463 1182 706 1230 reputaveris.
766 1178 863 1216 Vide
892 1181 939 1216 sis
968 1178 1106 1227 modo,
1136 1192 1186 1215 ne
1206 1180 1337 1229 plura,
1368 1179 1430 1226 IV,
1452 1178 1505 1218 46
1533 1191 1642 1230 seqq.

145 1236 209 1282 IV,
228 1238 293 1284 81,
327 1244 364 1274 et
384 1237 486 1274 conf.
505 1239 536 1286 Ι,
563 1238 652 1279 105.
672 1238 720 1284 Π,
750 1239 841 1276 103.
871 1237 934 1284 lv,
957 1235 995 1276 5.
1017 1239 1054 1277 7.
1075 1238 1112 1284 8,
1143 1237 1208 1272 ubi
1229 1235 1275 1272 ad
1293 1234 1455 1287 Sc3thas
1471 1242 1643 1272 auctoles

145 1300 340 1342 provocat.
379 1295 553 1346 Reliqua,
576 1307 673 1345 quae
692 1293 766 1330 huc
786 1267 1084 1340 faciu11t’‚ta1na
1104 1292 1281 1329 industri-2
1277 1307 1288 1327 ι
1315 1292 1496 1330 iudicavit
1516 1294 1600 1342 He3
1602 1305 1642 1328 se

145 1348 172 1386 l.
191 1349 214 1384 l.
235 1363 271 1399 p.
299 1352 554 1398 131—133,
586 1359 627 1387 ut
651 1349 747 1387 nihil
778 1363 867 1386 sane
897 1323 1037 1386 addere
1060 1362 1130 1399 ego
1151 1348 1328 1385 habeam.
1387 1351 1500 1385 Hunc
1530 1350 1560 1385 si
1581 1362 1644 1385 se-

148 1418 330 1457 quamur,
382 1420 502 1457 usque
531 1405 579 1442 ad
612 1405 892 1458 Borysthenem
921 1407 961 1442 iu
990 1407 1178 1457 Hylaeam
1197 1407 1397 1456 regionem
1425 1404 1642 1442 Herodotus

146 1464 385 1512 penetravit,
426 1462 573 1500 Gerrho
601 1465 718 1500 ssuvio
758 1465 941 1500 itinerum
974 1464 1139 1500 termino
1175 1464 1392 1499 constituto.
1449 1460 1545 1498 Mihi
1577 1463 1645 1498 vix

146 1520 314 1556 multum
329 1520 510 1557 introrsus
532 1519 580 1557 ad
603 1522 686 1558 loca
706 1520 985 1557 mediterranea
1008 1533 1226 1571 progressus
1249 1533 1326 1556 esse
1345 1519 1495 1557 videtur
1519 1520 1645 1555 Hero-

148 1574 278 1623 dotus,
320 1589 438 1628 quem
465 1579 586 1627 magis
616 1577 771 1615 credam
799 1579 839 1614 iu
868 1577 1020 1614 Graecis
1049 1578 1205 1613 coloniis
1240 1575 1289 1612 ad
1308 1576 1645 1626 septentrionalem

146 1633 262 1670 Ponti
290 1646 396 1669 oram
430 1633 589 1671 conditis
618 1641 836 1672 versantem
864 1647 886 1670 a
907 1632 1059 1683 Scythis
1089 1646 1137 1669 ex
1165 1633 1404 1669 interioribus
1425 1633 1644 1682 regionibus

146 1686 223 1726 huc
247 1691 470 1727 commercii
487 1703 598 1728 causa
618 1692 794 1742 profectis
813 1691 1014 1741 accepisse,
1046 1702 1298 1741 quaecunque
1330 1688 1377 1726 de
1397 1688 1454 1726 his
1474 1689 1561 1739 ipsis
1581 1702 1645 1724 re-

147 1747 324 1796 gionibus
346 1760 554 1799 earumque
573 1749 704 1785 incolis
725 1749 934 1784 memoriae
953 1746 1133 1797 prodidit.
1190 1748 1276 1783 Huc
1296 1747 1430 1793 refero,
1461 1759 1560 1798 quae
1579 1746 1644 1793 IV,

147 1805 330 1844 22-36
359 1803 406 1840 de
435 1805 573 1855 Iyrcis,
615 1804 875 1852 Issedonibus‚
911 1805 1012 1853 aliis,
1045 1816 1142 1855 quae
1162 1804 1225 1850 IV,
1251 1805 1342 1844 100.
1367 1801 1447 1843 104
1467 1815 1574 1854 seqq.
1595 1802 1645 1839 de

149 1858 392 1910 Agathyrsis,
431 1862 588 1908 Neuris,
617 1861 798 1910 Budinis,
831 1862 1008 1909 Gelonis,
1040 1862 1118 1897 aliis
1139 1859 1296 1910 profert.
1353 1861 1415 1894 Ex
1446 1872 1509 1895 ora
1531 1860 1645 1895 Ponti

150 1917 435 1965 septentrionali
454 1918 645 1954 maritimo
666 1920 789 1969 potius
811 1931 927 1970 quam
939 1917 1103 1968 pedestri
1117 1918 1250 1953 itinere
1270 1917 1309 1951 in
1325 1917 1646 1966 patriamregres-

150 1984 237 2008 sum
269 1985 347 2009 esse
371 1975 550 2010 Nostrum
570 1974 734 2012 dubitari
752 1976 905 2027 nequit3
935 1975 966 2010 si
987 1973 1143 2026 quidem
1163 1980 1279 2010 terras
1302 1979 1404 2009 trans
1424 1974 1645 2009 Danubium

151 2028 176 2064 i.
198 2042 231 2067 e.
254 2041 275 2065 a
294 2030 460 2066 Danubii
471 2033 725 2081 septentrione
745 2033 831 2068 sitas
852 2030 956 2067 haud
976 2031 1211 2081 cognoverit.
1271 2030 1329 2066 cf.
1340 2028 1456 2066 modo
1476 2030 1521 2076 V,
1534 2032 1644 2070 9.10.

151 2085 248 2122 Navi
256 2087 371 2136 igitur
379 2087 680 2137 profectussslbiii
696 2089 868 2139 pervenit
883 2087 931 2124 ad
944 2088 1027 2124 Istri
1042 2088 1134 2124 ostia
1149 2087 1310 2138 visitque
1322 2087 1467 2123 istriam
1476 2087 1646 2122 Milesio-

151 2154 240 2178 rum
254 2143 456 2191 colonkam,
470 2143 517 2180 de
530 2157 604 2196 qua
624 2146 671 2193 Π,
694 2148 760 2185 33.
783 2145 857 2185 34:
880 2157 1116 2196 quamquam
1129 2156 1227 2195 quae
1249 2142 1295 2180 de
1315 2144 1397 2193 ipso
1413 2145 1507 2179 lstro
1527 2143 1644 2180 fluvio

151 2200 349 2248 perscribit
362 2229 372 2246 ‚
402 2201 491 2236 talia
511 2209 612 2250 sunt,
644 2209 688 2239 ut
706 2202 867 2238 fiuvium
885 2202 994 2237 illum
1015 2201 1255 2237 Herodotum
1271 2198 1402 2237 adiisse
1423 2201 1487 2237 vix
1500 2199 1643 2239 credas.

153 2255 232 2302 Sic,
262 2258 316 2293 uti
336 2254 410 2293 hoc
429 2264 526 2302 utar,
536 2259 599 2307 IV,
621 2257 672 2299 48
694 2258 798 2310 quod
817 2265 944 2294 narrat
963 2259 1101 2295 Istrum
1120 2271 1272 2308 semper
1292 2257 1363 2293 sibi
1384 2269 1516 2308 parem
1529 2256 1645 2293 ssuere

153 2319 293 2349 aestate
323 2320 437 2365 atque
464 2313 615 2364 hieme,
655 2329 790 2353 verum
827 2314 1126 2367 haudquaquam
1154 2328 1232 2352 esse
1263 2315 1385 2366 quivis
1412 2314 1588 2363 iutelligit
1609 2320 1646 2351 et

153 2368 254 2405 bene
274 2371 419 2408 notavit
434 2372 555 2408 Kruse
574 2373 613 2408 in
630 2373 884 2409 Commentat.
906 2371 952 2409 de
969 2373 1050 2409 [stri
1067 2372 1166 2409 ostiis
1187 2385 1224 2422 p.
1245 2374 1298 2412 28
1318 2383 1425 2422 seqq.
1465 2372 1564 2406 Nam
1583 2377 1647 2408 sa-'

153 2426 200 2462 tis
222 2433 367 2463 constat
388 2439 433 2464 eo
456 2427 558 2480 quod
577 2429 712 2466 fluvius
732 2428 839 2466 hicce
859 2428 976 2466 modo
997 2430 1154 2466 auctiori
1172 2427 1288 2465 modo
1304 2428 1444 2464 minori
1459 2440 1646 2479 aquarum

156 2482 264 2534 copist
284 2484 466 2534 prossuat,
506 2487 689 2522 ostiorum
716 2493 830 2538 atque
859 2493 981 2523 terrae
1012 2485 1216 2522 adiacentis
1239 2485 1406 2535 speciem
1437 2483 1548 2522 valde
1568 2486 1646 2521 im-

154 2542 309 2577 mutari.
367 2542 466 2577 Hinc
485 2542 527 2578 in
546 2543 681 2579 talibus
701 2544 793 2580 alios
814 2550 984 2580 auctores
1004 2550 1153 2579 secutus
1175 2556 1252 2579 esse
1273 2540 1444 2590 videtur,
1465 2555 1555 2578 cum
1574 2542 1646 2592 ipsi

156 2593 251 2633 haec
275 2596 379 2634 adire
398 2599 557 2635 minime
578 2600 737 2637 licuerit.
794 2600 932 2637 Scribit
948 2601 1052 2635 enim
1071 2601 1118 2646 Il,
1139 2599 1191 2638 34
1216 2599 1298 2639 init,
1327 2600 1465 2635 Istrum
1483 2598 1646 2636 fluvium

159 2649 258 2703 πρὸς
285 2657 443 2693 πολλῶν
468 2650 747 2708 γινώσκεσθαι,
784 2655 871 2693 Vid.
892 2656 990 2692 infra
1011 2657 1046 2700 ξ.
1065 2657 1104 2695 8.
1163 2656 1195 2691 A
1217 2655 1420 2705 Sinopensi
1438 2663 1551 2692 nauta
1567 2657 1645 2693 sive

159 2717 366 2747 mercatore
385 2710 479 2749 haec
499 2714 678 2749 Nostrum
699 2712 877 2750 edoctum
898 2713 1067 2749 retulisse
1093 2713 1245 2749 coniicit
1276 2713 1396 2748 Kruse
1416 2713 1440 2748 l.
1466 2713 1492 2749 l.
1513 2726 1551 2762 p.
1577 2715 1644 2752 33.

162 2762 228 2802 34
256 2766 317 2803 Ad
336 2769 563 2806 Maeoticam
583 2769 764 2821 paludem
784 2782 905 2821 aeque
926 2776 1039 2821 atque
1060 2767 1109 2806 ad
1126 2770 1321 2806 interiores
1338 2770 1528 2807 Crimmae
1548 2782 1646 2818 pen-

161 2819 305 2859 insulae
338 2830 478 2864 tractus
501 2826 741 2864 Herodotum
774 2827 989 2878 pervenisse
1015 2839 1129 2877 nego.
1185 2825 1271 2864 vid.
1300 2833 1395 2864 nott.
1426 2825 1474 2863 ad
1493 2826 1646 2875 1v‚86.
