1879 3222
412 202 479 239 DE
507 200 632 238 VITA
659 200 733 238 ET
767 200 1000 240 SCRIPTIS
1029 200 1307 239 HERODOTI.
1513 202 1595 244 431

796 358 834 403 §.
858 359 918 397 18.

229 486 285 521 De
306 480 487 519 Herodoti
507 479 729 517 editionibus
746 486 893 530 praeter
913 492 968 529 ea,
982 494 1078 532 quae
1097 483 1327 534 Wesseling.
1345 490 1381 521 et
1397 481 1597 534 Schweig-

118 540 285 578 haeuser.
316 540 354 575 in
383 539 546 575 Praesat.
576 545 829 583 monuerunt,
864 535 941 574 vid.
969 540 1204 588 potissimum
1235 541 1395 577 Fabricii
1414 540 1597 579 Biblioth-

117 600 250 635 Graec.
279 597 314 632 11
340 609 377 646 p.
401 599 481 636 357
512 608 591 646 seq.
621 595 707 632 coll.
733 593 962 644 Schweiger.
991 595 1219 633 Handbuch.
1243 596 1281 634 d.
1314 598 1420 634 class.
1449 598 1598 634 Biblio-

117 651 250 705 graph.
279 654 297 689 Ι
325 665 412 703 pag.
446 654 523 693 138
550 664 629 703 seq.
711 653 786 688 Nos
821 649 883 687 hic
921 653 1050 702 paucis
1085 659 1235 690 tantum
1267 655 1464 704 primarias
1495 653 1598 691 indi-

115 711 294 748 cabimus.

225 767 281 802 Ac
292 766 457 816 primum
480 764 634 817 quidem
654 764 783 802 Latine
799 763 938 816 prodiit
956 764 1170 803 Herodotus
1184 766 1351 803 Venetiis
1366 779 1466 804 anno
1491 765 1597 808 1574

112 821 180 863 fol.
201 836 270 873 per
288 823 523 859 Laurentium
548 822 687 860 Vallam
708 836 728 858 e
749 823 893 859 Graeco
914 823 952 857 in
973 823 1155 859 Latinum
1176 836 1390 861 conversus.
1448 825 1493 860 In
1523 837 1599 875 qua

114 881 291 916 versione
309 881 457 930 saepius
488 878 575 915 dein
599 879 695 930 typis
716 880 872 929 repetita
893 879 980 916 licet
995 878 1098 916 haud
1113 893 1235 930 pauca
1264 881 1454 932 requiras,
1476 881 1598 917 multa

111 936 200 973 licet
219 936 312 973 falso
345 935 489 973 reddita
512 943 576 972 aut
598 938 712 972 etiam
735 937 846 986 plane
861 937 996 973 omissa
1019 944 1240 988 corruptave
1259 938 1452 983 invenias,
1481 936 1530 974 ad
1548 937 1599 973 il·-

110 993 185 1029 lius
206 994 335 1030 aetatis
357 991 612 1030 conditionem
633 1005 786 1044 qnoque
801 992 1078 1044 respiciendum
1099 1001 1175 1042 est,
1205 1007 1330 1046 neque
1357 993 1453 1031 illud
1485 1007 1599 1045 prae-

113 1049 401 1098 tervidendum‚
444 1063 464 1085 e
498 1049 628 1086 codice
658 1051 802 1086 Graeco
828 1051 908 1100 ipso
925 1051 1031 1086 illam
1058 1064 1136 1087 esse
1164 1051 1305 1087 factam
1334 1052 1490 1103 eiusque
1510 1065 1599 1102 spe-

113 1108 211 1144 ciem
234 1106 427 1159 quandam
446 1107 496 1142 ita
513 1107 668 1153 referre,
704 1114 771 1153 ut,
800 1106 892 1158 quid
922 1108 961 1143 in
994 1107 1190 1144 volumine
1226 1109 1371 1145 Graeco
1404 1109 1598 1156 exstiterit,

109 1162 200 1199 inde
231 1165 394 1214 colligas.
452 1164 575 1208 Quare
604 1164 819 1199 maximum
852 1165 930 1200 eius
962 1177 1075 1200 usum
1106 1177 1184 1200 esse
1205 1165 1242 1200 in
1264 1178 1305 1201 re
1329 1165 1456 1201 critica
1476 1166 1598 1217 quivis

111 1220 300 1270 intelligit.
359 1220 487 1256 Vallae
509 1227 636 1256 autem
658 1234 747 1256 cum
766 1221 877 1257 multi
896 1221 1015 1257 multa
1037 1222 1300 1272 exprobrarint
1320 1220 1444 1274 deque
1461 1223 1599 1259 Latina

110 1277 202 1313 Eius
250 1277 420 1313 versione
459 1278 623 1313 multum
675 1276 906 1314 detraxerint
922 1307 931 1325 ‚
978 1278 1084 1315 iuvat
1113 1291 1328 1328 apponere,
1388 1292 1485 1330 quae
1512 1285 1599 1329 post

109 1333 312 1370 Erasmum
342 1341 379 1370 et
407 1335 532 1384 ipsum
562 1334 690 1369 Vallae
736 1336 1038 1384 patrocinantem
1067 1336 1213 1384 scripsit
1235 1348 1407 1372 summus
1437 1337 1600 1372 Wesse-

108 1389 248 1440 lingius
269 1392 423 1427 Dissert.
444 1390 585 1427 Herod.
607 1392 693 1426 VIII
713 1404 748 1441 p.
769 1390 848 1430 75:
882 1391 1027 1439 „Vertit
1055 1392 1084 1427 is
1106 1393 1278 1428 omnium
1300 1393 1442 1443 primus
1471 1395 1599 1429 Hero-

110 1445 188 1483 doti
216 1448 341 1483 Musas
379 1454 415 1484 et
445 1454 547 1484 veste
574 1448 710 1484 Latina
734 1448 880 1484 ornavit
907 1461 985 1484 non
1013 1460 1164 1498 prorsus
1205 1449 1434 1499 inelegante.
1509 1451 1598 1486 Non

110 1502 266 1554 quidem
288 1517 420 1540 eorum
444 1505 589 1541 nescius
610 1518 694 1540 sum
708 1534 717 1551 ,
752 1518 850 1557 quae
869 1505 914 1541 P.
934 1507 1030 1544 Dan.
1054 1506 1212 1542 Huetius
1232 1507 1271 1542 in
1294 1519 1382 1542 eum
1401 1506 1501 1555 iecit,
1524 1519 1599 1543 ne·-

108 1573 185 1611 que
199 1561 308 1596 facile
324 1560 522 1608 admisero,
556 1564 759 1599 oscitantem
779 1564 920 1611 saepius
944 1565 976 1598 et
997 1562 1091 1598 alias
1110 1575 1163 1598 res
1186 1566 1345 1611 agentem
1365 1564 1477 1613 fidem
1499 1563 1597 1613 apud

107 1617 263 1654 eruditos
291 1617 475 1654 decoxisse.
544 1620 718 1665 Erravit,
758 1619 880 1655 fateor
898 1630 1010 1668 saepe
1025 1646 1036 1665 ,
1076 1617 1254 1669 deceptus
1275 1619 1413 1656 codicis
1433 1621 1490 1656 sui
1503 1621 1598 1657 scri-

106 1673 239 1723 ptura,
270 1686 382 1724 saepe
407 1687 561 1726 quoque
582 1676 725 1724 ingenii
744 1676 840 1712 vires
862 1673 965 1711 haud
989 1675 1086 1711 bene
1104 1674 1326 1724 intendens,
1357 1682 1400 1713 ut
1420 1689 1464 1713 ea
1483 1689 1597 1728 prae-

106 1736 275 1777 teream,
313 1733 473 1783 quaein
503 1732 644 1768 Latinis
675 1733 753 1768 eius
783 1731 1071 1781 flagitiosissime
1098 1739 1186 1769 sunt
1216 1740 1405 1783 corrupta.
1461 1735 1513 1770 At
1547 1732 1597 1770 da

105 1785 202 1823 mihi
217 1788 462 1839 interpretem
475 1818 484 1836 ,
522 1789 586 1840 qui
605 1790 748 1839 primus
771 1789 960 1825 Graecum
979 1789 1203 1839 scriptorem
1222 1791 1357 1826 Latine
1383 1791 1489 1841 loqui
1523 1788 1596 1827 do-

107 1845 246 1891 cuerit,
286 1845 332 1880 ab
370 1847 475 1880 omni
505 1852 659 1895 peccato
686 1842 916 1882 immunem.
972 1844 1059 1882 Vid.
1090 1845 1228 1894 Poggiz'
1254 1847 1388 1882 Latina
1407 1845 1593 1895 Diodori:

107 1907 294 1950 quantum
318 1914 406 1937 vero
424 1900 625 1938 discrimen
646 1900 858 1938 Diodorum
879 1903 978 1938 inter
999 1909 1035 1938 et
1051 1901 1289 1938 Herodotum
1302 1932 1311 1949 ,
1344 1909 1437 1955 quot
1457 1916 1536 1940 non
1555 1904 1594 1940 in

106 1956 178 1992 illis
209 1955 440 1995 commissa?
498 1957 576 1995 Sed
606 1957 647 1995 id
676 1971 755 1995 non
790 1959 958 2008 agimus,
989 1965 1032 1995 ut
1053 1959 1183 1995 Vallae
1207 1960 1328 1996 versio
1363 1961 1486 1997 omnis
1505 1974 1595 2011 pec-

108 2013 181 2049 cati
199 2014 244 2049 sit
268 2026 415 2064 expers.
473 2015 593 2051 Multa
615 2014 880 2052 animadvertit
908 2021 945 2051 et
973 2014 1105 2051 dextre
1125 2016 1273 2052 sanavit
1301 2017 1358 2052 vir
1377 2030 1484 2053 rarae
1505 2030 1595 2054 eru—

108 2068 258 2106 ditionis
280 2076 316 2106 et
335 2069 542 2108 modestiae
558 2072 698 2108 Paulus
717 2070 938 2122 Leopardus
951 2100 961 2118 ,
991 2072 1101 2122 plura
1120 2073 1169 2110 H.
1191 2071 1422 2123 Stephanus.
1480 2072 1594 2111 Haud

105 2132 233 2162 tamen
261 2139 382 2176 pauca
412 2135 517 2175 sunt,
553 2141 650 2179 quae
678 2129 732 2164 illi
750 2128 930 2179 imputari
948 2128 1070 2165 solent
1085 2158 1095 2177 ,
1127 2141 1291 2181 quorum
1311 2130 1464 2181 culpam
1482 2143 1595 2182 prae-

104 2189 202 2219 stare
221 2196 300 2219 nou
322 2182 446 2221 debet.
505 2184 691 2231 Schedae,
724 2198 814 2237 quas
836 2186 932 2222 inter
951 2184 1178 2222 vertendum
1197 2188 1404 2236 usurpavit,
1426 2189 1593 2238 primore

103 2239 144 2276 in
164 2240 259 2276 libro
280 2241 407 2277 multis
427 2242 594 2291 partibus
625 2241 795 2278 defectae
816 2243 1048 2294 mutilaeque
1070 2244 1216 2283 erant.“
1270 2245 1350 2281 Nec
1364 2245 1470 2281 aliter
1488 2244 1593 2282 idem

104 2296 382 2346 Wesselingius
407 2297 588 2336 iudicavit
628 2300 668 2335 in
695 2299 852 2349 praefat.
921 2298 1105 2336 Herodot.
1144 2301 1181 2345 ξ.
1214 2303 1252 2341 3.
1311 2302 1439 2347 Quum
1477 2302 1593 2353 igitur

104 2353 235 2389 Vallae
255 2354 374 2390 versio
395 2355 529 2391 Latina
552 2353 655 2392 haud
678 2357 806 2407 paucis
835 2356 926 2394 locis
956 2357 1002 2393 ab
1023 2358 1184 2394 auctoris
1205 2364 1335 2394 mente
1358 2359 1508 2396 aberret
1527 2365 1593 2397 aut

104 2408 200 2446 adeo
228 2410 388 2447 obscura
414 2412 481 2460 sit,
515 2418 555 2448 ut
582 2412 674 2464 quid
706 2414 872 2450 Graecus
903 2414 1073 2465 scriptor,
1105 2413 1197 2465 quid
1227 2415 1415 2465 Interpres
1435 2417 1591 2453 Latinus

105 2465 231 2504 dicere
250 2468 435 2516 voluerit,
482 2469 672 2506 incertum
693 2470 739 2506 sit
753 2499 763 2518 ,
796 2483 992 2522 quumque
1022 2477 1060 2508 et
1080 2471 1293 2508 Gronovius
1320 2478 1357 2508 et
1379 2473 1590 2509 Wesselin-

104 2524 186 2573 gius
200 2522 305 2561 haud
325 2537 444 2575 pauca
466 2527 638 2577 quamvis
658 2526 886 2578 refingentes
905 2528 978 2564 alia
998 2539 1120 2580 eaque
1140 2528 1302 2577 plurima
1331 2529 1471 2566 intacta
1497 2530 1591 2567 reli-

104 2581 264 2630 querint,
285 2588 403 2618 totam
421 2583 597 2619 Latinam
617 2584 829 2620 versionem
851 2583 898 2621 de
916 2585 1064 2634 integro
1084 2584 1272 2634 refingere
1291 2597 1453 2638 eamque
1468 2587 1591 2624 Grae-

105 2636 157 2672 cis
184 2638 306 2675 verbis
333 2639 374 2674 in
401 2651 469 2675 sua
500 2638 666 2676 editione
684 2641 870 2678 subiicere
890 2639 1256 2690 Schweighaeusero
1285 2643 1410 2680 visum
1433 2650 1510 2681 est:
1540 2642 1589 2681 de

106 2702 182 2742 quo
204 2694 281 2731 eius
302 2696 457 2732 consilio
478 2696 579 2733 conf.
599 2695 781 2733 Eiusdem
801 2698 964 2736 praefat.
987 2712 1024 2749 p.
1038 2699 1256 2736 XI-an

220 2750 365 2788 Graecis
391 2752 506 2789 literis
545 2766 741 2804 expressae
769 2756 935 2804 primum
963 2753 1136 2805 prodiere
1162 2756 1201 2792 in
1238 2756 1367 2792 lucem
1403 2754 1587 2792 Herodoti

105 2802 236 2841 Musae
254 2807 418 2845 Venetiis
441 2808 544 2861 apud
563 2810 693 2849 Aldum
716 2808 923 2849 Munatium
945 2811 1052 2852 1502
1071 2819 1108 2849 et
1125 2811 1216 2849 inde
1245 2811 1452 2864 descriptae
1470 2813 1585 2852 BasiI.
