1996 3238
646 214 990 250 URANIA.
1048 214 1172 251 VIII.

307 338 391 367 πον
403 338 412 347 “

1510 216 1561 253 11

469 323 542 365 ἵνα
572 322 624 378 δὴ
655 321 952 378 περιλάβοιεν,
984 323 1028 365 οἵ
1055 322 1152 378 μὲν,
1183 320 1319 379 ταύτῃ
1350 319 1563 376 ἀπικόμε-

309 407 400 442 νοι,
454 389 526 432 καὶ
563 388 803 444 φράξαντες
842 388 986 433 αὐτῶν
1024 388 1105 446 τὴν
1149 388 1287 433 ὀπίσω
1334 389 1558 445 φέρουσαν

280 459 438 511 Ξὸδὸν,
483 462 606 513 σφεῖς
643 458 710 509 δὲ,
751 457 1031 513 ἐπισπόμενοι
1069 457 1111 508 ἐξ
1147 456 1358 513 ἐναντίης.

1423 460 1563 500 ταῦτα

306 526 648 585 βουλευσάμενοι
675 525 926 583 ἀπέπεμπον
961 529 1049 568 τῶν
1075 527 1188 568 νεῶν
1219 521 1298 575 τὰς’
1323 526 1561 580 ταχθείσας,
1573 531 1618 564 90

310 595 435 639 αὐτοὶ
463 593 544 638 οὐκ
574 595 619 638 έν
647 593 735 651 νόῳ
766 595 934 650 ἔχοντες
963 592 1120 648 ταύτης
1150 595 1225 649 τῆς
1257 592 1418 648 ἡμέρης
1447 598 1562 637 τοῖσι

295 663 472 721 ’Ἑλλησι
505 661 812 719 ἐπιθήσεσθαι,
844 661 947 704 οὐδὲ
977 659 1192 715 πρότερον
1224 659 1252 715 ἢ
1281 659 1329 703 τὸ
1362 660 1563 717 σύνθημά

308 744 388 787 σφι
428 732 571 787 ἔμελλε
609 730 884 786 φανήσεσθαι
940 728 1060 783 παρὰ
1107 731 1194 771 τῶν
1229 729 1566 782 περιπλωόντων

276 806 298 840 3
311 799 369 850 ὠς
393 799 604 855 ἡκόντων.

660 796 817 849 ταύτας
845 814 923 854 μεν
953 796 1005 852 δη
1040 797 1351 878 περιέπεμπον·
1392 800 1481 839 τῶν
1519 797 1566 839 δὲ

307 867 494 911 λοιπέων
526 882 638 909 νεων
668 882 714 910 εν
743 878 841 923 τῃσι
875 864 1074 922 Ἀφέτησι
1104 864 1323 908 ἐποιεῦντο
1366 863 1567 920 ἀριθμόν.
1578 869 1622 904 95

208 935 241 980 8
304 934 375 978 Ἐν
405 936 450 979 δὲ
479 934 620 989 τούτῳ
650 937 711 989 τῷ
741 932 898 990 χρόνῳ,
932 934 977 976 έν
1008 950 1041 990 ῳ
1072 928 1195 976 οὗτοι
1229 931 1423 988 ἀριθμὸν
1452 934 1566 976 ἐποι-

307 1006 432 1046 εῦντο
462 1005 550 1045 τῶν
578 1005 714 1052 νεῶν,
753 1004 808 1057 ην
836 1000 918 1058 γάρ
949 1002 995 1044 ἐν
1031 1004 1092 1058 τῷ
1124 1001 1399 1057 στρατοπέδῳ
1427 1000 1566 1057 τούτῳ
1625 1022 1709 1049 mnus
1727 1022 1856 1056 pmdita

309 1071 527 1126 Σκυλλίης
565 1074 836 1121 Σκιωναῖος,
885 1068 1013 1125 δύτης
1051 1086 1140 1113 των
1178 1069 1274 1113 τότε
1316 1068 1568 1123 ἀνθρώπων

307 1138 502 1193 ἄριστος·

563 1137 610 1189 ὃς
640 1139 712 1182 καὶ
742 1139 789 1182 ἐν
819 1140 871 1193 τῇ
900 1138 1086 1195 ναυηγίῃ
1115 1141 1168 1196 τῇ
1188 1136 1297 1181 κατα
1325 1138 1372 1181 τὸ
1397 1137 1566 1193 Πήλιον

306 1207 517 1263 γενομένῃ
538 1205 678 1249 πολλὰ
698 1207 776 1260 μὲν
797 1206 927 1249 ἔσωσε
957 1210 1046 1248 τῶν
1063 1205 1296 1262 χρημάτων
1320 1210 1433 1250 τοῖσι
1455 1206 1568 1260 Πέρ-

309 1285 433 1331 σῃσι,
475 1273 615 1317 πολλοὶ
659 1273 704 1317 ὁὲ
744 1275 817 1317 καὶ
840 1274 988 1337 ’,αὐτὸς
1025 1273 1323 1336 περιεβ-ᾴλετο·

1376 1271 1505 1325 οὗτος
1546 1272 1570 1318 ὁ
1587 1281 1604 1315 1

307 1344 525 1399 Σκυλλίης
555 1342 601 1385 έν
631 1342 721 1399 νόῳ
758 1343 837 1396 μὲν
864 1340 947 1398 εἶχε
976 1343 1064 1397 ἄρα
1092 1343 1166 1386 καὶ
1195 1342 1413 1396 πρότερον
1443 1342 1569 1385 αὖτο-

307 1409 513 1465 μολήσειν
541 1409 584 1461 ἐς
613 1410 715 1460 τοὺς
740 1409 970 1466 “Ἐλληνας,
1003 1408 1090 1453 ἄλλ’
1123 1409 1176 1453 οὐ
1204 1410 1287 1465 γάρ
1310 1412 1352 1453 οἱ
1371 1411 1565 1465 παρέσχε,

276 1475 368 1528 2059
396 1476 503 1521 τότε.

474 1626 565 1678 Cap.
586 1627 687 1665 VIII.

308 1697 362 1734 ην
382 1679 457 1735 γὰρ
481 1682 522 1722 ἐν
544 1685 597 1737 τῷ
616 1682 908 1749 στρατοπέδῳκ.

251 1755 282 1779 τ
304 1741 357 1788 λ.]
394 1741 512 1777 oratio
534 1725 817 1789 ἅνακόλουθος
840 1754 910 1778 eo-

253 1796 343 1848 dein
371 1796 488 1834 modo
518 1797 790 1848 intelligenda,
832 1811 909 1851 quo

254 1843 352 1901 VIII,
375 1853 400 1894 5
421 1854 488 1891 ubi
506 1853 586 1892 vid.

311 1911 509 1960 Σκυλλίης
524 1910 766 1959 Σκιωναῖος]
805 1910 912 1961 Scyl-

256 1967 336 2013 lias,
349 1968 414 2017 qui
427 1967 551 2005 Scione
561 1968 666 2015 urbe,
678 1969 784 2004 cuius
799 1981 913 2003 men-

256 2024 309 2059 tio
326 2022 407 2071 VII,
422 2025 502 2064 122
518 2023 696 2060 oriundus
719 2031 810 2071 erat,
833 2037 913 2061 non

259 2078 460 2128 Sicyonz'uS,
483 2088 525 2116 ut
544 2081 636 2117 falso
656 2079 779 2117 reddit
792 2081 912 2128 Valla,

258 2135 523 2171 celeberrimus
537 2135 651 2171 fuisse
662 2135 813 2172 videtur
831 2138 914 2172 uri-

257 2197 378 2237 nator‚
400 2190 505 2227 cuius
527 2192 640 2227 etiam
654 2193 913 2228 meminerunt

258 2249 421 2284 Pausan.
452 2249 503 2295 X,
527 2249 647 2288 1981.
679 2246 820 2284 Athen.
843 2250 912 2285 VII

257 2317 296 2354 p.
317 2305 396 2345 296
416 2305 460 2341 F.
490 2302 699 2354 Antholog.
721 2305 787 2342 Gr.
808 2306 838 2349 I,
859 2307 911 2345 (39

258 2361 332 2411 Ep.
358 2362 393 2408 1,
414 2361 479 2397 ubi
499 2359 577 2397 vid.
595 2362 801 2401 Iacobsgiu
813 2362 913 2398 Ani-

259 2415 464 2455 madverss.
484 2417 602 2467 T.11,
628 2423 647 2458 1
671 2416 795 2469 (VIII)
826 2431 914 2468 pag.

261 2475 343 2514 363
364 2486 441 2525 seq.
479 2473 590 2511 Unde
617 2476 783 2511 carmine
803 2476 914 2512 illum

262 2527 492 2566 honoratum
514 2544 592 2568 esse
606 2530 784 2569 discimus
806 2539 914 2569 etta-

262 2587 351 2623 bula
362 2586 461 2637 pict&
473 2595 806 2638 repraesentatum,
821 2589 916 2625 Del-

263 2641 422 2694 phisque
441 2645 539 2680 illius
559 2651 721 2682 statuam
739 2646 913 2696 positam.

264 2698 505 2737 Vid.P011uc.
517 2702 596 2748 Vll,
614 2705 701 2746 137,
723 2703 788 2753 qui
804 2704 917 2739 etiam

264 2769 398 2793 vocem
408 2753 529 2808 δύτης
540 2759 674 2808 attigit,
697 2771 771 2809 quo
782 2761 918 2796 Noster

267 2825 351 2851 usus
366 2818 435 2852 ‘est
445 2843 455 2863 ,
486 2822 614 2852 contra
642 2816 918 2854 Grammatico-

963 1642 1063 1677 rum,
1087 1634 1130 1665 ut
1149 1626 1322 1677 videtur,
1332 1635 1547 1680 praecepta.
1570 1651 1626 1657 —

964 1685 1027 1722 Ad
1046 1698 1158 1723 voces
1188 1700 1269 1724 των
1289 1682 1373 1724 τότε
1393 1681 1626 1736 α’νθρώπων

966 1743 1081 1789 confi,
1098 1756 1128 1780 sl
1139 1743 1233 1779 tanti
1247 1749 1312 1790 est
1332 1741 1467 1780 Matth.
1481 1744 1544 1781 Gr.
1559 1744 1626 1780 Gr.

968 1802 1006 1846 §-
1029 1802 1112 1840 272
1132 1800 1214 1836 init.
1237 1813 1276 1850 p.
1298 1773 1393 1840 ⁷557·

1025 1852 1070 1902 ὃς
1084 1855 1150 1894 καὶ
1167 1855 1208 1895 ἐν
1225 1871 1273 1910 τῃ
1297 1856 1468 1909 ναυηγίη
1484 1858 1535 1912 τῇ
1554 1872 1628 1895 κα·-

969 1928 1017 1951 τα
1037 1910 1080 1953 τὸ
1103 1909 1171 1963 ij
1177 1916 1262 1951 λιον
1282 1912 1494 1968 γενομέιη]
1541 1913 1626 1951 vid.

969 1970 1050 2015 VII
1083 1929 1170 2010 1882
1184 1983 1289 2022 seqq.
1323 1977 1359 2006 et
1389 1969 1438 2007 ad
1469 1970 1631 2008 verbum

969 2022 1222 2078 περιεβάλετο
1253 2027 1355 2064 conf.
1371 2034 1468 2064 nott.
1491 2026 1539 2063 ad
1561 2029 1628 2074 ΠΙ,

970 2086 1038 2123 71.
1071 2106 1122 2111 —-
1170 2085 1213 2119 In
1241 2096 1348 2134 seqq.
1385 2084 1522 2121 vocula
1551 2081 1630 2131 ἄρα

969 2139 1141 2188 pluribus
1160 2141 1368 2187 postposita
1388 2140 1564 2187 vocibus,
1585 2145 1630 2176 ut

970 2195 1033 2242 vl,
1046 2196 1110 2234 62.
1130 2194 1294 2242 V11‚35.
1313 2197 1404 2234 130.
1420 2195 1521 2244 VIII,
1535 2197 1627 2236 111.

972 2253 1064 2291 136.
1102 2252 1171 2297 IX,
1207 2252 1284 2290 108
1325 2252 1411 2290 coll.
1454 2251 1521 2293 58.
1558 2255 1627 2292 90.

968 2305 1146 2358 Aeschyl.
1160 2307 1237 2345 S.c.
1249 2305 1424 2348 Th.487.
1437 2309 1626 2359 Hartung.

974 2362 1099 2400 Lehre
1119 2378 1156 2402 v.
1179 2363 1216 2401 d.
1228 2365 1293 2402 Gr.
1313 2366 1414 2401 Part.
1426 2366 1490 2415 lp.
1503 2363 1598 2405 446.

1028 2416 1108 2459 ἄλλ’
1123 2416 1172 2460 ου’
1193 2416 1266 2472 γάρ
1283 2419 1324 2459 οἱ
1336 2420 1519 2472 παρέσχε]
1550 2422 1576 2459 i.
1595 2436 1626 2459 e.

970 2489 1076 2527 neque
1105 2490 1184 2515 vero
1210 2479 1347 2526 potuit,
1376 2491 1502 2530 neque
1523 2479 1626 2515 enim

972 2535 1006 2570 ei
1034 2535 1117 2571 talis
1148 2534 1282 2583 obtigit
1309 2536 1467 2583 occasio,
1499 2536 1627 2587 qualis

974 2598 1064 2628 tuno
1096 2587 1334 2644 (obtigerat).
1383 2593 1516 2644 Itaque
1546 2606 1625 2629 non

975 2646 1247 2698 recipiendum,
1270 2647 1373 2698 quod
1392 2650 1433 2685 in
1449 2661 1525 2685 uuo
1541 2648 1628 2686 cod.

976 2705 1187 2741 invenitur:
1210 2700 1289 2743 ἄλλ’
1306 2702 1419 2744 οὔπω
1440 2720 1462 2744 κ
1474 2722 1497 2744 α
1512 2720 1524 2743 ι
1537 2721 1557 2756 ρ
1573 2702 1624 2751 ὂς

976 2759 1153 2812 παρέσχε.
1192 2762 1257 2798 Tu
1277 2760 1353 2798 vid.
1372 2770 1469 2799 nott.
1490 2761 1537 2798 ad
1556 2763 1622 2809 111,

978 2820 1029 2857 73
1052 2825 1087 2854 et
1108 2817 1155 2855 ad
1174 2819 1274 2865 V111,
1295 2818 1361 2859 25.
1388 2821 1477 2859 100.
1496 2818 1586 2859 140.

1625 921 1670 947 Re
1688 927 1761 955 per
1755 919 1896 955 Scylliam

1623 955 1680 981 uri:
1675 958 1807 980 tiatorem

1625 989 1651 1014 G
1657 996 1809 1014 raecorurn
1844 987 1895 1014 du-

562 1477 668 1534 ὅτεῳ
695 1477 774 1532 μὲν
796 1478 848 1532 δὴ
867 1475 1015 1532 τρόπῳ
1046 1476 1095 1520 τό
1125 1477 1329 1521 ἐνθεῦτεν
1349 1478 1432 1534 ἤδη
1463 1478 1566 1521 ἀπί-
1625 1471 1703 1510 523
