1879 3222
478 209 942 265 CALLIOPE.

1001 228 1081 266 IX.
1298 228 1380 269 291

125 335 498 382 ἀπαλλάσσεσθαι·
540 334 788 387 έπείρεσθαί
815 351 859 379 τε
892 339 1151 394 Παυσανίην
1178 335 1227 381 τὸ
1257 336 1386 393 χρεὸν

0 395 66 444 55
122 409 190 462 εἰἠ
216 405 389 450 ποιέειν.

441 403 518 453 Ὡς
548 402 593 446 δὲ
623 401 796 447 ἀπίκετο
826 401 849 446 ὁ
879 403 1014 459 κη’ρυξ
1044 406 1085 457 ἐς
1114 405 1218 457 τούς
1247 410 1384 449 Λακε-

123 474 400 530 δαιμονίους,
438 471 532 524 ὥρα
551 472 594 514 τέ
624 483 760 528 σφεας
790 471 897 515 κατὰ
924 472 1068 529 χώρην
1086 473 1383 530 τεταγμένους,

96 543 197 586 maz
223 541 266 592 ές
293 541 437 583 νείκεα
467 538 729 594 ἀπιγμένους
759 540 904 584 αὐτῶν
931 539 1034 591 τοὺς
1063 540 1277 594 πρώτους.
1329 541 1440 594 (5ςὸ5

123 609 203 666 γὰρ
233 607 286 665 δή
317 608 644 663 παρηγορέοντο
674 608 753 652 τόν
774 608 1096 664 Ἀμομφάρετον
1129 609 1153 651 ὅ
1172 625 1216 651 τε
1239 609 1384 664 Εὐρυ-

125 677 232 729 ἄναξ
259 677 332 720 καὶ
362 674 385 720 ὁ
407 679 659 733 Παυσανίης
681 675 740 732 μή
762 675 1034 720 κινδυνεύειν
1049 677 1261 733 μένοντας
1281 679 1386 731 μού·

120 762 227 796 νους
241 743 678 801 Λακεδαιμονίων,οὕ
689 761 776 796 κως
796 746 986 788 ἔπειθον·
1008 745 1048 796 ές
1072 743 1098 788 ὂ
1118 744 1160 796 ές
1181 746 1326 789 νείκεοί
1340 763 1384 790 τε

122 813 413 870 συμπεσόντες
441 814 670 866 ἀπικέατο,
708 815 782 857 καὶ
812 811 835 857 ὁ
864 812 1002 869 κήρυξ
1030 817 1118 856 τῶν
1141 812 1387 870 Ἀθηναίων

93 881 358 937 3παρίστατό
387 894 467 937 σφι
495 881 740 938 ἀπιγμένος.

799 883 978 926 νεικέων
1019 882 1065 926 δὲ
1104 881 1126 924 ὁ
1155 881 1443 938 Ἀμομφα’-7ο

125 966 263 1005 ρετος,
292 949 503 1007 λαμβάνει
531 952 689 1006 πέτρον
720 948 990 1006 ἀμφοτέρῃσι
1028 953 1126 1006 τῇσι
1155 950 1287 1005 χερσὶ,
1316 952 1389 993 καὶ

120 1020 256 1069 τιθεὶς
295 1017 380 1074 πρὸ
415 1022 567 1063 ποδῶν
594 1022 682 1062 τῶν
711 1021 992 1070 Παυσανίεω,
1032 1018 1197 1074 ,,ταυ’τῃ
1227 1021 1280 1074 τῇ
1308 1017 1391 1073 ψή-

123 1104 223 1144 ,,φῳ
254 1089 541 1143 ψηφίζεσθαι,
583 1088 691 1143 ἔφη,
731 1086 790 1142 μὴ
820 1086 999 1142 φεύγειν
1036 1085 1140 1136 τούς
1178 1087 1389 1138 ξείνους·“

92 1155 292 1207 4ξείνους
330 1155 466 1210 λέγων
509 1154 614 1207 τούς
651 1154 914 1212 βαρβάρους.
972 1153 995 1198 ὁ
1026 1155 1093 1206 δὲ,
1125 1153 1390 1209 μαινόμενον

123 1223 197 1266 καὶ
227 1221 280 1266 οὐ
311 1223 532 1279 φρενήρεα
551 1225 716 1268 καλέων
739 1225 925 1276 ἐκεῖνον,
956 1221 1064 1277 πρός
1097 1239 1139 1266 τε
1173 1221 1250 1265 τόν
1265 1222 1390 1278 Ἀθη-

125 1292 262 1334 ναίων
279 1290 450 1347 κήρυκα
480 1291 781 1348 ἐπειρωτῶντα
800 1292 852 1336 τὰ
869 1291 1163 1346 ἐντεταλμένα,
1196 1290 1335 1345 λέγειν
1364 1289 1445 1334 675

125 1360 380 1416 Παυσανίης
439 1360 605 1405 ἐκέλευε
655 1361 709 1406 τὰ
761 1360 979 1416 παρεόντα
1023 1372 1102 1414 σφι
1145 1357 1388 1414 πρήγματα,

299 1546 391 1597 cap.
421 1546 499 1584 LV.

126 1632 227 1674 κατοῖ
247 1631 383 1689 χώρην
402 1633 683 1688 τεταγμένους]
705 1635 731 1672 ἰ.

70 1706 103 1730 e.
139 1706 200 1728 suo
238 1692 332 1740 loco,
381 1705 499 1744 quem
541 1698 731 1742 ceperant,

70 1749 254 1787 collocatos
295 1751 334 1786 in
366 1751 454 1788 acie.
510 1749 732 1785 Formulam

70 1802 170 1846 κατοῖ
188 1801 322 1858 χώρην
350 1806 458 1856 attigi
478 1805 526 1842 ad
547 1806 646 1855 VIII,
661 1808 731 1846 73.

75 1865 167 1903 108.
186 1883 241 1890 —-
267 1864 361 1899 Mox
380 1875 449 1913 pro
469 1863 573 1912 vulg,
603 1877 735 1912 παρη-

72 1914 236 1971 γόρεον,
268 1918 373 1971 quod
404 1932 494 1956 cum
525 1917 733 1956 Schaefero

73 1975 196 2013 tenuit
218 1974 350 2013 Matth.
365 2004 375 2023 ‚
398 1974 577 2027 equidem
602 1989 622 2012 e
643 1976 735 2012 Flo-

74 2032 224 2068 reutIuo
263 2033 420 2083 aliisque
457 2045 547 2068 cum
581 2033 733 2084 reliquis

76 2088 163 2126 edd.
187 2087 275 2125 dedi
293 2087 604 2139 παρηγορέοντο,
625 2096 667 2125 ut
687 2089 732 2136 V,

79 2144 170 2185 104.
190 2145 280 2192 VII,
306 2148 380 2192 13,
400 2145 467 2181 ubi
497 2144 631 2182 itidem
647 2157 734 2181 me-

75 2201 183 2239 dium
201 2202 392 2238 iuvenitur
411 2202 584 2238 verbum.

132 2257 323 2309 μένοντας
336 2254 531 2309 μούνους]
556 2261 638 2295 Hoc
654 2258 733 2309 opi-

75 2329 148 2353 nor
176 2328 256 2352 non
290 2315 338 2352 ad
359 2328 479 2351 unum
508 2322 652 2366 spectat
680 2317 737 2351 A-

76 2371 406 2423 mompharetum,
427 2371 493 2409 sed
504 2372 549 2409 ad
572 2374 738 2410 Amom-

76 2428 279 2480 pharetum
298 2429 376 2466 un&
398 2442 486 2466 cum
498 2427 653 2467 cohorte
667 2441 736 2466 sua

76 2488 352 2524 Pitauatarum.
409 2488 522 2524 Hunc
557 2487 637 2524 scil.
665 2486 737 2523 ad-

79 2543 330 2589 hortabantur,
371 2556 413 2580 ηε
438 2546 511 2593 ipse
544 2556 622 2581 cum
649 2544 735 2590 suis,

82 2602 143 2648 qui
157 2600 224 2638 soli
245 2613 287 2638 ex
304 2601 459 2637 omnibus
487 2600 601 2638 relicta
627 2603 737 2638 essent

85 2655 297 2706 Spartani-⁹,
325 2657 484 2707 periculo
501 2670 536 2694 se
562 2658 735 2724 qbiiceret.

83 2733 137 2740 —
163 2713 225 2750 Ad
261 2714 468 2751 formulam
505 2713 544 2761 ἐς
573 2710 594 2754 ὃ
633 2713 735 2752 conf.

82 2766 217 2866 Ιέῐὲὶέὼ.
246 2771 313 2809 Gr.
333 2772 400 2809 Gr.
432 2772 470 2817 §-
491 2769 570 2811 480
597 2771 620 2807 b
650 2783 737 2821 pag.

845 1518 968 1575 ταύτῃ
1008 1523 1056 1577 τῇ
1095 1515 1226 1573 ψήφῳ
1254 1543 1311 1548 -
1354 1517 1450 1568 τούς

789 1579 960 1627 ξείνους]
995 1579 1018 1615 ἰ.
1049 1592 1081 1614 e.
1125 1578 1186 1614 hoc
1210 1577 1347 1615 calculo
1374 1591 1448 1615 eam

788 1649 824 1672 se
837 1635 935 1685 ferre
950 1636 1177 1681 seutentiam,
1200 1647 1267 1671 non
1290 1633 1447 1684 fugien-

790 1692 852 1729 dos
892 1706 962 1729 esse
995 1692 1201 1741 peregrinos
1249 1704 1279 1728 s.
1326 1690 1450 1727 hostes.

788 1749 894 1794 Quae
907 1747 1042 1785 eadem
1064 1759 1242 1784 enarrans
1254 1744 1450 1784 Plutarch.

787 1805 943 1844 Aristid.
979 1818 1070 1871 cap.
1102 1807 1151 1844 17
1180 1817 1267 1855 pag.
1300 1806 1380 1844 328
1400 1805 1448 1840 E-

788 1863 840 1899 sic
873 1862 1004 1898 eflert:
1046 1856 1244 1913 οἷραμενος
1271 1863 1358 1898 ταῖν
1390 1874 1448 1910 χε-

789 1922 878 1983 ροῖν
908 1918 1050 1970 πέτρον
1085 1916 1207 1968 μέγαν
1245 1914 1268 1955 ὁ
1304 1910 1448 1967 Ἀμομ-

790 1971 981 2026 φάρετος,
1012 1973 1078 2013 καὶ
1109 1969 1345 2024 καταβαλων
1369 1988 1446 2024 προ

788 2047 870 2070 των
908 2032 1047 2071 ποδῶν
1080 2032 1152 2069 τοῦ
1197 2029 1448 2077 Παυσανίου,

789 2102 939 2137 ταυτην
966 2087 1043 2137 ἔφη
1056 2088 1204 2136 ψῆφον
1224 2081 1344 2132 αὕτος
1359 2085 1450 2137 περὶ

788 2146 859 2194 τῆς
884 2140 1010 2195 μάχης
1030 2144 1302 2182 τίθεσθαι.-
1334 2141 1449 2193 Apud

789 2201 1029 2238 Herodotum
1078 2212 1176 2251 quae
1213 2205 1449 2250 sequuntur:

793 2258 946 2306 ξείνους
967 2255 1089 2309 λέγων
1101 2252 1194 2302 τούς
1208 2251 1449 2308 βαρβάρους,

792 2313 928 2351 eadem
949 2320 1096 2351 exstant
1116 2314 1184 2360 IX,
1213 2316 1271 2359 11,
1292 2313 1358 2349 ubi
1373 2311 1452 2350 vid.

792 2379 888 2408 nott.
937 2372 994 2408 Ac
1027 2371 1186 2420 passim,
1227 2370 1452 2406 observante

791 2428 1069 2478 Wessellugio,
1106 2425 1216 2463 huius
1242 2425 1348 2463 modi
1378 2427 1451 2463 ite-

791 2486 957 2523 rationes
982 2490 1198 2530 occurrunt‚
1228 2490 1270 2520 ut
1290 2484 1361 2528 ΙΙΙ,
1385 2486 1450 2524 12.

792 2544 1059 2591 V1,109.—
1093 2540 1155 2577 Ad
1188 2553 1323 2577 vocem
1353 2553 1450 2591 φρε·

793 2596 931 2669 νήρης
938 2599 1038 2636 conf.
1061 2604 1156 2634 nott.
1175 2596 1222 2634 ad
1241 2598 1317 2645 ΙΙΙ,
1338 2596 1406 2638 25.

848 2671 868 2695 ο
893 2652 935 2694 δὲ
955 2678 1004 2683 -—
1029 2653 1155 2706 λέγειν
1177 2669 1196 2693 ο
1213 2653 1447 2704 Παυσανίης

792 2710 963 2762 ἐκέλευε]
1002 2711 1126 2749 Oratio
1161 2709 1335 2748 nonnihil
1364 2717 1447 2747 tur-

793 2770 892 2808 bata.
951 2766 1062 2814 Quod
1079 2768 1181 2804 enim
1199 2769 1304 2805 initio
1324 2768 1447 2819 perio-

794 2825 832 2863 di
854 2832 974 2864 exstat
994 2824 1017 2866 ό
1034 2822 1099 2875 δὲ,
1128 2823 1167 2861 id
1197 2826 1340 2878 aliquot
1361 2837 1446 2863 ver-

1092 2884 1142 2922 19
1161 2879 1184 2907 *
