1879 3222
7 549 73 593 43

454 182 916 220 CALLIOPE.

973 183 990 218 1
999 182 1049 219 X.
1308 181 1392 222 273

132 294 310 350 »εὔνοοι
346 292 486 342 ἐόντες
515 290 731 346 Πέρσῃσι,
777 290 936 346 ἥδεσθε
973 292 1105 335 τοῦδε
1135 291 1297 344 εἵνεκα,
1336 288 1395 343 ὦς

131 361 489 419 ,,περιεσομένους
517 357 651 414 ἡμέας
673 356 932 414 Ἑλλήνων.“
984 358 1131 402 Ταῦτά
1151 370 1230 416 σφι
1260 361 1394 412 εἴπας,

135 430 314 484 δεύτερα
341 425 542 482 ἐσήμαινε
570 425 892 481 παραρτέεσθαί
911 441 955 469 τε
984 426 1125 470 πάντα
1154 428 1227 471 καὶ
1256 426 1395 484 εὐκρι-

134 499 213 543 νέα
239 495 483 547 ποιέεσθαι,
525 490 582 543 ὠς
611 494 700 550 ἅμα
739 492 876 550 ἡμέρῃ
915 497 969 551 τῇ
1006 494 1189 551 ἐπιούσῃ
1229 499 1452 552 συμβο-7ο

130 570 209 622 λῆς
243 563 458 618 ἐσομένης.
502 565 673 606 Τοῦτον
704 560 746 605 δ’

131 631 386 688 Μαρδόνιος
423 629 512 675 εἶπε
548 631 590 682 ές
633 629 804 684 Πέρσας
841 629 968 685 ἔχειν,
1006 630 1050 681 ἐς
1079 630 1316 683 Ἰλλυριούς
1352 648 1396 675 τε

793 561 925 618 ἔγωγε
969 561 1047 606 τὸν
1084 563 1278 618 χρησμὸν
1316 563 1394 607 τὸν

130 701 201 745 καὶ
220 700 296 743 τὸν
309 698 534 756 Ἐγχέλεων
551 698 737 753 στρατόν
754 695 855 741 οἶδα
874 696 1178 754 πεποιημένον,
1201 697 1288 741 ἀλλ’
1311 697 1394 742 οὐκ

99 768 175 819 Ξές
212 768 401 822 Πέρσας.
453 767 579 811 Ἀλλά
620 766 673 810 τοὶ
720 766 799 823 μὲν
835 763 994 809 Βάκιδι
1031 765 1075 818 ἐς
1109 763 1273 822 ταύτην
1315 765 1396 822 τὴν

129 834 272 892 μάχην
300 834 587 892 πεποιημένα·

223 913 304 959 Τὴν
329 912 369 949 δ’
395 912 456 949 ἐπὶ
476 912 711 959 Θερααίδοντι
733 912 796 947 καὶ
819 910 972 960 Ἀσωπῷ
997 910 1164 958 λεχεποίῃ
1408 918 1453 952 75

211 969 391 1017 Ἑλλήνων
416 969 595 1015 σύνοδον,
619 971 682 1006 καὶ
706 968 1010 1017 βαρβαρόφωνον
1038 966 1171 1014 lisy-riv·

74 1185 250 1215 servante
269 1180 538 1230 VVesselingio,
560 1177 734 1216 Eustath.

75 1234 124 1272 ad
143 1236 187 1273 11.
207 1249 247 1287 p.
269 1238 371 1286 961,
395 1240 418 1277 6
441 1250 468 1276 S.
492 1236 599 1285 942,
622 1235 690 1277 49.

271 1326 361 1378 Cap.
391 1327 529 1365 XLIII.

131 1403 171 1451 ἐς
204 1403 363 1456 Πέρσας
393 1403 514 1457 ἔχειν]
550 1405 575 1441 i.
597 1418 630 1443 e.
657 1418 737 1455 spe-

75 1465 189 1509 ctare,
206 1465 378 1512 pertinere
404 1463 453 1499 ad
479 1462 618 1499 Persas.
648 1461 737 1499 vid.

72 1524 170 1554 nott.
200 1518 249 1555 ad
275 1520 350 1566 111,
396 1518 464 1560 48.
512 1520 569 1554 De
597 1517 738 1569 Illyriis

74 1581 188 1625 atque
222 1575 497 1612 Enchelensz'bus
531 1573 609 1612 vid.
638 1582 737 1613 nott.

73 1630 123 1666 ad
140 1631 191 1678 V,
222 1634 270 1671 61
291 1645 301 1680 3
333 1631 380 1668 de
399 1631 538 1668 Bacz'de
568 1638 664 1668 nott.
689 1630 736 1668 ad

71 1687 172 1734 VIII,
193 1690 267 1735 203
291 1687 338 1725 de
358 1687 509 1724 Musaeo
532 1688 633 1724 conf.
654 1689 736 1735 VII,

74 1746 115 1784 6.
154 1744 265 1788 VIII,
309 1747 377 1785 96.
424 1744 614 1781 Voculam
653 1743 735 1783 ἐστί

73 1807 158 1851 post
178 1797 322 1840 Βάκιδι
350 1801 466 1851 vulgo
499 1802 682 1838 insertam
712 1814 734 1837 e

73 1858 294 1894 Florentino
344 1858 479 1894 abiecit
531 1857 735 1908 Schweig-

75 1911 301 1961 haemerus,
336 1912 394 1951 his
425 1914 581 1951 additis:
629 1913 736 1962 „gavi

77 1969 269 2005 adiectum
281 1977 358 2006 erat
367 1971 412 2006 ab
422 1969 492 2017 his,
510 1972 575 2021 qui
586 1970 632 2007 ad
644 1984 734 2007 con-

76 2027 313 2063 secutionem
337 2028 513 2063 orationis
531 2026 634 2063 haud
650 2028 737 2064 satis

78 2081 342 2130 attenderunt,
383 2096 481 2134 quae
521 2090 575 2120 est
604 2082 739 2120 huius-

76 2138 206 2176 modi:
239 2136 286 2177 vo?
307 2137 378 2188 μὲν
399 2136 544 2178 Βοῖκιδι
570 2154 740 2189 πεποιη-

78 2194 177 2247 μένα
196 2222 205 2232 .
228 2225 238 2236 .
253 2223 264 2234 .
282 2225 293 2235 .
311 2197 437 2234 ταῦτα
471 2193 543 2246 μὲν
576 2194 641 2234 καὶ
675 2193 740 2234 ἅλ-

77 2255 126 2292 λα
150 2252 353 2304 Μουσαίῳ
391 2253 550 2303 (nempe
571 2266 740 2302 πεποιη-

79 2307 198 2360 μένα)
220 2307 356 2359 ἕχοντα
377 2305 466 2348 οἶδα
492 2310 591 2346 etc.“
615 2310 742 2360 Equi-

80 2365 170 2403 dem
197 2378 286 2402 cum
306 2365 518 2403 Gaisfordio
539 2364 742 2416 Schweig-

79 2421 311 2459 haeuserum
330 2435 415 2459 sum
435 2429 597 2460 secutuS.
635 2423 742 2460 Reli-

81 2480 147 2532 qui
167 2477 256 2516 edd.
275 2480 511 2517 retinuerunt
531 2480 722 2531 copulam.

135 2555 211 2609 τήν
243 2552 284 2597 δ’
312 2556 377 2597 ἐπὶ
411 2554 665 2610 Θερμώδοντι
698 2574 737 2597 κ.

83 2628 119 2653 τ.
139 2616 192 2664 λ.]
223 2616 327 2651 Haec
359 2616 476 2653 verba
516 2629 564 2652 ex
599 2616 741 2652 oraculi

86 2678 266 2708 contextu
304 2672 458 2723 abrepta
504 2673 557 2709 ita
601 2671 742 2710 debent

87 2727 263 2778 intelligi,
284 2735 326 2766 ut
347 2728 395 2766 ad
416 2729 647 2766 accusativos
666 2726 741 2780 τήν

89 2779 260 2823 σύνοδον
279 2784 345 2824 καὶ
369 2783 490 2838 ἰϋγήν
514 2785 657 2839 aliquid
679 2798 741 2823 co-

147 2841 367 2880 HERODOT.
396 2844 462 2881 IV.

791 1179 930 1229 gitetur
949 1189 1238 1229 praegressum,
1271 1189 1308 1214 v.
1330 1190 1365 1214 c.
1389 1174 1453 1216 λέ·

791 1251 869 1288 γω,
918 1231 1039 1274 οἷείδω
1076 1235 1137 1271 vel
1175 1234 1299 1271 simile
1347 1233 1453 1285 qnid.

790 1294 874 1329 Hoc
896 1294 999 1327 enim
1018 1292 1079 1328 vel
1100 1292 1283 1342 particula
1305 1288 1359 1328 δὲ
1391 1292 1454 1326 in-

793 1348 920 1385 dicare
955 1347 1117 1385 videtur.
1169 1347 1454 1385 Thermodontem

791 1406 973 1452 fiuvium,
1015 1405 1079 1456 qui
1104 1417 1222 1454 prope
1243 1404 1455 1440 Glisantem

794 1475 814 1498 e
834 1464 986 1513 Hypato
1008 1468 1138 1497 monte
1154 1460 1306 1511 profluit
1327 1467 1364 1496 et
1382 1473 1454 1496 an-

792 1525 831 1555 te
873 1520 1096 1568 Tanagram
1132 1520 1262 1567 Asopo
1307 1530 1347 1553 se
1382 1516 1453 1553 ad-

792 1576 949 1622 miscet,
980 1576 1088 1611 novit
1126 1586 1280 1625 quoque
1308 1574 1455 1610 Pausa-

792 1633 872 1668 nias
904 1632 982 1679 IX,
1022 1633 1071 1670 19
1107 1631 1143 1675 ᾧ.
1166 1634 1189 1671 3
1212 1630 1298 1666 coll.
1320 1631 1455 1666 Tzetz.

792 1687 840 1724 ad
852 1686 1098 1739 Lycophron.
1120 1686 1215 1727 647.
1235 1685 1456 1725 Vid.Kruse

791 1745 894 1782 Heu.
913 1746 962 1792 ΙΙ,
987 1746 1006 1784 1
1029 1756 1117 1794 pag.
1138 1742 1234 1783 490.

855 1818 1020 1876 Ἀσωπῷ
1071 1821 1253 1875 λεχεποίῃ
1275 1820 1294 1871 ]
1355 1821 1456 1858 Aso-

790 1892 883 1931 pum
903 1887 1016 1917 vocat
1030 1879 1219 1925 herbosum,
1243 1878 1364 1915 multis
1376 1878 1458 1915 her-

791 1937 845 1973 bis
875 1938 1040 1987 utrinque
1065 1936 1263 1983 inclusum,
1308 1935 1347 1970 in
1369 1935 1458 1986 qui-

791 1994 862 2030 bus
929 1991 1133 2029 commode
1203 1991 1456 2038 recumbere,

794 2050 986 2101 quiescere
1020 2049 1150 2099 possis.
1197 2049 1298 2084 Nam
1326 2047 1374 2084 ad
1405 2048 1458 2084 A-

794 2106 878 2155 sopi
906 2106 1005 2155 ripas
1044 2105 1224 2155 utrinque
1253 2105 1457 2140 laetissima

794 2167 902 2212 prata
940 2173 982 2198 ac
1009 2161 1237 2197 fertilissima
1267 2160 1458 2210 optimum

795 2218 979 2269 praebent
1012 2218 1157 2255 victum
1194 2217 1457 2268 pabulumque

796 2275 988 2325 gregibus.
1046 2275 1107 2310 Ex
1143 2274 1299 2310 Homeri
1327 2275 1459 2310 imita-

796 2334 901 2368 tione
934 2331 1086 2368 ssuxisse
1126 2329 1229 2367 dicas
1259 2330 1457 2367 conferens

796 2389 838 2424 ΙΙ.
868 2389 939 2436 IV,
971 2390 1052 2428 383
1078 2388 1164 2425 coll.
1188 2388 1246 2434 11,
1287 2388 1380 2427 697.
1401 2408 1458 2414 —

795 2447 841 2482 In
857 2457 962 2497 seqq.
976 2456 1112 2482 vocem
1134 2438 1458 2495 βαρβαρόφωνον

797 2503 903 2552 attigi
925 2500 973 2538 ad
993 2502 1098 2549 VIII,
1117 2504 1184 2540 21.
1208 2496 1316 2549 ι’ὕγή,
1352 2501 1457 2537 cuius

796 2560 881 2596 loco
912 2559 1101 2595 Homerus
1123 2556 1218 2594 dixit
1253 2552 1392 2608 ἰυγμός
1411 2557 1457 2594 ΙΙ.

797 2616 947 2661 XVIII,
994 2614 1075 2654 572
1115 2620 1169 2650 est
1207 2613 1360 2660 clamor,
1397 2612 1458 2650 la-

796 2673 976 2709 mentatio.
1037 2671 1154 2707 Plura
1182 2668 1398 2708 Blomfield.
1417 2671 1456 2705 in

797 2729 962 2765 Glossar.
983 2725 1032 2763 ad
1052 2725 1231 2779 Aeschyl.
1247 2728 1352 2765 Pers.
1377 2728 1455 2768 981

797 2785 884 2822 coll.
903 2783 952 2822 ad
970 2797 1067 2823 vers·
1089 2783 1187 2826 285.

1450 567 1572 596 nauidis
1588 574 1691 596 oracu-

1451 603 1513 630 lum
1547 602 1584 629 de
1611 602 1726 643 praelio

1451 636 1634 665 Plataeensi.
