1879 3222
225 196 308 237 462

272 306 398 345 forum,
431 303 473 345 V,
504 302 550 337 89
581 305 650 336 not.
680 313 741 336 arx
765 302 856 344 VIII,
880 301 935 336 53.

270 353 483 386 Athenarum
506 350 608 382 duces
630 349 748 381 decem
777 349 810 381 in
835 350 938 390 bello,

273 398 330 437 vl,
356 396 422 428 103
453 400 520 429 not.
547 396 761 428 Athenarum
783 395 935 435 divitiae,

271 443 346 482 Vll,
392 442 437 475 28
484 444 551 474 not.
597 441 753 474 Athenae
776 440 936 483 λιπαραί,

271 488 364 527 VIII,
388 488 433 520 77
466 491 537 520 not.
568 487 711 520 Athenis
744 498 938 520 commora—

270 537 325 568 tus
347 538 398 566 cst
419 534 612 566 Herodotus
631 533 748 574 ibique
770 532 937 573 recitavit,

271 580 366 619 VIII,
390 578 447 612 94.
473 579 606 612 Comm.
631 581 662 620 §.
684 577 719 613 4.

225 626 464 667 Athenienses,
503 624 758 667 antiquissimus
781 623 936 666 populus,

270 671 348 713 Vll,
374 670 451 703 161.
483 670 576 711 VIII,
599 669 645 703 4-1
668 674 738 705 not.
777 669 935 712 Pelasgi-

269 728 329 750 cae
347 716 473 760 stirpis,
495 727 668 759 nunquam
687 716 798 749 solum
821 720 935 747 muta-

268 766 358 804 runt,
392 762 420 804 I,
463 761 508 796 56
545 766 614 795 not.
670 766 703 795 et
744 761 820 801 VII,
867 759 934 791 161

268 812 339 842 not.
363 807 398 841 in
421 808 538 841 lonico
561 818 687 852 genere
709 805 934 848 praecellunt,

269 853 298 895 I,
323 852 380 887 56.
404 857 436 886 et
458 854 555 886 lones
580 851 775 894 appellitari
803 851 934 890 nolunt,

269 900 296 939 1,
319 898 397 934 143.
421 910 539 932 eorum
562 897 704 930 (liversis
726 895 937 938 temporibus

268 945 426 978 diversae
456 943 715 985 adpellationes‚
752 942 848 983 VIII,
891 939 937 974 44

267 994 337 1024 not.
370 1010 414 1020 -ψ-
444 989 572 1022 civium
606 998 768 1021 numerus
794 986 938 1031 triginta

268 1035 395 1074 millia,
430 1035 533 1068 Darii
566 1039 701 1074 aetate,
733 1034 773 1074 V,
799 1033 844 1066 97
867 1036 939 1066 not.

265 1081 427 1123 antiquae
483 1080 593 1113 tribus
653 1091 679 1113 s.
723 1079 854 1122 φυλαί,
910 1078 938 1119 Ι,

267 1127 313 1161 59
338 1130 410 1160 not.
431 1125 694 1159 Atheniensibus
717 1126 813 1168 leges
834 1136 854 1158 a
872 1124 938 1156 So-

269 1174 348 1206 lone
381 1173 548 1213 conditae,
581 1172 609 1213 I,
644 1170 690 1204 59
721 1172 764 1203 cf.
797 1171 841 1211 11,
857 1169 936 1203 177.

267 1219 420 1253 tribuum
452 1218 592 1250 nomina
616 1228 636 1250 a
659 1217 836 1249 Clisthene
858 1227 938 1248 mu-

267 1268 362 1306 tata,
401 1264 441 1304 V,
464 1264 521 1297 69.
564 1266 783 1306 prytaneum,
808 1263 834 1302 I,
858 1260 937 1294 146.

269 1311 358 1343 festa
388 1308 665 1352 quinquennalia,
690 1309 750 1349 VI,
776 1308 853 1340 111.
894 1325 938 1332 —

267 1356 498 1389 Democedem
519 1354 690 1387 medicum
703 1353 840 1397 publice
857 1364 938 1385 con-

267 1402 396 1435 ducunt
425 1406 561 1434 centum
601 1400 723 1440 minis,
756 1400 818 1439 III,
857 1399 937 1440 131,

267 1448 326 1480 ubi
341 1447 412 1480 vid.
437 1447 570 1480 adw—
596 1457 714 1478 eorum
742 1445 871 1478 reditus
898 1456 940 1478 ex

266 1493 418 1527 metallis
433 1492 667 1534 Laurei,>VII,
694 1490 771 1525 144.
786 1511 831 1515 —
853 1502 940 1524 nau-

266 1539 327 1573 tici
350 1539 549 1572 necessitate
573 1537 668 1577 facti,
702 1537 785 1570 ibid.
812 1537 939 1569 ducen-

266 1587 319 1618 tas
343 1585 473 1618 habent
490 1594 594 1617 naves
611 1583 791 1616 instructas
810 1584 845 1615 in
866 1583 938 1615 bel-

268 1630 303 1662 lo
334 1630 481 1669 Persico,
514 1629 603 1668 VIII,
628 1628 685 1662 61.
708 1627 764 1661 44.
791 1628 834 1660 cf.
867 1632 938 1660 not.

268 1675 313 1708 ad
348 1675 441 1713 VIII,
465 1674 498 1706 1.
531 1674 792 1706 Atheniensium
815 1672 938 1704 mulie-

268 1731 347 1753 rum
371 1719 477 1752 vestis
500 1719 660 1758 mutatio,
684 1719 724 1758 V,
740 1718 796 1751 87.
832 1718 937 1750 Athe-

269 1765 401 1799 nienses
445 1764 533 1797 inter
574 1764 724 1796 Graecos
768 1763 939 1806 sapientia

268 1811 383 1854 primi,
405 1810 434 1850 I,
456 1810 502 1843 60
523 1813 593 1842 not.
618 1811 648 1851 ‘)
672 1809 707 1841 in
733 1820 937 1852 oppugnan-

268 1856 319 1889 dis
344 1856 453 1889 muris
476 1855 588 1898 periti,
605 1855 666 1895 IX,
686 1853 744 1887 70.
762 1855 844 1886 εἰσ.
858 1853 936 1886 102.

269 1902 373 1946 primi
414 1912 516 1934 cursu
546 1901 579 1932 in
622 1900 738 1933 hostes
769 1899 937 1943 impetum

268 1948 410 1985 faciunt,
436 1946 513 1986 VII,
535 1946 613 1979 112.
647 1964 689 1970 -
731 1946 794 1978 sub
819 1951 939 1989 tyran-

268 1994 322 2027 nis
353 1992 493 2032 infirmi,
530 1993 571 2032 V,
607 1991 664 2025 78.
685 1990 729 2024 91
756 1996 826 2025 not.
851 1991 940 2025 inter

271 2040 422 2073 Graecos
454 2037 635 2081 tyrannide
673 2037 813 2071 liberati
852 2036 939 2070 emi-

269 2090 361 2125 nent,
388 2086 429 2125 V,
453 2084 509 2117 66.
525 2082 581 2117 97.
617 2083 662 2116 cf.
687 2083 716 2124 I,
740 2082 796 2117 56.
821 2102 864 2108 —
902 2083 938 2116 in

267 2142 386 2175 pugna
418 2128 612 2163 Plataeensi
649 2129 795 2163 alterum
832 2140 939 2162 cornu

269 2180 395 2218 tenent,
418 2176 477 2218 IX,
488 2174 533 2208 27
557 2187 681 2217 seq.—-
704 2176 833 2209 Eorum
857 2187 938 2217 pru—

267 2223 383 2257 dentia
412 2222 446 2254 in
479 2221 570 2254 bello
603 2220 752 2261 Persico,
786 2221 880 2262 VIII,
903 2221 937 2255 3.

267 2269 331 2309 lx,
344 2269 400 2304 27.
423 2267 679 2300 Atheniensium
699 2266 860 2300 sactiones
877 2277 940 2300 va-

268 2315 352 2355 riae,
377 2325 418 2347 ex
440 2312 589 2345 dissidiis
614 2312 826 2345 familiarum
852 2313 940 2345 inter

271 2371 330 2393 eos
360 2359 548 2392 illustrium
581 2362 692 2399 ortae,
718 2358 743 2397 I,
768 2357 937 2391 59—63.

272 2406 316 2447 V,
341 2404 385 2439 55
401 2417 493 2447 seqq.
517 2404 559 2437 ad
583 2415 665 2447 quas
688 2404 851 2437 sedandas
873 2405 938 2437 Pc-

270 2451 459 2493 loponnesii
479 2450 711 2492 expeditiones
733 2455 881 2493 quatuor
904 2455 937 2482 in

270 2496 419 2532 Atticam
456 2495 658 2541 suscipiunt,
692 2496 735 2538 V,
765 2495 811 2530 62
842 2507 936 2540 seqq.

323 2693 357 2737 *)
392 2695 479 2730 Add.
505 2697 640 2732 Platon.
676 2699 855 2744 Protagor.

749 194 777 234 1.
806 194 965 232 INDEX
994 195 1183 236 RERUM.

1034 305 1168 345 ultima,
1192 304 1373 338 Cleomene
1391 303 1489 343 duce,
1511 302 1600 337 miro
1621 314 1696 338 mo-

1035 352 1079 384 do
1105 353 1278 393 frustrata,
1304 351 1342 393 V,
1367 349 1420 383 74.
1445 347 1500 382 75.
1524 349 1581 383 76.
1599 350 1641 382 cf.
1665 362 1696 384 c.

1034 397 1181 429 90-93.
1206 416 1247 421 -
1280 398 1330 429 Dc
1360 396 1463 439 Sigeo
1488 407 1566 427 cum
1591 395 1698 439 Mity-

1035 443 1161 475 lenaeis
1183 443 1324 481 bellum,
1349 442 1389 482 V,
1412 442 1467 474 94.
1490 439 1545 474 95.
1591 442 1698 474 Proe-

1034 488 1120 520 lium
1146 499 1223 520 cum
1257 488 1409 520 finitimis
1440 488 1531 529 apud
1566 486 1698 519 Eleusi·

1036 544 1126 571 nem,
1153 533 1177 574 I,
1202 533 1257 566 30.
1283 534 1419 565 Bellum
1443 545 1521 565 cum
1546 532 1697 574 Boeotis,

1034 579 1160 612 callido
1198 579 1287 620 quod
1318 579 1571 611 Plataeensihus
1593 578 1698 620 Spar-

1035 623 1107 657 tani
1132 624 1252 656 dedere
1274 624 1414 656 consilio
1440 624 1700 657 Atheniensibus

1036 669 1235 708 conflatum,
1269 668 1329 708 VI,
1367 668 1444 702 108.
1473 674 1545 702 not.
1583 670 1622 706 V,
1654 667 1700 701 74

1032 726 1126 757 seqq.
1149 718 1183 747 et
1205 713 1403 757 praesertim
1419 725 1496 747 cum
1511 714 1700 753 Thebanis,

1033 760 1076 800 V,
1093 759 1138 791 79
1161 771 1230 802 seq.
1255 759 1511 793 Atheniensium
1534 771 1655 793 uxores
1680 771 1701 792 a

1033 805 1198 850 Pelasgis,
1220 805 1332 838 Attica
1345 805 1505 847 expulsis,
1525 805 1605 848 (vl,
1616 804 1700 847 137)

1034 859 1176 893 raptae,
1201 850 1347 892 vl‚138.
1372 861 1455 893 quas
1470 850 1578 883 ulturi
1597 851 1701 883 Athe-

1036 896 1166 930 nienses
1177 901 1303 939 postea,
1316 896 1472 929 Miltiade
1489 896 1586 939 duce,
1602 897 1702 929 Lem-

1037 953 1119 975 num
1144 954 1164 976 a
1182 942 1337 984 Pelasgis
1352 941 1583 975 inhabitatam
1605 942 1706 979 iuva-z

1038 989 1132 1029 dunt,
1158 989 1212 1025 w.
1235 988 1302 1021 139
1325 998 1393 1031 seq.
1417 1006 1461 1012 —
1494 999 1572 1021 cum
1597 986 1705 1031 Aegi-

1038 1034 1124 1068 netis
1151 1035 1283 1067 bellum
1315 1039 1348 1067 et
1379 1037 1520 1066 mutuae
1556 1032 1702 1066 inimici-

1037 1081 1126 1114 tiae:
1150 1081 1190 1120 V,
1225 1080 1269 1112 Sl
1293 1091 1384 1122 seqq.
1418 1079 1473 1112 89.
1500 1079 1557 1119 VI,
1578 1078 1634 1112 49.
1658 1077 1704 1112 87

1038 1125 1148 1160 -93.
1183 1137 1268 1168 quas
1307 1128 1464 1165 solvunt,
1505 1124 1705 1157 imminente

1038 1172 1130 1205 bello
1165 1171 1315 1211 Persico,
1347 1171 1423 1211 VII,
1446 1170 1522 1204 145.
1564 1171 1705 1204 Bellum

1036 1218 1146 1250 denuo
1170 1217 1352 1250 Cleomene
1373 1217 1572 1259 adparante,
1597 1217 1705 1250 Athe-

1037 1263 1205 1297 niensium
1238 1262 1347 1306 legati
1369 1263 1494 1296 Sardes
1516 1263 1611 1295 missi
1634 1263 1705 1295 Da-

1036 1309 1090 1342 rio
1114 1313 1241 1342 terram
1252 1315 1285 1341 et
1307 1319 1445 1351 aquam,
1476 1308 1593 1341 invitis
1619 1307 1704 1341 civi-

1038 1355 1114 1395 bus,
1160 1354 1373 1397 promittunt,
1414 1355 1454 1394 V,
1486 1353 1542 1386 73.
1586 1357 1706 1396 postea

1040 1401 1112 1434 alia
1144 1400 1316 1444 legatione
1340 1411 1419 1432 cum
1454 1404 1627 1433 contemtu
1660 1399 1705 1432 ab

1039 1447 1254 1489 Artapherne
1277 1445 1433 1485 remissa,
1456 1446 1497 1487 V,
1519 1444 1576 1480 96.
1615 1443 1706 1478 Ioni-

1038 1493 1104 1526 bus
1138 1492 1359 1532 auxiliantur,
1391 1492 1470 1524 adv.
1503 1491 1639 1531 Persas,
1664 1490 1706 1531 V,

1039 1537 1098 1572 97.
1130 1542 1164 1571 et
1198 1538 1323 1571 Sardes
1355 1537 1541 1577 invadunt,
1574 1537 1615 1576 V,
1638 1534 1707 1569 100

1039 1595 1109 1626 seq.
1144 1584 1190 1616 cf.
1224 1583 1299 1624 VII,
1332 1582 1364 1615 1.
1387 1582 1421 1616 S.
1462 1582 1543 1616 Inde
1574 1583 1705 1615 bellum

1041 1641 1119 1662 cnm
1144 1629 1276 1665 Persis,
1304 1628 1344 1668 V,
1369 1627 1446 1661 105.
1470 1628 1514 1660 cf.
1539 1628 1604 1666 III,
1624 1625 1705 1666 134,

1039 1674 1097 1714 Vl,
1132 1673 1178 1705 94
1209 1678 1242 1706 et
1267 1673 1342 1712 VII,
1367 1673 1435 1705 133
1459 1674 1536 1705 coll.
1566 1672 1622 1711 VI,
1647 1671 1703 1704 48.

1037 1718 1135 1751 Datis
1159 1722 1191 1751 et
1211 1718 1454 1760 Artaphernes,
1477 1717 1575 1750 Darii
1598 1717 1704 1759 iussu,

1038 1763 1219 1796 Graeciam
1261 1763 1391 1807 ingenti
1428 1764 1537 1797 classe
1575 1767 1705 1805 petunt,

1037 1810 1098 1850 VI,
1132 1810 1178 1841 91
1210 1820 1300 1851 seqq.
1338 1809 1395 1841 sed
1427 1810 1471 1842 ab
1493 1808 1707 1842 Atheniensi-

1036 1856 1101 1887 bus
1139 1855 1173 1886 in
1204 1865 1327 1896 campo
1352 1854 1573 1888 Marathonio
1605 1864 1708 1896 proe-

1038 1901 1085 1933 lio
1120 1899 1215 1940 victi,
1252 1899 1327 1940 vn,
1360 1899 1426 1932 111
1455 1911 1546 1942 seqq.
1576 1900 1622 1933 cf,
1646 1899 1708 1940 lx,

1038 1945 1094 1979 27.
1132 1946 1168 1978 In
1196 1946 1289 1978 bello
1319 1950 1438 1978 contra
1461 1946 1610 1979 Xerxem
1643 1945 1707 1988 (ct.

1040 1992 1115 2031 vll,
1138 1990 1171 2024 5.
1197 1991 1249 2034 6.)
1272 1990 1495 2024 Athenienses
1516 1995 1709 2025 servatores

1040 2037 1208 2071 Graeciae
1231 2037 1381 2070 maxime
1412 2037 1607 2077 laudantur,
1633 2036 1708 2077 Vll,

1039 2083 1107 2116 139
1153 2086 1224 2115 not.
1277 2086 1311 2115 et
1346 2082 1493 2123 iterum,
1535 2082 1640 2123 VIII,
1685 2081 1708 2115 3

1040 2132 1111 2162 not.
1137 2139 1250 2162 eorum
1287 2129 1396 2161 oratio
1416 2128 1462 2161 ad
1500 2129 1707 2171 Spartanos,

1039 2174 1133 2215 vm,
1157 2174 1224 2207 139
1247 2179 1315 2209 not.
1340 2173 1416 2205 142.
1444 2172 1510 2206 144
1535 2178 1602 2206 not.
1627 2173 1705 2206 coll.

1040 2221 1102 2260 lx,
1132 2219 1166 2253 5.
1203 2220 1302 2260 addc,
1333 2218 1398 2260 lx,
1421 2218 1466 2251 27
1489 2223 1558 2252 not.
1582 2218 1637 2252 46.
1662 2237 1708 2243 -—-

1041 2266 1263 2299 Athenienses
1297 2265 1331 2297 in
1365 2276 1481 2309 pugna
1514 2265 1629 2298 navali
1663 2263 1708 2297 ad

1039 2312 1220 2344 Euboeam
1250 2310 1391 2350 strenui,
1427 2310 1522 2350 VIII,
1556 2310 1611 2344 17.
1649 2321 1707 2343 ιιι·-

1039 2358 1117 2390 bem
1149 2368 1247 2391 suam
1274 2357 1446 2397 deserunt,
1478 2355 1568 2399 VIII,
1592 2356 1649 2390 41.
1672 2355 1707 2388 in

1039 2415 1157 2447 pugna
1189 2403 1231 2436 ad
1267 2402 1480 2436 Salaminem
1504 2406 1580 2446 post
1602 2400 1706 2443 Aegi-

1037 2454 1133 2483 netas
1170 2448 1472 2492 praestantissimi,
1524 2446 1617 2488 VIII,
1660 2444 1707 2479 84

1037 2506 1131 2540 seqq.
1165 2507 1194 2530 c.
1217 2493 1273 2528 93.
1298 2495 1412 2529 Persis
1440 2495 1586 2536 iterum,
1609 2492 1705 2526 Mar-

882 2709 918 2743 p.
946 2698 1023 2733 319.
1050 2700 1189 2733 Isocrat.
1221 2699 1312 2739 vm,
1337 2698 1400 2736 523
1430 2707 1516 2740 quae
1541 2695 1639 2729 affert
1660 2695 1706 2730 K.

229 2741 289 2775 W.
320 2741 474 2784 Kriiger:
511 2742 626 2775 Leben
643 2744 675 2777 d.
696 2745 890 2790 Thucydid.
909 2757 946 2791 p.
966 2746 1022 2780 39.
1058 2745 1234 2791 Aristoph.
1258 2747 1344 2779 Rau.
1366 2743 1452 2778 1115
1470 2754 1567 2788 seqq.
1601 2742 1705 2786 (1051

230 2786 354 2831 Bothe)
382 2786 497 2832 ibique
516 2788 675 2834 iuterprr.
