1879 3222
357 233 424 270 DE
457 230 580 268 VITA
610 229 683 265 ET
713 228 947 267 SCRIPTIS
977 229 1253 267 HERODOTI.
1459 228 1542 269 381

64 343 215 395 θεατὴν
265 341 344 385 ἄλλ’
385 339 609 408 ἆγωνιστήν
643 337 868 390 Ὀλυμπίων
904 346 1087 396 παοεῖχεν
1124 339 1287 391 ἑαυτὸν,
1326 339 1434 381 ὄίδων
1470 355 1542 388 τας

66 401 240 453 ἱστορίας
268 418 334 441 και
361 403 491 450 κηλῶν
521 414 614 445 τους
643 395 860 451 παθόντας,
899 397 987 451 ὀίχοι
1022 403 1095 438 τοῦ
1124 399 1189 438 καὶ
1226 384 1401 444 ΙἉΟύσας
1443 400 1540 443 κλη-

63 462 191 510 θῆναι
221 474 290 505 τας
319 458 483 506 βίβλους
513 451 657 503 αὐτοῦ,
710 455 824 495 ἐννέα
863 471 928 494 και
968 452 1092 503 αὐτας
1133 453 1265 502 οὔσας.
1328 453 1432 505 ’Ήὸη
1463 456 1538 493 οὐν

65 511 233 561 ἅπαντες
276 509 398 552 av'rdv
445 511 593 567 ηδεσαν
637 509 738 551 πολυ
770 514 921 568 μᾶλλον
947 508 974 563 ἡ
1004 510 1096 558 τούς
1124 508 1435 561 Ὀλυμπιονίκας
1465 506 1540 549 αὕ-

63 569 178 618 τούς·
210 569 272 609 καὶ
304 565 376 608 οὕκ
408 568 510 607 ε’στιν
542 565 648 615 ὅστις
678 563 854 617 ἀνήκοος
892 569 945 618 ἠν
974 571 1046 606 τοῦ
1080 563 1300 618 Ηροδὸτου
1332 563 1539 618 ὀνόματος,

65 628 107 666 οἵ
134 625 203 677 μὲν
233 622 345 664 αὐτοὶ
376 621 616 672 α’κοὺσαντες
648 625 690 664 ἐν
720 621 930 679 Ὀλυιιπίτι,
974 624 1016 662 οἵ
1044 622 1086 663 δὲ
1115 627 1193 662 τῶν
1223 624 1264 663 ἐκ
1298 626 1368 687 τῆς
1408 639 1539 672 πανη-

61 680 209 736 γύοεως
236 679 418 733 ἡκόντων
447 677 769 732 πυνθανόμενοι·
824 681 889 720 καὶ
921 680 1034 720 εἷ’ττου
1064 695 1106 732 γε
1136 681 1281 729 φανείη
1313 678 1456 729 μόνον,
1499 680 1539 718 ἕ-

62 740 240 779 δείκνυτο
273 735 323 777 ἂν
352 741 408 777 vni
443 735 639 777 δακτύλω·
690 740 806 784 οὗτος
835 738 983 783 ἐκεῖνος
1007 732 1227 788 Ηοόδοτός
1255 736 1379 783 ἐστιν,
1421 734 1442 774 ὁ
1470 733 1540 782 τός

61 792 184 846 μα’χας
220 795 417 846 Περσικεές
443 791 564 834 Ἰαστὶ
594 792 898 861 ’6113115y9ceq2aeg‚
949 793 968 833 ὁ
1007 791 1077 840 τάς
1118 794 1230 838 νίκας
1260 791 1377 842 ἡμῶν
1407 788 1540 842 υμιή-

60 864 142 898 σας.
201 849 347 891 τοιαῦτ’
390 852 538 898 ἐκεῖνος
580 847 774 892 ἀπέλαυσε
812 854 891 890 τῶν
929 851 1134 899 ἱστοριων,
1191 849 1233 888 ἐν
1274 851 1345 903 μιᾷ
1383 844 1539 899 συνόδῳ

57 904 273 958 πάνδημόν
290 924 391 978 rever(
420 908 562 958 κοινήν
592 911 742 959 ’ψῆφον
779 911 850 959 τῆς
891 904 1078 953 Ἑλλάδος
1119 903 1252 976 λξιβων
1290 904 1355 944 καὶ
1388 900 1540 954 ἀνακη-

59 965 220 1015 ρυχθεὶς
250 960 322 1015 οὔχ
359 981 419 1012 υφ
470 963 570 1012 ἕνός,
609 981 663 1015 μα
692 966 792 1013 Δία,
836 961 1031 1018 κήουκος,
1069 959 1151 1002 ἄλλ’
1176 962 1218 1002 ἐν
1250 959 1385 1015 απάσῃ
1417 958 1538 1009 πόλει,

59 1018 160 1061 ὅθεν
191 1021 351 1069 ἕκαστος
369 1023 422 1072 ην
451 1024 530 1060 τῶν
559 1024 875 1073 πανηγυοιστῶν.

168 1078 338 1126 Addunt,
368 1077 456 1114 huic
476 1079 685 1114 recitationi
705 1077 975 1129 Thucydidem
996 1090 1158 1129 puerum
1179 1076 1339 1113 adfuisse
1352 1073 1539 1111 eundem—

57 1147 132 1186 que
152 1135 201 1172 ita
223 1143 459 1172 commotum
490 1136 620 1182 fuisse,
651 1142 692 1171 ut
712 1136 897 1186 lacrymas
919 1134 1092 1171 effuderit
1115 1142 1150 1170 et
1175 1133 1351 1170 historiae
1372 1133 1539 1168 conscri—

59 1191 208 1227 bundae
218 1194 430 1229 ‘consilium
455 1191 543 1228 inde
563 1193 717 1242 cepeiit.
775 1195 919 1228 Auctor
939 1199 993 1228 est
1015 1191 1151 1228 Snidas
1177 1204 1206 1228 s.
1227 1204 1263 1227 v.
1289 1187 1539 1238 Θουκυδίδης

55 1249 106 1284 Τ.
131 1250 323 1299 11p.199
344 1250 390 1286 A.
414 1255 487 1285 ets.
509 1263 544 1285 v.
569 1244 689 1301 ὄργᾶν
719 1244 1540 1299 T.11p.707.Mar‹ell1nusmV1taThu-

55 1303 181 1355 0)(1111.
215 1306 251 1350 ξ.
269 1304 345 1345 54:
396 1305 457 1357 λε)
464 1321 541 1344 εται
571 1306 611 1343 δέ
641 1321 677 1343 τι
707 1304 771 1343 καὶ
803 1307 1005 1352 τοιοῦτον,
1045 1301 1099 1351 τός
1127 1318 1221 1343 ποτε
1263 1304 1336 1342 τοῦ
1362 1296 1540 1352 Ηροδό-

54 1375 124 1399 του
153 1358 222 1407 τοῖς
253 1361 355 1408 ἰδίας
386 1362 557 1409 ἱστορίας
584 1361 907 1412 ἐπιδεικνυμένου
938 1376 1076 1412 παρων
1115 1363 1167 1414 τῇ
1207 1355 1395 1411 εἷκροοῖσει
1434 1359 1539 1396 Θου-

54 1418 220 1468 κυδίδης
270 1417 336 1457 καὶ
387 1415 565 1464 α’κούσας
595 1417 834 1468 ε’δακουσεν·
897 1417 1028 1456 ε’·τειτα
1069 1416 1168 1466 φασὶ
1207 1413 1278 1455 τὸν
1319 1414 1539 1465 Ηρόδοτον

54 1475 171 1513 τοῦτο
219 1471 472 1524 θεασάμενον
512 1475 637 1513 εἰπεῖν
679 1470 804 1513 αὐτοῦ
833 1471 934 1525 ποὸς
962 1489 1031 1513 τον
1061 1472 1209 1525 πατέρα
1237 1470 1306 1512 τόν
1333 1469 1538 1522 ”Ολοοον·

56 1524 89 1568 οἷ
114 1527 284 1582 ”Ολορε,
324 1527 422 1585 ὀργᾷ
458 1529 487 1582 ἡ
525 1528 646 1580 φύσις
680 1534 752 1569 τοῦ
781 1530 876 1570 υἱοῦ
919 1543 990 1569 σου
1025 1527 1126 1580 πρὸς
1166 1526 1400 1580 μαθήματα.
1459 1529 1539 1564 Nec

55 1587 162 1623 aliter
187 1588 265 1623 fere
299 1587 457 1624 Photius
488 1589 526 1624 in
554 1587 648 1625 Cod.
670 1589 741 1623 LX
762 1587 827 1623 fin.
849 1586 905 1637 (p.
931 1590 979 1626 19
998 1586 1143 1632 Bekk.)
1165 1587 1250 1622 coll.
1274 1587 1407 1621 Tzetz.
1429 1585 1454 1620 l.
1476 1598 1540 1621 su-

53 1656 121 1693 pra
149 1644 175 1684 l,
231 1645 365 1695 Neque
396 1652 523 1681 tamen
546 1645 591 1680 ab
616 1643 673 1680 his
694 1644 935 1693 scriptoribus
967 1642 1152 1679 indicatur
1180 1649 1328 1692 teinpus
1351 1642 1541 1677 recitatio-

53 1701 132 1747 nis3
173 1713 289 1751 quam
322 1708 404 1751 post
434 1703 566 1737 itinera
592 1702 805 1736 maximam
835 1706 934 1736 certe
965 1706 1111 1749 partem
1133 1700 1305 1735 confecta
1325 1699 1541 1749 iustamque

53 1756 176 1806 operis
195 1759 393 1794 materiem
412 1757 500 1795 inde
517 1758 713 1794 collectam
734 1758 862 1794 locum
881 1755 1053 1792 habuisse
1069 1757 1259 1806 ponimns,
1282 1761 1369 1791 aute
1386 1755 1540 1807 Oiymp⁸

53 1814 266 1861 LXXXW,
291 1816 309 1852 1
334 1828 364 1851 5.
383 1812 466 1855 444
488 1827 520 1851 3.
544 1812 632 1851 Chr.
653 1827 708 1862 n.‚
729 1827 804 1864 quo
823 1813 964 1850 scilicet
985 1826 1086 1848 auno
1107 1811 1273 1848 Thurios
1294 1812 1444 1848 cessisse
1464 1812 1538 1847 fer-

54 1875 116 1905 tur
136 1869 373 1918 Herodotus3
411 1872 482 1907 nisi
514 1884 603 1907 eum
628 1869 783 1907 Thuriis
810 1877 941 1920 postea
971 1870 1111 1906 iterum
1132 1870 1331 1905 occasione
1354 1869 1477 1904 oblata
1497 1868 1538 1903 iu

55 1926 253 1961 Graeciam
274 1928 467 1964 revertisse
489 1928 617 1978 ibique
628 1928 800 1963 recitasse
819 1933 978 1963 statuas:
1011 1939 1086 1977 qua
1107 1924 1154 1962 de
1174 1938 1213 1961 re
1233 1925 1331 1960 infra
1347 1923 1539 1971 dicemus;

57 1994 292 2034 quamquam
311 1982 404 2019 illud
423 1982 524 2020 haud
546 1996 755 2033 congruere
773 1982 945 2030 videtur,
978 1981 1081 2034 quod
1110 1982 1336 2019 recitationis
1365 1988 1538 2031 tempore

54 2037 303 2089 Thucydides
334 2053 428 2089 puer
456 2040 568 2076 fuisse
599 2047 791 2087 narratur3
827 2047 871 2076 ut
896 2052 986 2075 sane
1014 2039 1146 2074 malim
1173 2051 1262 2075 cum
1294 2039 1434 2088 Heysio
1464 2038 1489 2074 l.
1510 2038 1538 2076 l.

54 2095 282 2132 recitationis
303 2102 451 2146 tempus
472 2097 609 2132 referre
627 2095 674 2132 ad
696 2097 849 2147 Olymp.
870 2096 1039 2131 LXXXI
1060 2108 1088 2131 s.
1108 2093 1189 2135 456
1206 2107 1241 2132 3.
1257 2092 1345 2132 Chr.
1367 2107 1431 2142 n.;
1462 2107 1538 2145 quo

54 2150 211 2202 quidem
231 2165 330 2188 anno
353 2151 601 2202 Thucydides
621 2166 766 2188 annum
787 2152 923 2201 agebat
953 2150 1147 2188 decimum
1177 2152 1373 2203 quintum,
1413 2153 1541 2187 Hero-

55 2207 164 2245 dotus
196 2207 555 2246 duodetricesimum
579 2216 662 2256 aut,
694 2210 724 2245 si
743 2211 956 2258 Kr'u'gerum
977 2208 1165 2260 sequaris,
1203 2208 1242 2244 in
1272 2208 1368 2244 libro
1397 2206 1444 2244 de
1464 2208 1540 2244 vita

54 2263 301 2316 Thucydidis
330 2279 369 2316 p.
400 2269 464 2314 32,
497 2265 744 2316 Thucydides
764 2278 908 2302 annum
938 2264 1132 2301 decimum
1161 2272 1225 2301 aut
1244 2263 1537 2301 duodecimum:

56 2333 131 2372 quo
162 2323 283 2372 posito
313 2335 445 2359 omnes
480 2321 717 2360 difficultates
749 2337 769 2359 e
790 2329 1009 2372 temporum
1036 2323 1183 2358 ratione
1211 2328 1308 2358 ortas
1328 2322 1410 2358 tolli
1430 2334 1539 2372 posse

54 2377 158 2414 idem
186 2380 376 2429 Kriigerus
408 2379 616 2416 arbitratur.
674 2381 724 2416 Et
756 2378 834 2417 vid.
864 2391 1018 2431 quoque
1051 2379 1221 2416 Voemel.
1243 2380 1282 2414 in
1303 2391 1539 2429 programm-

56 2435 138 2479 Quo
165 2447 266 2471 anuo
300 2435 438 2472 Thurii
466 2438 538 2473 siut
559 2435 700 2473 conditi
722 2449 759 2486 p.
780 2439 819 2476 9.
878 2435 1115 2473 Obiiciuntur
1135 2434 1191 2472 his
1223 2435 1338 2483 bina3
1379 2435 1540 2472 alterum

56 2491 170 2527 Plinii
196 2493 455 2529 testimonium
472 2522 482 2540 7
515 2495 564 2529 H.
590 2495 636 2531 N.
668 2491 796 2540 X11,4
816 2505 845 2529 5.
868 2494 905 2539 8,
938 2493 1002 2544 qui
1031 2493 1133 2528 urbis
1161 2493 1306 2528 Romae
1335 2504 1434 2528 311110
1462 2498 1540 2528 tre-

60 2549 262 2585 centesimo
285 2548 432 2586 decimo
454 2549 691 2586 Herodotum
721 2548 918 2586 historiam
945 2561 1054 2586 suam
1075 2547 1229 2585 Thuriis
1249 2550 1288 2584 in
1310 2548 1415 2584 Italia
1444 2561 1540 2585 cou-

60 2600 194 2641 didisse
217 2607 343 2642 scribit
361 2635 370 2654 ,
412 2619 512 2642 anno
534 2607 648 2655 igitur
667 2604 747 2645 444
768 2618 799 2641 3.
823 2604 910 2644 Chr.
940 2618 980 2641 n.
1000 2606 1077 2641 sive
1095 2606 1246 2655 Olymp.
1268 2605 1480 2652 LXXXIV,
1516 2608 1537 2646 1

62 2671 136 2709 quo
156 2662 233 2711 ipso
251 2675 350 2699 311110
371 2664 479 2699 illum
500 2661 666 2699 Thurios
694 2663 873 2711 migrasse
903 2674 1015 2711 supra
1036 2660 1222 2710 vidimus3
1254 2662 1415 2698 alterum
1443 2660 1537 2698 illud

61 2721 135 2762 est,
174 2718 303 2768 quod
293 2732 332 2755 111
353 2718 536 2756 Herodoti
557 2731 670 2770 opeie
690 2717 815 2755 adhuc
835 2719 1031 2768 superstite
1064 2719 1171 2769 plura
1191 2718 1437 2756 inveniuntur
1457 2725 1536 2755 tra-

62 2769 160 2818 dita,
190 2785 284 2824 quae
304 2783 387 2826 post
407 2778 511 2813 illam
527 2776 797 2822 recitationem,
819 2776 849 2812 si
869 2774 1026 2827 quidem
1046 2787 1090 2811 ea
1110 2775 1240 2812 reversi
1268 2776 1345 2824 illo,
1367 2789 1442 2827 quo
1462 2787 1535 2825 po-

61 2801 217 2877 suinius,
247 2842 346 2868 anno
368 2831 495 2871 habita
517 2840 590 2883 est,
612 2830 844 2870 acciderunt.
901 2832 966 2870 Sic
985 2844 1116 2883 pugna
1134 2830 1426 2870 Atheniensium
1445 2843 1534 2869 cum
