1996 3238
603 178 934 215 URANIA
995 180 1127 218 VIII.
1421 179 1503 221 135

241 289 387 332 ἵππων
411 285 615 331 καλέουσι
640 285 808 339 Πέρσαι
839 285 1089 342 α’γγαρήϊον.
1146 287 1203 330 Ἡ
1222 289 1302 344 μὲν
1323 288 1375 345 δή
1397 289 1510 342 πρώ-
1569 295 1650 336 665

238 374 289 412 τη
321 357 363 407 ἐς
388 358 545 398 Σοῦσα
575 353 748 410 ἀγγελίη
781 352 1047 411 ἀπικομένη,
1091 355 1148 406 ὥς
1189 356 1277 412 ἔχοι
1312 355 1501 413 Ἀθήνας
1558 347 1836 408 ξ’(ᾟξξξθξᾟῖἶω

235 425 415 478 Ξέρξης,
458 423 606 476 ἔτερψε
647 422 763 466 οὕτω
795 422 849 478 δή
879 440 920 465 τι
953 423 1158 476 Περσέων
1197 424 1303 475 τούς
1332 414 1701 482 ύπολει-55ἓζξῇῗζῇ,
1722 417 1837 484 [ξῗξξῗῖ

235 491 453 548 (paganas,
496 488 554 541 ὦς
583 488 659 541 τάς
687 507 731 533 τε
762 488 895 541 ὁδούς
925 492 1119 548 μυρσίνῃ
1159 491 1301 544 πάσας
1329 493 1501 548 ἐστόρε-
1557 482 1779 543 ῘῙἿΟΞΞῘ-ῗῖἷῗῗο
1798 514 1835 542 do

232 570 339 610 σαν,
379 558 453 600 καὶ
493 559 689 614 ἐθυμίων
716 557 997 614 θυμιήματα,
1042 560 1115 601 καὶ
1147 558 1273 602 αὐτοὶ
1313 555 1424 616 ἦσαν
1454 561 1500 604 ἐν
1557 550 1656 576 ‘'³¹¹¹“
1675 549 1756 583 ἐφ
1775 548 1834 575 ‘³⁰¹‘

204 626 420 683 Ξθυσίῃσί
450 641 495 671 τε
524 627 600 670 καὶ
628 625 878 684 εὐπαθίῃσι.
926 624 953 684 ἡ
985 625 1030 670 δὲ
1061 626 1239 684 δευτέρη
1262 638 1342 684 σφι
1370 627 1494 685 ἄγγε-

104 294 172 340 99

1557 583 1742 612 licitudinem
1766 590 1834 610 ver-

1551 626 1627 646 sum.

173 851 300 883 tutum
319 845 367 883 ad
379 846 477 884 solos
498 859 605 896 reges
619 845 838 896 pertineret,

173 915 340 955 quorum
378 899 560 940 mandata
610 903 718 939 citius
769 915 838 952 per

172 961 346 1011 amplum
365 973 531 1010 reguum
565 959 835 1010 perferrentur.

170 1018 229 1054 Ac
247 1018 371 1053 simile
393 1016 487 1068 quid
503 1017 713 1052 etiamnum
732 1014 835 1066 apud

169 1074 304 1110 Persas
334 1081 480 1110 exstare
511 1086 531 1109 e
550 1074 720 1110 Morierii
751 1071 834 1109 dia-

169 1130 233 1167 riis
252 1137 360 1167 notat
379 1132 544 1168 Heeren.
574 1127 716 1168 Ideen.
738 1131 776 1176 Ι,
811 1132 830 1169 1

168 1199 259 1238 pag·
277 1186 374 1228 497.
430 1186 548 1238 Apud
580 1187 761 1223 Tartaros
781 1187 835 1223 si-

168 1244 278 1281 miles
297 1242 484 1295 quosdam
514 1245 677 1280 inveniri
701 1256 832 1281 cursus

167 1299 403 1338 vehiculares
426 1313 473 1337 ex
492 1302 710 1337 testimonio
723 1300 833 1336 Pauli

167 1358 304 1394 Veneti
330 1359 494 1408 Region.
521 1358 666 1396 Orient.
684 1358 732 1406 Π,
762 1359 832 1405 23,

167 1412 334 1452 affirmat
351 1413 661 1453 Valckeuaerius.

367 1504 460 1556 cap.
481 1504 624 1541 XCIX.

224 1579 331 1623 οὕτω
372 1579 426 1635 δή
456 1581 515 1636 τι]
565 1583 652 1622 Vid.
693 1581 831 1622 Matth.

166 1640 236 1678 Gr.
257 1641 323 1678 Gr.
345 1641 382 1686 ξ.
402 1639 498 1689 487,
519 1638 546 1680 4
566 1655 607 1692 p.
626 1643 722 1682 912.
737 1641 832 1677 Mox

167 1710 189 1734 e
207 1698 379 1748 pluribus
388 1696 500 1737 codd.
513 1711 618 1735 nunc
633 1705 831 1748 receptum

165 1754 340 1810 μυρσίνῃ
363 1767 432 1805 pro
454 1755 547 1791 olim
557 1756 662 1805 vulg.
689 1754 832 1806 μυρσί-

165 1823 280 1865 νῃσι,
320 1810 425 1863 quod
466 1819 550 1862 post
578 1811 832 1850 Schaeferum

167 1870 406 1906 retinuerunt
425 1867 561 1905 Matth.
594 1876 630 1906 et
658 1867 830 1908 Bekker.

167 1924 316 1961 Eadem
336 1926 478 1962 locutio
497 1927 587 1974 VH,
609 1924 662 1966 54
684 1926 808 1966 obvia.

226 1981 268 2020 ἐν
289 1982 458 2034 θυσίῃσι
484 1981 550 2021 καὶ
589 1978 825 2036 εὕπαθίῃσι]

167 2038 253 2087 „De
274 2039 427 2075 Graecis
447 2039 478 2074 si
492 2039 730 2089 loqueretur,
749 2039 830 2075 sola

167 2093 264 2131 mihi
283 2095 406 2132 forma
439 2095 624 2146 loquendi
649 2107 751 2132 nova
769 2095 830 2132 vi-

165 2150 338 2198 deretur,
361 2147 465 2190 εἶναι
493 2150 536 2190 ἐν
556 2152 736 2205 θυσίῃσι.
785 2153 830 2187 In

163 2210 325 2246 Graecia
342 2220 454 2258 saepe
479 2204 553 2258 τήν
571 2210 723 2248 θυσίαν
753 2204 830 2246 θά-

163 2268 250 2305 λεια
312 2265 541 2317 sequebatur
559 2294 569 2313 ,
629 2267 826 2302 convivium

164 2334 343 2360 sacrorum
365 2334 476 2358 causa
489 2323 580 2371 fieri
595 2322 754 2370 solitum,
769 2323 827 2358 in-

160 2385 326 2430 trepi-ete
353 2378 515 2418 Casaub.
545 2379 586 2414 in
614 2378 757 2416 Athen.
787 2392 826 2430 p.

162 2434 259 2476 745.
314 2436 430 2474 Θεῶν
456 2435 598 2474 θυσίαι
623 2435 764 2474 θαλίαι
784 2450 826 2474 τε

160 2493 374 2542 iunguntur
409 2493 449 2527 in
490 2491 684 2543 Aristoph.
723 2493 823 2530 Nub.

162 2551 257 2596 828,
285 2549 406 2601 quiin
426 2549 527 2585 Pace
547 2551 628 2590 780
661 2544 826 2601 ἀνδρῶν

162 2619 205 2645 τε
226 2606 364 2652 δαῖτας
380 2604 476 2642 dixit
496 2604 564 2644 καὶ
584 2606 731 2652 θαλίας
751 2622 825 2655 μα-

162 2658 314 2713 κάρων.
354 2661 517 2708 Quando
540 2675 630 2699 vero
663 2661 710 2699 de
729 2665 826 2700 Per-

164 2719 212 2755 sis
224 2720 340 2756 verba
358 2719 460 2767 facit,
481 2718 722 2756 Herodotum
737 2721 827 2757 scri-

165 2775 280 2826 psisse
298 2776 488 2828 suspicor:
512 2774 606 2817 ἕσαν
624 2774 667 2817 ἐν
684 2776 827 2832 θαλίῃ-

896 844 937 884 σί
955 859 996 885 τε
1016 842 1084 883 καὶ
1115 839 1359 900 εὔπαθίῃσιτ
1391 859 1556 897 quorum

894 903 996 953 prius
1015 902 1122 938 iuxta
1137 904 1319 939 Nostrum
1339 910 1446 940 notat
1467 918 1556 953 χαρ-

893 956 1051 1010 μόσυνα
1074 957 1233 999 ἐποίεον
1254 961 1316 997 vel
1335 956 1555 1012 κεχαρηκό-

892 1030 954 1062 τες
983 1012 1168 1067 ἕόρταζον
1204 1016 1294 1054 laeti
1319 1017 1417 1054 velut
1441 1017 1555 1067 festos

893 1073 968 1110 dies
997 1074 1204 1121 agitabant.
1262 1071 1434 1113 θάλειαν
1469 1072 1553 1125 ἒορ·

891 1127 966 1180 τήν
1005 1127 1117 1181 ἄγειν
1154 1137 1191 1167 et
1228 1127 1401 1170 θάλειαν
1442 1127 1556 1182 ἄγειν

892 1187 1044 1223 Graecis
1065 1187 1181 1223 etiam
1213 1186 1430 1226 dicebatur:
1469 1188 1554 1225 Eu-

889 1242 1003 1281 stath.
1035 1244 1075 1280 in
1106 1243 1178 1281 Od.
1220 1245 1357 1293 XXII,
1388 1258 1424 1295 p.
1456 1243 1555 1293 759,

891 1303 916 1341 6
939 1301 1059 1351 Epist.
1084 1301 1192 1337 Socr.
1209 1314 1247 1351 p.
1269 1301 1346 1348 43,
1374 1303 1438 1342 18.
1468 1301 1554 1337 Iam

889 1356 977 1394 vide
998 1356 1140 1393 Herod.
1161 1358 1235 1404 111,
1267 1360 1321 1398 27
1349 1358 1389 1393 in
1420 1357 1554 1408 Apidis

888 1414 1077 1450 natalibus
1088 1415 1269 1465 Aegyptii
1289 1413 1384 1453 ἕσαν
1403 1412 1447 1452 ἐν
1466 1418 1551 1453 θα·-

888 1470 1010 1522 λίῃσι.
1044 1472 1154 1507 Festo
1181 1469 1242 1507 die
1267 1471 1456 1507 bonarum
1487 1483 1552 1507 re-

888 1540 977 1564 rum
1004 1526 1205 1564 affluentes
1236 1527 1345 1578 copia
1372 1526 1552 1564 dicuntur

888 1583 932 1623 ἒν
955 1578 1177 1639 δυ’παθίῃσι
1195 1580 1320 1631 ὄντες.
1355 1583 1497 1622 Herod.
1513 1585 1551 1629 1,

887 1643 943 1681 22
964 1647 1000 1677 et
1025 1643 1101 1681 191
1118 1670 1128 1688 ,
1172 1641 1240 1678 ubi
1269 1638 1449 1693 χορεύειν
1479 1639 1548 1680 καὶ

887 1696 930 1737 εἶν
963 1692 1186 1750 εὖπαθίῃσι
1216 1693 1320 1737 εἷναι
1347 1704 1389 1735 ut
1416 1697 1551 1737 πίνειν

887 1753 956 1793 καὶ
978 1750 1193 1794 εὐπαθέειν
1213 1756 1270 1803 II,
1296 1757 1374 1795 133
1395 1761 1432 1792 et
1456 1753 1547 1795 174.

886 1813 1085 1863 Nusquam
1114 1812 1244 1849 iuncta
1272 1812 1395 1862 reperi
1425 1807 1547 1850 θύειν

887 1867 955 1908 καὶ
986 1864 1223 1907 εὐπαθέεινε
1255 1868 1322 1906 sed
1349 1881 1439 1905 cum
1469 1869 1547 1905 istis

887 1927 986 1963 bene
1022 1927 1275 1974 conveniunt,
1317 1924 1421 1977 quod
1458 1925 1547 1961 laeti

883 1983 1022 2019 Persae
1042 1978 1113 2027 τοὶς
1142 1996 1181 2021 τε
1199 1979 1319 2028 ὁδούς
1331 1981 1546 2036 μυρσίνῃσι

885 2035 1017 2084 πάσας
1029 2036 1253 2089 ἐστόρεσαν,
1271 2038 1338 2077 καὶ
1362 2038 1545 2089 ἐθυμίων

885 2092 1134 2146 θυμιήματα.
1175 2094 1260 2131 vid.
1281 2096 1448 2132 Brisson.
1485 2096 1545 2130 De

885 2164 995 2201 regn.
1019 2152 1123 2189 Pers.
1168 2164 1205 2201 p.
1237 2150 1333 2191 340.
1382 2152 1478 2187 Mox
1497 2151 1546 2188 ab

881 2209 952 2245 illis
971 2209 1107 2245 mutati
1127 2207 1174 2244 ad
1195 2208 1340 2244 tristem
1360 2208 1547 2244 nuncium

881 2267 1020 2302 Persae
1039 2271 1160 2303 vestes
1181 2265 1252 2301 sibi
1272 2263 1546 2312 discindebant,

881 2323 963 2376 βοῇ
992 2336 1032 2360 τε
1062 2319 1130 2360 καὶ
1161 2321 1318 2375 οἰμωγῇ
1352 2321 1542 2372 ἐχρέωντο

882 2375 1035 2431 ἀπλέτῳ
1088 2377 1157 2427 [cf.
1187 2379 1255 2415 Vll
1272 2408 1282 2426 ,
1326 2381 1403 2419 211
1449 2377 1544 2429 ibiq-

880 2434 1043 2483 laudd.]
1109 2435 1358 2474 Valet-en.
1426 2434 1543 2470 Cuius

884 2491 1196 2529 emendationem
1225 2491 1361 2528 merito
1400 2491 1543 2541 respuit

882 2546 1238 2598 Schweighaeuser.
1268 2549 1410 2600 quippe
1436 2546 1543 2584 haud

880 2606 1154 2653 neeessariam,
1195 2618 1316 2657 quum
1345 2604 1472 2644 θυσία
1505 2610 1544 2641 et

879 2664 1094 2714 sacrificium
1112 2660 1253 2699 indicet
1276 2668 1314 2699 et
1341 2663 1544 2699 universam

875 2721 970 2772 festi
1049 2718 1300 2756 solemnitatem
1372 2717 1542 2769 indeque

883 2778 999 2814 etiam
1031 2777 1249 2826 convivium,
1281 2775 1375 2827 quod
1398 2776 1543 2827 peracto
