1879 3222
437 178 522 218 314

833 175 1294 215 HERODOTI

434 284 518 341 δὴν
553 285 819 339 Τυνδαρίδαι
847 284 1055 341 ἐσέβαλον
1084 287 1126 338 ἐς
1153 290 1238 344 γῆν
1274 287 1356 344 τήν
1380 287 1575 345 ’Λττικὴν
1612 291 1748 334 σύνόο

435 356 624 405 στρατοῦ
653 353 834 409 πλήθεϊ,
874 354 948 398 καὶ
986 352 1225 399 ἀνίστασαν
1252 356 1357 407 τούς
1391 355 1570 412 δήμους,
1610 356 1693 402 οὐκ

433 419 594 472 εἰδότες
624 423 697 465 ἵνα
725 420 968 474 ὑπεξέκειτο
997 423 1024 480 ἡ
1049 423 1215 480 Ἑλένη,
1263 424 1358 468 τότε
1388 426 1561 480 λέγουσι
1589 424 1693 475 τούς

433 490 661 542 Δεκελέας,
693 492 736 534 οἱ
775 491 821 534 δὲ
859 489 994 535 αὐτὸν
1022 492 1239 545 Δέκελον,
1286 492 1535 548 ἀχθόμενόν
1564 509 1608 535 τε
1637 495 1691 549 τῇ

434 557 601 613 Θησέος
628 557 757 614 ὕβρι,
788 559 862 603 καὶ
889 560 1168 615 δειμαίνοντα
1204 561 1304 614 περὶ
1338 560 1455 618 πάσῃ
1492 566 1544 619 τῇ
1573 561 1693 618 Ἀθη-

430 626 714 684 ναίωνχῶρῃ,
743 625 1060 684 ἐξηγησάμενόν
1081 638 1161 683 σφι
1189 627 1238 671 τὸ
1263 633 1349 671 πᾶν
1367 634 1554 685 πρῆγμα,
1565 636 1746 685 κατη-55

430 694 654 751 γήσασθαι
689 695 757 739 ἐπὶ
796 696 873 746 τοὶς
900 694 1120 750 Ἀφίδνας·

402 763 689 818 Βαύτόχθων,
741 764 1060 817 καταπροδιδοῖ
1113 765 1420 819 Τυνδαρίδῃσι.

1179 694 1255 745 τὰς
1285 696 1338 750 δὴ
1373 697 1576 748 Τιτακὸς,
1607 697 1691 740 ἐών

1488 769 1602 806 τοῖσι
1644 765 1690 807 δὲ

427 836 664 876 Δεκελεῦσι
693 831 740 874 ἓν
769 830 954 886 Σπάρτῃ
994 829 1079 873 ἀπὸ
1109 830 1269 874 τούτου
1312 836 1391 874 τοῦ
1427 831 1559 886 ἔργον
1601 831 1692 874 οἷτε-

427 902 518 955 λείη
549 916 592 942 τε
621 899 696 942 καὶ
723 900 933 954 προεδρίη
967 899 1171 942 διατελέει
1190 899 1232 949 ἐς
1260 899 1357 943 τόδε
1384 900 1468 942 αἰεὶ
1498 899 1558 942 ἔτι
1589 898 1692 941 {013-
1774 956 1776 958 v

425 979 511 1017 σα,
556 965 672 1009 οὕτω
704 966 812 1011 ὥστε
850 968 922 1010 καὶ
960 967 1003 1018 ἐς
1031 966 1110 1010 τόν
1150 967 1344 1021 πόλεμον
1379 967 1458 1010 τόν
1499 966 1748 1021 ὕστερονσο

425 1039 628 1078 πολλοῖσι
662 1034 770 1078 ἔτεσι
806 1035 976 1078 τούτων
1004 1035 1242 1090 γενόμενον
1266 1033 1537 1090 Ἀθηναίοισί
1554 1053 1599 1080 τε
1617 1037 1690 1079 καὶ

427 1104 844 1158 Πελοποννησίοισι,
897 1104 1162 1158 σινεομένων
1205 1102 1284 1158 τήν
1324 1102 1461 1158 ἄλλην
1492 1103 1687 1159 Ἀττικὴυ
1746 1099 1828 1139 725

271 1199 273 1201 -
298 1164 366 1209 74
423 1173 801 1229 Λακεδαιμονίων,
830 1171 1037 1229 Δεκελέης
1062 1170 1343 1228 ἀποσχέσθαι.

406 1415 491 1456 ’καὶ
515 1412 752 1464 ἀνίστασαν]
784 1414 809 1452 ἱ.
830 1428 862 1452 e.
883 1415 1026 1464 expule-

365 1477 462 1522 runt,
493 1487 555 1510 suo
572 1474 644 1510 loco'
656 1475 834 1510 moverunt
851 1485 883 1508 s.
909 1472 1026 1508 cedere

362 1532 551 1568 iusserunt.
582 1530 693 1566 Conf.
713 1530 758 1577 V,
779 1531 845 1575 71,
866 1541 916 1564 ne
936 1529 1025 1578 plu-

362 1599 431 1632 τος
479 1586 528 1622 ad
564 1587 725 1624 verbum
762 1583 1025 1623 ’ὑπεκκεῖσθαι

362 1641 441 1680 vid.
458 1642 557 1686 VIII,
589 1644 642 1681 60
663 1643 699 1684 ξ.
730 1642 756 1677 2
777 1641 906 1690 ibique
926 1647 1023 1676 nott.

361 1699 420 1739 De
440 1697 616 1747 Aphidnis
636 1695 713 1732 vid.
733 1702 829 1730 nott.
855 1694 903 1730 ad
923 1696 1023 1742 vm,

366 1753 469 1800 1253
501 1753 548 1790 de
581 1751 707 1788 Titaco
728 1751 844 1786 citant
875 1751 1022 1800 Harpo-

363 1816 455 1846 crat.
476 1823 506 1847 s.
528 1822 565 1845 v.
588 1807 695 1846 Suid.
713 1820 789 1845 s.v.
819 1807 1021 1844 Τιτακίδαι

361 1868 415 1905 111
436 1880 473 1915 p.
494 1863 588 1904 479.
612 1863 778 1915 Etymol.
795 1863 848 1899 M.
870 1877 907 1913 p.
924 1865 1019 1903 760.

362 1921 496 1973 Steph
500 1923 558 1971 By
562 1935 582 1956 z
586 1934 631 1971 ‚p
637 1923 684 1960 71
693 1923 747 1986 Js.
752 1933 787 1956 v.
807 1920 1017 1958 Τιτακίδαι.

417 1978 460 2018 ἓν
479 1974 646 2030 Σπάρτῃ
679 1971 756 2015 cino
781 1990 923 2015 τουτου
947 1977 1020 2014 τοῦ

360 2033 495 2087 ε’ργου]
528 2035 583 2070 Ita
603 2033 840 2070 Florentinus
862 2039 898 2069 et
919 2032 1021 2069 San—-

359 2092 468 2130 crosti
502 2091 597 2128 liber
626 2103 713 2127 cum
743 2090 837 2126 aliis.
893 2089 1019 2139 Nulgo

360 2144 437 2188 οἷπὸ
451 2144 592 2187 τούτου
609 2149 681 2186 τοῦ
697 2144 865 2197 ε’ργουῗέν
878 2141 1021 2196 Σπαρ-

359 2220 405 2260 τῃ
428 2217 594 2256 eumque
622 2204 826 2241 verborum
846 2201 1021 2239 ordinem

360 2264 599 2298 retinuerunt
628 2259 823 2297 Schaesffl.
859 2266 896 2296 et
916 2261 1020 2296 Mat-

360 2317 476 2357 thiae.
499 2340 548 2346 —
593 2316 655 2354 Ad
675 2311 956 2367 3εᾳ(1.ατελείη
978 2330 1019 2355 τε

361 2375 428 2413 καὶ
465 2374 654 2427 προεδρίη
685 2373 763 2413 vid.
792 2380 886 2410 nott.
918 2371 965 2409 ad
985 2373 1016 2422 1,

361 2430 425 2470 54.
463 2454 515 2460 ——
574 2432 648 2467 Pro
681 2428 900 2480 σινομένων
930 2442 1019 2465 cum

361 2496 515 2527 recentt.
529 2488 678 2537 reposui
696 2484 947 2537 σινεομένων,
968 2484 1015 2522 de

362 2556 437 2593 quo
458 2544 534 2581 vid.
558 2546 626 2592 IX,
654 2546 717 2584 13.

416 2599 606 2650 Δεκελέης
622 2596 887 2650 ἀποσχέσθαι]
911 2600 1016 2646 „Re-

359 2655 446 2691 ferri
474 2657 567 2691 solet
600 2656 647 2692 ad
679 2670 823 2692 annum
863 2656 1017 2707 Olymp-

359 2712 458 2760 XCI,
491 2714 514 2751 ὃ
546 2710 643 2758 [413
675 2725 695 2748 a
717 2712 806 2749 Chr.
826 2713 910 2761 n.],
940 2725 1016 2764 quo

359 2769 463 2819 Agis,
494 2765 715 2806 Archidami
742 2769 851 2817 filius,
890 2771 1014 2806 Dece-

1406 1171 1579 1216 Τούτου
1607 1175 1689 1215 τοῦ

1080 1415 1182 1452 leam
1203 1413 1402 1465 occupavit
1416 1420 1453 1452 et
1467 1412 1507 1451 in
1527 1413 1743 1452 maximum

1082 1471 1376 1508 Atheniensium
1469 1470 1742 1508 detrimentum

1081 1530 1220 1565 muniit
1250 1528 1352 1579 apud
1376 1526 1558 1580 Thucyd.
1583 1529 1664 1575 Vll,
1688 1529 1741 1568 19

1080 1598 1160 1621 nou
1185 1587 1266 1622 sine
1307 1584 1473 1636 quadam
1513 1583 1739 1635 impruden-

1080 1642 1145 1677 tia.
1211 1641 1329 1677 Aliud
1358 1642 1551 1688 profecto,
1597 1636 1740 1689 οἷπὲχε-

1081 1700 1180 1734 σθαι
1202 1692 1393 1744 Δεκελέης
1416 1696 1460 1731 ab
1480 1708 1520 1732 ea
1546 1696 1736 1744 abstt'uere3

1079 1750 1183 1787 aliud
1222 1758 1447 1801 occupatam
1488 1753 1738 1789 munimentis

1079 1814 1116 1844 et
1136 1807 1320 1858 praesidio
1342 1809 1537 1855 instruere,
1559 1808 1737 1859 belloque

1077 1863 1208 1901 sedem
1243 1866 1379 1914 legere.
1438 1865 1647 1913 Contigisse
1677 1877 1738 1901 res

1076 1920 1238 1961 videtur,
1263 1933 1360 1971 quae
1384 1919 1629 1956 etBouhierii
1650 1922 1736 1971 opi-

1075 1978 1154 2025 nio,
1177 1978 1264 2013 belii
1276 1978 1597 2027 Peloponnesiaci,
1610 1990 1736 2028 (juan-

1077 2032 1126 2070 do
1148 2032 1400 2070 Archidamus
1420 2035 1584 2070 Atticam
1604 2035 1735 2070 incur-

1075 2091 1242 2127 sionibus
1264 2091 1439 2126 infestam
1462 2089 1604 2135 habuit,
1626 2091 1734 2139 prin-

1076 2148 1176 2198 cipio
1199 2148 1274 2195 [01.
1294 2146 1582 2193 LXXXV111,2
1601 2159 1630 2182 S.
1651 2146 1730 2186 431

1077 2202 1209 2241 a.Chr.
1226 2201 1289 2255 ιι]
1306 2215 1314 2240 :
1333 2201 1552 2253 Thucydid.
1575 2203 1621 2249 11,
1641 2202 1733 2242 10.“

1083 2259 1151 2297 We
1161 2274 1178 2296 s
1189 2260 1305 2296 sellu
1317 2272 1352 2307 g.
1375 2260 1601 2310 Etsequitur
1613 2260 1733 2296 VVes-

1072 2317 1278 2366 seliuginm
1315 2315 1525 2352 Larcherus
1561 2317 1731 2367 itemque

1075 2372 1258 2420 Schoell.,
1289 2374 1350 2408 cni
1388 2371 1461 2409 hoc
1495 2385 1586 2409 saue
1607 2373 1728 2408 multo

1075 2429 1224 2468 videtur
1271 2430 1515 2480 probabilius.
1567 2429 1729 2465 Contra-

1075 2487 1171 2523 riam
1190 2487 1413 2523 sententiam
1437 2491 1587 2522 tuentur
1605 2482 1727 2520 Dahi—

1072 2557 1205 2582 mann.
1247 2545 1286 2579 in
1315 2541 1457 2579 Herod.
1487 2554 1574 2592 pag.
1607 2539 1660 2580 43
1689 2547 1726 2577 et

1072 2603 1198 2652 lIeyse
1215 2600 1364 2645 Quaest.
1390 2601 1479 2635 Her.
1496 2612 1533 2648 p.
1553 2599 1619 2643 76,
1642 2603 1725 2632 tum

1073 2671 1163 2695 vero
1185 2655 1420 2693 Herodotum
1434 2665 1564 2691 senem
1582 2654 1725 2702 septin-

1073 2722 1187 2763 genta
1199 2713 1362 2750 duorum
1379 2707 1723 2747 annorumTlnn·iis

1072 2770 1166 2808 haec
1186 2770 1372 2820 scripsisse
1390 2764 1612 2818 ponendum
1621 2773 1688 2805 est.
