1879 3222
223 220 306 262 414
775 217 1152 256 COMMENTATIO

224 345 392 385 quaeras.
446 329 580 368 Fidem
608 330 801 383 quandam
831 332 901 368 illis
930 329 1141 368 adhibuisse
1173 329 1427 378 Herodotum,
1468 331 1528 369 vel
1555 344 1606 368 ex
1633 344 1692 380 eo,

223 402 338 440 quem
368 388 437 425 sibi
466 388 646 436 finxerat,
685 388 924 425 oraculorum
952 401 995 425 ac
1025 387 1264 425 divinationis
1295 400 1397 424 nexu
1426 401 1514 424 cum
1539 388 1694 425 notione

221 447 284 482 illa
326 445 443 482 divini
477 445 666 491 numinis,
708 445 879 495 colliga33
928 444 1112 481 accedunt
1145 446 1216 480 alia
1257 443 1445 496 quaedam
1481 445 1695 481 testimonia

222 502 367 548 V11,57
389 498 430 550 *)
461 502 605 549 etvlll,
618 504 683 549 77,
701 498 772 552 ἢ)
801 502 866 538 ubi
886 502 967 551 pius
982 502 1170 550 scriptoris
1188 502 1335 538 animus
1356 514 1431 537 non
1453 501 1565 537 audet
1585 501 1696 538 oblo-

221 558 287 609 qui
315 558 494 606 oraculis,
516 558 687 609 quamvis
713 557 980 604 subdubitans,
1013 559 1067 593 uti
1083 555 1250 605 videtur,
1281 557 1328 594 de
1359 570 1490 593 eorum
1526 558 1695 594 veritate.

220 615 440 651 Distinxisse
464 615 580 664 igitur
598 616 777 651 Nostrum
797 613 955 659 dixeris,
995 626 1066 649 nec
1087 614 1262 650 omnibus
1288 614 1470 650 eiusmodi
1498 613 1603 650 dictis
1635 620 1696 650 te-

219 684 325 707 mere
352 677 389 707 et
417 672 598 708 continuo
627 670 742 707 fidem
773 670 978 707 addidisse:
1018 670 1072 705 uti
1100 682 1212 719 supra
1234 671 1270 714 §.
1298 672 1348 709 10
1376 670 1453 705 iam
1478 671 1696 706 monuimus

220 726 451 777 disputantes
472 726 519 764 de
555 728 619 764 illo
635 729 714 764 veri
733 727 881 773 studio,
924 738 1000 777 quo
1021 727 1200 761 Nostrum
1227 726 1416 775 insignem
1444 726 1554 764 fuisse
1583 733 1696 778 atque

218 795 308 835 prae
329 784 434 833 vulgi
449 785 772 835 superstitionibus
793 782 957 832 sapuisse
977 780 1222 819 ostendimus·

328 841 455 877 Restat
475 839 639 891 denique
653 847 695 876 ut
714 838 929 885 videamus,
958 837 1049 890 quid
1067 836 1280 875 Herodotus
1305 836 1352 874 de
1379 838 1423 874 iis
1438 866 1450 887 ‚
1489 849 1587 889 quae
1614 843 1698 888 post

217 903 381 933 mortem
401 896 527 933 sutura
555 898 649 942 sint,
689 897 816 931 animo
854 895 1036 936 statuerit.
1101 896 1158 931 De
1193 895 1341 930 animae
1362 894 1642 930 immortalitate
1663 894 1699 930 ei

217 965 438 1003 persuasum
458 953 582 1000 fuisse,
612 964 728 1003 quem
738 958 843 988 tanto
866 952 1021 1001 ingenio
1041 950 1267 1002 praeditum,
1288 952 1565 1002 Aegyptiorum
1585 957 1706 1001 atque,

218 1010 452 1046 Graecorum
479 1009 665 1059 mysteriis
676 1004 772 1054 ΜΨ)
802 1009 990 1045 initiatum
1010 1009 1120 1045 fuisse
1147 1009 1374 1058 accepimus,
1393 1020 1489 1044 num
1509 1006 1700 1043 dubitabi—

216 1062 332 1102 mus?
387 1066 510 1115 Legas
530 1063 636 1112 mihi,
667 1078 764 1116 quae
784 1066 911 1102 scribit
929 1066 976 1112 ΙΙ,
1002 1068 1078 1105 123
1099 1065 1184 1101 coll.
1206 1066 1268 1112 IV,
1293 1065 1367 1113 953
1398 1063 1495 1101 adde
1511 1062 1580 1111 his,
1602 1075 1699 1115 quae

218 1128 365 1158 exstant
384 1122 428 1169 V,
449 1121 474 1160 4
504 1122 547 1158 iis
569 1122 771 1169 simillima,
792 1134 889 1174 quae
910 1120 1058 1159 divinus
1078 1128 1180 1159 vates
1200 1122 1299 1158 canit
1320 1122 1360 1157 in
1382 1121 1596 1157 Ecclesiast.
1618 1120 1699 1167 VII,

221 1181 241 1218 1
269 1185 334 1215 aut
361 1179 401 1214 iu
422 1178 503 1215 Iob.
523 1179 625 1226 XIV,
650 1181 668 1218 1
694 1186 729 1215 et
749 1180 865 1228 iunge
885 1177 986 1215 hisce
1001 1179 1103 1215 locos
1122 1180 1152 1225 Ι,
1182 1180 1247 1217 31.
1269 1179 1348 1225 vll,
1371 1176 1444 1226 463
1465 1178 1519 1213 nil
1539 1175 1700 1213 dubium

216 1247 319 1282 sane,
341 1235 433 1286 quin
454 1235 626 1271 animum
645 1236 901 1272 immortalem
921 1249 1000 1272 esse
1027 1234 1225 1272 crediderit
1245 1236 1398 1282 Noster,
1447 1232 1613 1285 indeque
1641 1239 1701 1269 et-

216 1291 295 1327 iam
315 1291 478 1328 melioris
499 1298 582 1342 post
601 1299 766 1329 mortem
786 1292 934 1329 futurae
956 1291 1181 1328 conditionis
1210 1305 1316 1342 spem
1336 1290 1510 1327 habuerit
1538 1289 1701 1327 certissi-

217 1360 346 1395 mam,
386 1355 428 1384 ut
450 1356 614 1386 mortem
646 1356 869 1400 exoptatum
901 1361 1150 1386 aerumnosae
1179 1349 1277 1385 vitae
1300 1347 1453 1384 duceret
1482 1347 1701 1398 perfugium

217 1406 391 1456 morique
411 1405 546 1443 melius
563 1419 641 1442 esse
661 1407 891 1442 existimaret
918 1419 1035 1458 quam
1061 1406 1176 1442 nasci.
1235 1404 1295 1441 Ad
1325 1417 1439 1456 quam
1475 1404 1702 1440 sententiam

217 1461 350 1512 sponte
369 1460 532 1499 ducebat
552 1461 744 1514 humanae
763 1463 972 1513 fragilitatis
1000 1470 1113 1515 atque
1134 1463 1360 1499 infirmitatis
1388 1462 1516 1509 notio,
1549 1459 1597 1497 de
1625 1471 1703 1512 qua

216 1531 330 1568 supra
350 1517 538 1570 diximus3
569 1520 634 1571 qui
650 1520 752 1556 enim
773 1520 803 1557 si
818 1527 971 1570 peccat,
1001 1532 1167 1570 poenam
1183 1532 1344 1571 eamque
1365 1531 1523 1569 gravem
1541 1518 1611 1555 luit
1630 1529 1702 1553 nec

216 1575 299 1611 talis
338 1582 416 1623 est,
462 1577 530 1627 qui
570 1583 770 1626 peccatum
798 1577 937 1614 evitare
968 1589 1172 1628 rerumque
1206 1577 1536 1627 aequabilitatem,
1585 1585 1702 1625 quam

216 1644 345 1668 severe
362 1637 488 1667 tuetur
509 1631 601 1668 deus
623 1633 796 1668 omnium
816 1632 958 1668 vindex
984 1640 1097 1684 atque
1121 1634 1232 1680 ultor,
1253 1645 1400 1669 servare
1416 1632 1557 1682 ubique
1574 1630 1701 1680 possit,

216 1687 248 1723 is
268 1688 455 1737 perpetuis
470 1687 548 1723 fere
569 1689 607 1723 in
628 1687 699 1724 hac
722 1689 965 1732 vitajactatus
986 1690 1093 1725 malis
1114 1695 1227 1739 atque
1249 1689 1534 1730 calamitatibus,
1563 1686 1702 1722 melio-

217 1756 299 1779 rem
311 1744 414 1779 illam
423 1750 562 1780 sortem
572 1757 648 1780 non
660 1750 780 1794 potest
799 1757 876 1779 non
888 1743 1115 1794 praedicare,
1127 1748 1165 1780 in
1187 1744 1261 1795 qua
1272 1745 1370 1780 vitae
1385 1743 1565 1779 terrestris
1578 1741 1703 1778 llucti-

217 1799 287 1836 bus
301 1806 472 1836 exemtus
481 1807 705 1850 perpetuam
725 1801 1035 1851 tranquillitatem
1055 1808 1167 1852 atque
1182 1802 1398 1837 felicitatem
1417 1812 1456 1836 se
1476 1797 1703 1848 adepturum

217 1869 296 1893 esse
316 1862 452 1906 sperat.
510 1857 554 1891 In
572 1855 671 1892 hanc
701 1869 790 1893 vero
820 1857 1066 1893 tristissimam
1088 1858 1186 1894 vitae
1214 1855 1404 1892 humanae
1434 1856 1704 1905 cogitationem

219 1925 350 1949 omues
372 1911 551 1960 incidere,
573 1914 637 1964 qui
659 1912 881 1949 christianae
902 1914 1091 1964 religionis
1110 1914 1192 1950 luce
1205 1920 1369 1957 careant,
1384 1914 1578 1948 neminem
1595 1911 1704 1961 fugit.

331 1970 393 2005 Ex
412 1970 481 2006 ista
502 1976 631 2006 autem
653 1968 839 2006 Herodoti
872 1972 1057 2007 sententia
1086 1969 1132 2006 de
1161 1971 1319 2006 numine
1341 1968 1469 2006 divino
1491 1969 1646 2020 eiusque
1666 1967 1705 2004 vi

219 2038 262 2063 ac
283 2032 487 2076 potestate,
526 2025 573 2062 de
593 2027 672 2077 ipsa
692 2025 856 2063 hominis
876 2033 1011 2063 natura
1040 2028 1195 2079 eiusque
1216 2028 1360 2063 ratione
1386 2024 1552 2076 agendi,
1585 2024 1706 2076 qualis

219 2095 240 2118 a
261 2081 388 2119 divina
408 2090 537 2119 mente
559 2084 593 2119 ei
613 2085 814 2120 constituta
835 2083 940 2135 quasi
960 2097 1002 2121 ac
1017 2085 1244 2135 praescripta
1266 2090 1330 2130 est,
1354 2081 1455 2119 haud
1475 2082 1551 2119 scio
1571 2094 1619 2118 an
1635 2094 1706 2117 ex-

218 2140 350 2189 plicari
369 2140 503 2189 possit,
532 2153 628 2191 quae
648 2140 836 2191 scriptoris
865 2140 977 2177 fuerit
1007 2142 1193 2177 sententia
1211 2140 1252 2177 (le
1272 2141 1373 2177 rebus
1397 2138 1560 2186 publicis,
1590 2137 1637 2174 de
1661 2149 1706 2174 ea

219 2196 413 2245 regiminis
441 2196 584 2242 forma,
618 2210 715 2248 quae
739 2198 837 2233 inter
856 2204 987 2246 gentes
1009 2198 1185 2234 constitui
1207 2203 1242 2233 et
1263 2197 1414 2247 reliquis
1436 2194 1616 2246 praeferri
1636 2192 1707 2231 de-

218 2252 318 2289 beat.
378 2253 506 2298 Quum
530 2254 652 2303 enim,
689 2267 940 2306 quaecunque
968 2252 1143 2291 homines
1163 2254 1331 2304 affligere
1347 2258 1503 2304 possunt
1522 2251 1636 2299 mala,
1657 2261 1706 2286 ex

316 2453 347 2495 ⁸)
378 2451 486 2495 τέρας
515 2462 580 2497 σφι
609 2449 730 2496 ἕφοὶνη
756 2452 866 2496 μέγα,
911 2451 954 2488 τὸ
986 2452 1125 2498 Ξέρξης
1163 2450 1201 2486 ἐν
1228 2449 1354 2487 οὐδενὶ
1389 2448 1482 2496 λόγῳ
1508 2446 1702 2492 ἐποιήσατο

220 2495 756 2579 ἷιυτὲιίσῦῗρρξῦσύμβλητον
786 2497 874 2536 ἑόν.
921 2501 969 2535 Et
1000 2503 1087 2534 conf.
1122 2500 1222 2533 ctiam
1255 2500 1362 2532 locum
1395 2500 1495 2543 paulo
1519 2502 1596 2530 ante
1619 2492 1705 2527 alla-

362 2569 371 2584 ,
441 2571 448 2578 .

316 2610 370 2652 **)
395 2615 581 2654 χρησμοῖσι
603 2611 641 2648 δὲ
666 2611 734 2647 οὐκ
759 2613 825 2657 ἔχω
843 2610 1042 2658 ἅντιλέγειν
1061 2610 1112 2652 ὥς
1133 2610 1200 2646 οὐκ
1219 2611 1286 2647 εἰσὶ
1307 2608 1463 2655 ἀληθέες
1491 2603 1536 2641 οὗ
1568 2602 1704 2660 βουλό-

219 2666 327 2699 μενος
361 2653 536 2699 ἐναργέως
563 2657 733 2702 λέγοντας
772 2661 973 2703 πειρᾶσθαι
1000 2658 1262 2704 καταβάλλειν,
1298 2655 1334 2696 ἐς
1355 2653 1480 2689 τοιάδε
1507 2661 1704 2700 πρηγματα

222 2699 411 2746 ἐσβλέψαέ·
440 2721 482 2726 -
530 2701 592 2742 Ἐς
613 2706 769 2738 τοιαῦτα
787 2704 851 2759 μὲν
867 2706 928 2739 καὶ
948 2703 1046 2740 οὕτω
1066 2703 1242 2758 ἑναργέξος
1259 2701 1397 2746 λέγοντι
1421 2697 1567 2736 Βάκιδι,
1603 2707 1704 2730 αντι-

220 2748 342 2792 λογίης
359 2747 526 2791 χρησμῶν
545 2747 629 2791 πέρι
649 2747 734 2784 οὔτε
747 2764 861 2791 αυτυς
879 2750 992 2795 λέγειν
1006 2750 1144 2794 τολμέω
1164 2761 1249 2783 oute
1261 2745 1345 2790 παρ’
1365 2744 1483 2780 ἄλλων
1499 2741 1702 2786 ἐνδέκομαι.

315 2814 393 2859 ***)
418 2814 489 2849 vid.
514 2815 561 2858 ΙΙ,
585 2816 639 2851 51.
658 2819 722 2852 170
745 2819 828 2864 ibiq.
855 2823 940 2854 nott.
964 2820 1012 2862 11,
1043 2822 1105 2855 171
1131 2818 1205 2854 coll.
1229 2818 1263 2851 3.
1286 2816 1341 2851 45.
1361 2816 1415 2850 46.
1427 2813 1483 2848 65.
