1879 3222
443 151 531 192 218

861 149 1322 188 HERODOTI

443 257 657 312 Δωριέος,
688 256 828 312 ἄνδρα
859 258 998 314 οἰκίης
1025 257 1152 302 ἐόντα
1180 261 1255 314 τῆς
1284 255 1431 313 αὐτῆς.
1469 258 1524 301 Οἱ
1542 257 1621 314 μὲν
1642 258 1694 314 δὴ

318 328 378 373 ll
439 325 524 369 σύν
557 327 790 382 Παυσανίῃ
830 325 1140 382 ἐξεληλύθεσαν
1175 326 1253 377 ἔξω
1284 325 1502 382 Σπάρτης.

1567 328 1620 368 Οἱ
1649 327 1694 369 δὲ

443 392 635 449 ἄγγελοι,
667 393 725 444 ὦς
748 393 883 449 ἡμέρη
911 393 1112 449 ἐγεγόνεε,
1144 391 1276 436 οὐδὲν
1306 393 1463 444 εἰδότες
1494 394 1589 447 περὶ
1620 397 1696 448 τῆς

440 461 620 513 ἐξόδου,
661 461 856 517 ἐπῆλθον
885 461 952 504 ἐπὶ
987 459 1090 510 τούς
1120 460 1334 516 ἐφόρους,
1375 462 1421 505 ἐν
1450 461 1539 517 νόῳ
1571 460 1623 516 δή
1655 461 1750 503 «ξ’-55

439 544 586 584 χοντες
623 527 976 572 ἀπαλλάσσεσθαι
1026 530 1098 570 καὶ
1138 527 1264 571 αὐτοὶ
1304 529 1372 572 ἐπὶ
1415 532 1490 583 τῆς
1528 528 1695 571 ἑωυτοῦ

409 603 432 636 Ξ
443 595 632 646 ἕκαστος.

690 596 947 646 ἐπελθόντες
977 596 1044 646 δὲ,
1085 594 1232 648 ἔλεγον
1258 595 1378 638 τάδε·
1410 594 1569 649 ,ξΤμεῖς
1603 595 1696 649 μὲν,

439 658 503 714 „ni
533 664 895 720 Λακεδαιμόνιοι,
925 662 1062 706 αὐτοῦ
1091 664 1191 720 τῇδε
1219 663 1441 716 μένοντες,
1465 660 1696 706 Ὑακίνθιά

440 747 511 782 ,,τε
542 730 683 787 ἄγετε,
723 733 798 776 καὶ
825 733 1010 784 παίζετε,
1050 729 1399 784 καταπροδόντες
1436 731 1538 781 τοὺς
1586 741 1696 786 συμ-

382 872 586 923 scriptum,
624 872 653 907 is
686 869 940 906 defectionem
975 881 1039 905 re-

382 928 455 964 fert
477 927 526 964 ad
553 928 713 963 alterum
733 927 871 962 mensis
886 926 1038 963 Octobr.

383 983 486 1020 diem
527 984 617 1020 anni
647 982 754 1023 479:
795 981 898 1033 quod
934 981 1039 1018 idem

383 1041 489 1077 alteri
520 1041 629 1076 Gallo
668 1040 885 1088 interpreti,
930 1040 1037 1086 Miot,

382 1097 568 1147 placuisse
595 1095 719 1135 video.
760 1094 838 1132 sed
856 1094 926 1131 hoc
947 1097 1040 1131 mit-

382 1160 507 1190 tamus
551 1154 658 1200 licet3
696 1150 791 1188 illud
830 1165 920 1188 vero
959 1152 1042 1187 iure

381 1211 585 1256 miramur,
640 1209 705 1259 qui
740 1206 1042 1258 Schweighaeu-

381 1279 465 1303 sero
485 1267 525 1302 in
555 1272 726 1301 mentem
742 1266 872 1302 venire
903 1272 1041 1315 potue-

380 1323 450 1369 rit,
501 1321 788 1359 Cleombrotum
827 1319 900 1358 hoc
953 1321 1040 1358 solis

382 1378 534 1421 defectu
561 1379 720 1415 minime
747 1377 861 1414 fuisse
897 1384 1041 1428 perter-

381 1437 523 1483 ritum,
566 1433 635 1472 sed
673 1434 796 1471 fausto
828 1435 937 1471 illum
966 1447 1041 1484 po-

380 1493 454 1529 tius
475 1504 545 1543 pro
565 1492 694 1529 omine
714 1492 901 1541 accepisse
927 1490 1040 1527 inde-

383 1561 459 1600 que
482 1549 618 1595 etiam,
649 1561 689 1584 re
711 1548 852 1584 scilicet
874 1554 1038 1598 peracta,

383 1617 475 1642 cum
496 1603 592 1640 nihil
611 1616 632 1640 a
650 1604 772 1640 Persis
792 1604 862 1654 ipsi
879 1605 1039 1653 amplius

385 1668 481 1698 esset
536 1658 775 1707 timendum,
828 1671 1040 1708 regressum

381 1731 460 1754 esse
481 1730 570 1753 cum
589 1717 719 1766 copiis.
767 1715 867 1751 Nam
886 1714 957 1751 hoc
978 1716 1040 1750 in-

380 1780 439 1811 ter
458 1785 591 1810 omnes
611 1778 776 1820 constat,
809 1770 1039 1808 defectiones

381 1828 486 1881 apud
518 1836 661 1867 veteres
695 1841 774 1864 non
813 1840 879 1878 pro
908 1828 1038 1864 faustis

381 1886 574 1924 ominibus
593 1898 672 1922 esse
694 1883 839 1921 habitas
865 1884 931 1921 sed
954 1897 1039 1920 ma-

380 1943 508 1980 lorum
543 1942 829 1978 imminentium
862 1942 1036 1977 nuncios.

379 2001 464 2038 Rex
497 2011 602 2036 sacra
627 1998 790 2045 fecerat,
832 2010 900 2047 pro
929 2010 1036 2033 more

381 2056 643 2106 exploraturus
661 2083 670 2102 ‚
689 2067 784 2090 num
803 2053 872 2103 ipsi
889 2052 1038 2091 condu-

383 2119 485 2150 ceret
510 2113 636 2163 copias
654 2124 703 2147 ex
726 2108 870 2147 Isthmo
899 2109 1038 2147 ducere

382 2168 562 2206 adversus
601 2169 735 2204 Persas
779 2168 818 2202 iu
855 2180 1040 2217 pugnam.

385 2224 464 2263 Sed
475 2225 576 2262 mala
592 2225 661 2274 ipsi
674 2221 849 2274 portendi
863 2225 941 2260 sole
960 2223 1039 2260 scil.

384 2281 583 2319 deficiente
598 2293 686 2317 cum
701 2280 955 2327 intellexisset,
968 2292 1039 2315 ne-

383 2339 439 2376 fas
460 2337 591 2375 habuit
612 2335 741 2387 egredi
761 2337 961 2387 copiasque
976 2336 1039 2371 iu·-

385 2394 433 2432 de
471 2393 630 2432 domum
664 2391 845 2429 reducere
891 2393 1038 2439 maluit,

384 2452 600 2501 perterritus
645 2461 734 2487 sane
777 2447 849 2485 hoc
896 2449 1038 2495 omine,

384 2520 483 2558 quo,
525 2507 625 2544 male
653 2518 801 2543 cessura
834 2518 912 2542 esse
941 2517 1038 2557 quae

384 2564 601 2611 moliretur,
631 2561 839 2599 indicatum
863 2568 955 2599 erat.
983 2581 1039 2590 --

383 2617 447 2656 Ad
467 2620 624 2655 verbum
650 2616 926 2670 προσαιρέεται
957 2615 1043 2669 (sibi

384 2675 550 2722 adscivit)
571 2676 669 2712 cons.
694 2676 802 2722 vlu,
841 2678 931 2715 130.
975 2673 1038 2711 Ad

383 2731 797 2784 plusquamperfectum
811 2727 1038 2782 ἐξεληλύθε-

1095 880 1168 906 σαν
1186 867 1263 909 vid,
1276 866 1410 905 Matth.
1430 869 1494 904 Gr.
1514 869 1580 906 Gr.
1594 868 1630 913 §.
1656 868 1751 909 505.

1093 925 1145 961 JV
1165 938 1252 975 pag.
1270 927 1361 965 960.
1392 927 1449 960 De
1471 937 1563 961 voce
1589 924 1661 972 ἔξω
1683 924 1752 960 ad-

1094 982 1189 1019 iecta
1208 982 1307 1019 cons.
1329 982 1438 1018 allata
1463 981 1510 1018 ad
1531 983 1605 1029 111,
1632 982 1696 1020 16.

1329 1071 1420 1121 cap.
1450 1072 1519 1108 XI.

1153 1148 1220 1190 καὶ
1249 1145 1362 1189 αὐτοὶ
1401 1148 1465 1190 ἐπὶ
1502 1151 1574 1200 τῆς
1601 1146 1752 1187 ἑωυτοῦ

1098 1206 1277 1255 ἕκαστος]
1309 1208 1384 1242 Pro
1405 1202 1520 1245 αὐτοὶ
1542 1204 1646 1258 quod
1661 1205 1753 1242 Ste-

1096 1277 1208 1315 gerus
1252 1264 1405 1300 coniicit
1445 1258 1569 1310 οὕτω,
1615 1262 1751 1299 merito

1095 1321 1271 1372 reprobat
1282 1333 1414 1357 censor
1427 1319 1626 1369 Lipsiensis
1647 1320 1752 1358 1833

1095 1391 1133 1428 p.
1144 1377 1210 1418 49.
1234 1378 1299 1414 Tu
1311 1375 1397 1413 vide
1407 1374 1541 1412 Matth.
1555 1376 1622 1412 Gr.
1635 1376 1701 1411 Gr.
1713 1375 1753 1420 §-

1096 1436 1177 1475 302
1202 1440 1282 1470 not.
1302 1446 1339 1483 p.
1360 1435 1456 1473 602.
1496 1433 1570 1468 Pro
1592 1429 1656 1470 ἐπὶ
1681 1432 1753 1481 τῆς

1095 1491 1220 1542 plures
1232 1489 1343 1528 codd.
1358 1487 1421 1528 ἐπὶ
1438 1504 1457 1527 τ
1469 1486 1495 1539 ή
1507 1486 1630 1527 v-Sed
1642 1499 1752 1538 prae-

1095 1554 1167 1584 stat
1191 1546 1254 1588 ἐπὶ
1279 1547 1352 1597 τῆς
1370 1547 1392 1583 i.
1420 1558 1452 1585 e.
1465 1547 1624 1595 patriam
1651 1556 1751 1580 suam

1095 1616 1224 1640 versus.
1247 1624 1303 1630 —
1340 1605 1384 1639 In
1415 1615 1520 1652 seqq.
1553 1600 1601 1637 ad
1625 1595 1751 1638 αὐτοῦ

1095 1661 1190 1712 τῇδε
1208 1658 1284 1695 vid.
1309 1659 1421 1694 allata
1439 1656 1487 1692 ad
1507 1657 1580 1704 IV,
1613 1655 1690 1696 135
1713 1662 1751 1692 et

1096 1715 1144 1751 cf,
1180 1713 1344 1750 eundem
1363 1711 1498 1750 Matth.
1525 1714 1591 1751 Gr.
1614 1713 1681 1749 Gr.
1712 1713 1751 1757 ξ.

1094 1769 1197 1818 470,
1228 1772 1252 1810 8
1270 1783 1355 1821 pag.
1379 1771 1475 1809 873.

1149 1823 1360 1865 Ὑακίνθιά
1375 1839 1413 1863 τε
1434 1821 1557 1875 ἄγετε,
1583 1822 1647 1863 καὶ
1660 1822 1750 1862 nai·

1095 1881 1188 1933 ζετε]
1222 1882 1333 1929 Quod
1351 1882 1527 1918 articulus
1555 1887 1642 1917 ante
1667 1877 1751 1918 ‘Yoc-

1094 1939 1236 1977 κίνθια
1259 1940 1464 1985 omittitur,
1501 1935 1540 1974 id
1567 1937 1751 1974 creberri-

1093 2008 1158 2032 mo
1182 2009 1272 2044 usu,
1305 2008 1380 2047 quo
1418 2001 1504 2030 aute
1533 1991 1752 2030 huiusmodi

1094 2054 1253 2089 nomina
1274 2052 1457 2089 festorum
1478 2051 1652 2086 articulus
1679 2062 1751 2085 ue-

1095 2110 1269 2159 gligitur,
1307 2108 1387 2144 fieri
1420 2107 1592 2143 observat
1620 2106 1750 2142 Sinte-

1096 2167 1153 2202 nis
1174 2165 1221 2201 ad
1241 2166 1343 2201 Plut.
1361 2161 1608 2200 Themistocl.
1626 2161 1749 2198 Praef.

1096 2235 1133 2272 p.
1172 2222 1297 2261 XXII.
1350 2220 1414 2257 Sic
1444 2232 1557 2270 supra
1597 2231 1749 2270 quoque

1095 2276 1196 2327 apud
1217 2275 1400 2314 Herodot.
1421 2276 1488 2312 VII
1504 2305 1515 2323 ‚
1559 2277 1625 2316 26.
1655 2276 1749 2314 206.

1094 2334 1202 2380 VIII,
1234 2336 1287 2374 72
1314 2333 1379 2372 fin.
1436 2334 1493 2368 De
1526 2332 1613 2382 ipsis
1640 2330 1751 2380 Hya-

1095 2390 1236 2428 cinthus
1254 2389 1442 2442 quaedam
1461 2389 1589 2425 notavi
1609 2387 1657 2424 ad
1669 2387 1748 2434 VII,

1095 2449 1190 2487 206.
1237 2447 1406 2484 Verbum
1425 2445 1578 2491 παίζειν
1602 2451 1643 2480 ut
1662 2455 1749 2479 om-

1094 2503 1186 2540 nino
1206 2503 1344 2551 ludere,
1376 2516 1428 2540 res
1459 2501 1616 2538 ludicras
1644 2511 1748 2547 agere

1093 2560 1299 2609 significat,
1328 2561 1378 2598 ita
1399 2558 1587 2608 sigillatim
1607 2554 1749 2592 iudicat

1097 2616 1226 2654 choreis
1265 2629 1299 2654 se
1340 2616 1525 2659 oblectare,
1583 2612 1746 2649 saltare:

1097 2685 1195 2724 quae
1234 2671 1389 2724 quidem
1427 2669 1652 2720 significatio
1700 2668 1747 2704 ab

1092 2727 1167 2767 hoc
1198 2730 1283 2768 loco
1322 2741 1399 2766 uon
1437 2738 1587 2778 prorsus
1626 2725 1748 2762 aliena
