1879 3222
645 190 673 225 1.
701 189 862 225 INDEX
891 190 1082 229 RERUM.

180 299 253 334 not.
284 296 510 332 Asiaticorum
543 295 654 340 origo,
686 295 762 338 VII,
798 295 844 329 99

179 350 248 377 not.
273 344 390 377 innata
413 341 573 385 superbia
607 346 641 375 ct
665 341 842 384 fortitudo,

180 391 254 430 vn,
272 390 339 423 102
354 392 422 421 not.

133 436 260 470 Dorica
273 446 357 480 gens
381 430 566 476 (Δωρικὸν
583 430 725 476 ἔθνος),
749 433 841 473 vm,

177 481 234 515 43.
260 480 458 513 Hellenicae
483 479 610 521 stirpis,
644 481 732 512 unde
756 490 842 523 cog-

175 527 363 566 nominata,
387 524 416 565 I,
448 522 493 557 56
516 530 584 558 not.
619 530 694 566 post
726 525 841 558 varias

175 572 409 614 migrationes,
431 582 472 603 ex
499 571 672 615 Dryopide
696 571 842 615 denique

175 618 211 652 in
227 618 499 660 Peloponnesum
532 618 645 659 venit,
680 618 765 652 ibid.
807 621 840 652 et

173 663 264 705 vm,
288 662 347 696 31.

128 709 271 743 Doricae
298 708 408 741 tribus
440 708 684 752 Sicyoniorum
726 712 840 746 muta<-

171 759 239 796 tae,
283 755 323 795 V,
357 754 413 789 68.
455 755 624 788 Doricum
654 755 837 788 vestimen-

171 805 256 840 tum,
280 801 321 841 V,
349 800 404 833 87.

124 846 276 880 Doricha
299 846 463 879 meretrix
487 849 555 880 not.
586 846 628 880 ad
653 846 698 887 II,
723 845 802 879 134.

124 892 279 936 Doricus,
303 893 564 926 Anaxandridae
587 893 650 932 fil„
673 904 715 925 cx
725 893 838 935 prima

169 949 289 980 uxore,
326 939 368 980 V,
390 937 447 971 41.
495 939 537 980 V,
561 938 607 971 46
634 942 704 974 not.
748 939 838 971 inter

169 985 331 1025 aequales
367 984 518 1025 excellit,
551 984 591 1025 V,
631 984 686 1016 42.
717 985 836 1017 nolens

169 1030 237 1063 sibi
260 1041 282 1063 a
299 1031 405 1063 fratre
420 1030 595 1073 imperari,
619 1029 654 1063 in
668 1031 835 1074 Cinypem

167 1076 309 1110 Africae
331 1076 502 1109 coloniam
530 1076 646 1117 ducit,
687 1077 769 1109 ibid.
800 1076 836 1109 in

169 1122 293 1155 Sicilia
311 1134 389 1155 cum
401 1123 608 1155 crotoniatis
618 1122 766 1165 Sybarin
778 1133 835 1155 ca-

167 1168 230 1211 pit,
262 1169 303 1208 V,
339 1167 386 1201 43
415 1179 507 1211 seqq.
557 1168 674 1210 ibique
710 1168 745 1200 in
777 1180 833 1201 ex-

166 1214 339 1257 peditione
388 1213 560 1254 occubuit,
603 1214 644 1255 V,
675 1213 720 1247 45
764 1226 835 1257 seq.

169 1259 244 1300 VH,
270 1258 350 1293 158.
375 1259 456 1293 205.
481 1282 525 1286 -
550 1260 622 1293 eius
650 1261 741 1293 {ilius
765 1261 835 1293 Eu-

168 1311 363 1348 ryanactes,
386 1306 580 1340 Pausaniae
604 1307 751 1350 collega,
774 1307 835 1348 IX,

120 1397 220 1431 Doris
246 1393 297 1441 (ἡ
324 1395 492 1440 Δωρὶς),
524 1398 553 1438 Ι,
585 1396 630 1431 56
654 1400 724 1430 not.
750 1397 836 1431 olim

166 1444 316 1486 Dryopis
343 1444 539 1484 nominata,
576 1454 596 1476 a
630 1443 744 1476 Persis
768 1455 834 1476 non

164 1493 299 1522 vastata
311 1489 566 1522 Thessalorum
577 1489 732 1533 consilio,
742 1491 761 1522 t
774 1489 837 1530 ΙΙΙ,

118 1581 289 1619 Dor-iscus,
313 1581 352 1622 V,
378 1580 423 1614 98
445 1584 514 1614 not.
539 1581 614 1621 VII,
634 1579 690 1614 25.
715 1581 835 1614 Thra-

165 1627 241 1659 ciae
271 1626 366 1659 littus
401 1631 435 1660 et
469 1639 610 1669 campus
635 1627 776 1671 ingens,
800 1630 834 1660 et

163 1672 343 1705 castellum
368 1672 479 1712 Darii,
507 1674 582 1714 VII,
607 1670 664 1706 59.
684 1671 750 1705 105
762 1684 832 1715 seq.

117 1719 240 1760 Dorus,
264 1717 422 1751 Hellenis
444 1719 506 1759 fil„
528 1718 558 1760 Ι,
581 1717 638 1753 56.

117 1764 293 1807 Dorysm,
315 1765 490 1798 Leobotae
502 1765 567 1806 fil„
594 1764 668 1805 VII,
681 1765 750 1798 201
761 1767 831 1798 not.

116 1810 238 1851 Datus,
276 1810 468 1853 Megasidri
491 1810 596 1849 filius,
628 1811 833 1854 Paphlago-

161 1866 245 1887 num
267 1860 300 1888 et
316 1855 550 1889 Matienorum
573 1857 654 1897 dux,
681 1857 754 1897 vn,
774 1856 831 1890 72.

116 1900 317 1940 Drabesws,
340 1900 404 1940 IX,
428 1899 473 1934 75
493 1906 562 1935 not.

117 1945 257 1979 Dromos
279 1947 466 1988 Achilleus,
491 1947 549 1988 IV,
573 1945 620 1981 55
643 1950 713 1980 not.

117 1992 269 2035 Dropici,
291 1992 476 2025 Persarum
499 2004 595 2037 gens,
623 1993 648 2030 I,
673 1991 755 2026 125.

117 2037 276 2080 Drymus.
300 2048 376 2080 opp.
387 2038 562 2080 Phocidis,
587 2039 679 2078 VIII,
702 2038 748 2071 33
759 2042 829 2075 not.

116 2083 223 2127 Dryo,
246 2083 415 2118 Herodoti
438 2089 560 2127 mater,
584 2085 719 2120 Comm.
735 2087 767 2128 §-
793 2085 828 2119 2.

1530 191 1609 230 491

900 299 1048 344 Dryopis
1071 299 1168 342 regio
1194 297 1405 343 (Aevonigl,
1419 299 1446 338 1,
1472 297 1517 331 56
1542 302 1611 332 not.

945 354 1062 387 postea
1088 346 1186 378 Doris
1210 346 1407 383 nominata,
1446 345 1541 385 wll,
1565 346 1606 378 3}

945 396 1018 424 not.
1043 393 1201 435 Dryopes
1225 403 1302 434 pop.
1330 392 1362 424 in
1381 391 1472 429 Asia,
1497 390 1524 430 I,
1546 390 1612 423 1⁴6

945 441 1013 468 not.
1052 439 1230 481 Dry-opum
1265 438 1422 470 civitates
1446 437 1480 470 in
1513 438 1610 470 Pelo-

942 493 1106 524 ponneso,
1132 484 1224 523 VIII,
1248 483 1305 516 73.

896 529 1081 561 Duodecim
1112 530 1213 562 aulae
1245 529 1280 562 in
1309 529 1532 572 labyrintho,
1564 527 1609 569 II,

945 573 1010 607 148
1033 579 1103 607 not.

895 620 1124 664 Dymanatae,
1148 620 1258 653 tribus
1284 619 1460 663 Sicyonia,
1499 621 1540 661 V,
1565 618 1610 653 68

940 669 1010 698 not.

895 713 1012 755 Dyme,
1036 722 1116 753 opp.
1139 711 1370 748 Achaeorum,
1395 709 1424 750 Ι,
1449 709 1516 742 145
1540 713 1610 745 not.

895 759 1018 801 Dyras,
1044 758 1079 790 fl.
1104 756 1328 796 Trachinlae,
1350 755 1426 794 VII,
1451 756 1517 788 198
1539 760 1608 790 not.

895 805 1100 848 Dysenteria
1124 802 1158 835 in
1175 802 1297 836 xerxis
1323 801 1487 842 exercitu,
1515 802 1608 844 vul,

942 849 1018 882 115.

893 896 1073 940 Dysorum,
1122 905 1219 926 mons
1258 903 1364 935 prope
1402 904 1504 935 quem
1552 903 1608 925 ar-

938 941 1031 985 genti
1058 941 1212 981 metalla,
1237 940 1278 981 V,
1303 939 1348 973 17
1384 942 1455 973 not.
1487 938 1529 972 Τ.
1557 938 1608 972 III

937 999 970 1031 p.
996 987 1075 1021 812.

1228 1076 1273 1109 Ε.

892 1170 1050 1203 Eburet
1086 1169 1241 1201 Ebenum
1276 1166 1364 1210 (fert
1386 1165 1609 1209 Aethiopia),

941 1216 1001 1253 111,
1025 1215 1103 1248 114.
1129 1215 1175 1247 cf.
1197 1226 1225 1249 c.
1248 1212 1294 1246 97
1318 1216 1388 1246 not.
1414 1212 1481 1245 107
1508 1218 1578 1247 not.

893 1263 1087 1302 Ecbatana,
1111 1261 1179 1294 vid.
1204 1260 1403 1303 Agbatana.

891 1309 1111 1347 Echecrates,
1136 1305 1292 1338 Eetionis
1309 1309 1417 1348 pater,
1438 1304 1482 1344 V,
1504 1303 1562 1337 92.

891 1354 1089 1387 Echedorus
1113 1350 1369 1394 (Ἐχείδωρος),
1401 1350 1437 1383 ss.
1471 1361 1491 1382 e
1524 1350 1608 1382 Cre-

938 1399 1086 1433 stonaeis
1116 1399 1237 1435 fluens,
1273 1396 1461 1430 exercitum
1485 1396 1609 1428 Xerxis

937 1456 1030 1488 aqua
1051 1444 1216 1481 destituit,
1241 1444 1314 1484 vll,
1340 1441 1407 1475 124
1431 1445 1500 1475 not.
1527 1441 1606 1475 127.

938 1491 984 1526 T.
1010 1491 1061 1523 III
1084 1502 1116 1534 p.
1141 1489 1218 1523 826.

891 1539 1071 1577 Echemus,
1097 1535 1222 1578 Aet-opi
1234 1535 1298 1574 fil..
1323 1534 1474 1577 Hyllum
1486 1533 1519 1566 in
1529 1544 1607 1567 mo-

935 1582 1124 1616 nomachia
1147 1581 1329 1623 interfecit,
1354 1581 1418 1620 lx,
1443 1579 1491 1614 26
1514 1586 1583 1614 not.

889 1630 1128 1668 Echestratus‚
1152 1628 1239 1670 Agis
1262 1626 1323 1667 fil.‚
1351 1626 1423 1665 VII,
1448 1625 1527 1659 294.

888 1675 1098 1714 Echinades,
1129 1673 1262 1706 insulae
1295 1673 1461 1705 adversus
1493 1672 1606 1706 Ache-

936 1720 982 1753 loi
1007 1720 1041 1753 fl.
1067 1719 1167 1760 ostia,
1190 1719 1235 1757 II,
1259 1717 1304 1751 10
1328 1720 1398 1750 not.

887 1767 1070 1801 Echidnae
1092 1765 1128 1798 in
1152 1764 1282 1799 Arabia
1312 1764 1516 1806 frequentes,
1544 1763 1606 1804 111,

933 1812 1002 1845 108
1045 1815 1115 1845 not.
1160 1811 1320 1844 Echidna
1359 1810 1608 1854 semivir-ginea.

934 1870 975 1891 ex
1002 1858 1154 1890 Hercule
1176 1862 1245 1890 tres
1270 1855 1422 1897 concipit
1446 1856 1537 1889 filios
1571 1854 1607 1888 in

934 1903 1094 1946 Scythia,
1119 1903 1179 1942 IV,
1204 1902 1227 1935 9
1252 1907 1320 1934 not.
1350 1902 1386 1944 *)

887 1949 1048 1990 Echines,
1074 1948 1227 1981 murium
1252 1958 1362 1990 genus
1401 1946 1450 1979 sic
1474 1945 1605 1980 dictum

933 1995 965 2027 in
992 1995 1122 2039 Libya,
1147 1994 1206 2036 IV,
1233 1993 1299 2026 192
1315 1997 1384 2025 not.
1408 1992 1465 2035 **)

885 2041 1035 2085 Eclipsis
1068 2040 1151 2073 solis
1186 2051 1207 2073 a
1235 2039 1383 2072 Thalete
1415 2038 1605 2082 praedicta,

930 2087 960 2129 Ι,
991 2086 1036 2120 74
1069 2089 1140 2122 not.
1173 2086 1202 2128 I,
1231 2084 1299 2119 103
1326 2089 1397 2121 not.
1429 2085 1511 2128 ***)
1540 2085 1605 2118 alis

207 2267 238 2308 ‘)
275 2266 358 2303 Vid.
380 2267 521 2301 Censor.
538 2265 762 2308 Heidelberg.
784 2266 871 2299 1826
887 2279 922 2309 p.
940 2265 1019 2301 488.
1066 2267 1132 2300 Pro
1149 2274 1269 2298 terrae
1296 2265 1455 2310 symbolo
1473 2265 1602 2298 Echid-

114 2322 192 2344 nam
220 2312 327 2345 habet
353 2313 504 2356 Hauing.
529 2312 666 2348 Annall.
693 2311 817 2347 Vienn.
841 2313 923 2344 LIX

954 2326 988 2357 p.
1023 2313 1103 2347 253.
1132 2313 1244 2344 LXIII
1271 2325 1305 2356 p.
1333 2312 1408 2346 139.
1439 2312 1602 2345 Deutsch.

115 2357 239 2390 Gesch.
274 2360 287 2392 Ι
317 2369 397 2402 pag.
426 2359 470 2392 85
504 2370 578 2403 seq.
624 2359 680 2392 Tu
712 2354 804 2391 conf.
841 2370 978 2403 quoque
1007 2358 1204 2391 Heinecke:
1241 2359 1381 2391 Homer.
1401 2364 1434 2389 et
1451 2357 1600 2401 Lycurg.

114 2415 149 2449 p,
167 2404 243 2438 127.

207 2461 254 2503 **)
289 2460 350 2494 Est
376 2472 454 2493 mus
482 2461 649 2503 echinus,
681 2460 740 2494 die
757 2460 992 2506 Aegyptische
1011 2460 1256 2493 Stachelmaus.
1303 2457 1538 2494 Vid.1acobs.
1556 2460 1601 2493 ad

113 2506 245 2540 Aelian.
268 2508 314 2540 N.
333 2510 396 2540 Au.
415 2507 496 2547 XV,
513 2507 570 2540 26.

206 2564 266 2606 ’”)
291 2563 372 2596 vid.
406 2564 589 2595 Oltmann:
627 2562 772 2604 „Ueber
790 2562 847 2595 die
873 2564 986 2596 wahre
1010 2561 1153 2606 Epoche
1186 2561 1249 2594 der
1270 2572 1339 2594 von
1359 2561 1518 2595 Herodot
1540 2575 1597 2596 er-

117 2609 272 2642 wiibnten
288 2609 616 2642 Sonnenfinsterniss
636 2620 689 2640 am
709 2608 814 2652 Halys
828 2610 852 2628 ‘⁶
875 2609 910 2641 in
927 2612 1018 2642 Actt.
1041 2608 1196 2642 societat.
1218 2607 1362 2643 Berolin.
1383 2609 1599 2642 mathemati-

118 2655 164 2686 cis
189 2655 274 2689 1812
299 2655 404 2697 (1816
420 2654 557 2697 Berol.)
586 2654 672 2686 etin
694 2654 826 2688 Annall.
855 2653 1098 2687 Astronomicis
1119 2653 1288 2686 Berolinn.
1302 2664 1365 2697 pro
1386 2655 1486 2688 1823.
1511 2656 1597 2690 Add.

117 2700 252 2732 IVurm.
269 2700 304 2732 in
321 2701 504 2745 appendic.
532 2700 575 2733 ad
591 2699 736 2732 Schffllii
761 2701 953 2732 versionem
977 2699 1147 2732 Herodoti
1168 2699 1384 2732 vernaculam
1404 2713 1438 2744 p.
1464 2701 1596 2734 1392-—

120 2744 218 2783 1396,
243 2745 300 2790 qui
317 2747 497 2779 Oltmanno
515 2745 745 2788 adstipulatur
763 2745 969 2789 totalemque
987 2757 1086 2789 qnam
1105 2745 1221 2778 dicunt
1241 2745 1470 2778 defectionem
1492 2747 1595 2778 fuisse

120 2789 256 2832 statuit,
278 2791 321 2824 ab
342 2792 438 2830 initio
455 2803 563 2837 usque
580 2792 624 2825 ad
643 2791 743 2825 finem
763 2793 981 2837 conspicuam
998 2803 1062 2838 per
1085 2790 1190 2825 horas
1210 2791 1504 2825 antemeridianas.
