1879 3222
537 202 999 239 CALLIOPE.

203 330 308 357 των·
341 315 387 357 έν
415 312 573 366 ἀπορίῃ
602 326 646 353 τε
676 312 841 365 εἴχοντο
870 310 894 353 ὅ
923 328 962 353 τι
992 311 1196 360 ποιέωσι,
1226 312 1308 354 ε’ίτε
1339 309 1468 354 ἀπαλ-

202 383 445 425 λάσσωνται
466 377 616 430 ὀπίσω,
648 380 730 421 εἴτε
754 378 1024 421 καταπλέωσι
1045 378 1105 422 ἐπ’
1133 376 1464 434 Ἑλλησπόντου.

171 451 323 499 Ξτέλος
353 447 395 491 δ’
438 447 555 499 ἔδοξε
592 447 762 489 τούτων
791 446 869 501 μὲν
899 447 1107 501 μηδέτερα
1149 446 1333 498 ποιέειν,
1376 446 1461 489 ἐπι-

1065 203 1080 237 1
1091 203 1142 239 X.
1383 199 1468 240 345

199 518 343 560 πλέειν
371 515 417 558 δὲ
457 516 526 558 ἐπὶ
563 514 642 570 τὴν
680 515 874 569 ἤπειρον.
932 504 1370 568 παρασκευασάμενοι
1407 508 1527 557 (51135

200 585 243 635 ἐς
271 585 520 639 ναυμαχίην
549 584 621 627 καὶ
641 582 898 638 ἀποβάθρας
918 583 991 625 καὶ
1020 582 1073 625 τὰ
1094 583 1202 625 ἄλλα
1221 581 1338 628 ὅσων
1368 582 1468 635 ἔδεε,

169 652 356 694 δέ’πλεον
395 651 463 694 ἐπὶ
502 655 578 707 τῆς
613 650 841 706 Μυκάλης.
896 648 1008 693 Ἐπεὶ
1046 649 1091 692 δὲ
1129 647 1266 704 ἀγχοῦ
1305 666 1350 692 τε
1384 650 1468 704 ἐγί-

197 734 330 761 νοντο
367 722 448 762 τοῦ
487 719 808 773 στρατοπέδου,
846 718 918 762 καὶ
964 717 1109 767 οὐδεὶς
1145 717 1348 772 ἐφαίνετό
1388 728 1468 771 σφι

196 784 542 842 ἐπαναγόμενος,
584 786 691 830 ἀλλὰ
728 785 857 840 ὥρων
898 785 999 837 νέας
1035 784 1355 841 ἀνελκυσμένας
1384 785 1468 828 ἔσω

194 859 276 897 τοῦ
307 858 486 911 τείχεος,
520 854 686 898 πολλὸν
717 855 761 899 δὲ
780 855 910 908 πεζὸν
939 853 1316 909 παρακεκριμένον
1344 853 1465 906 παρὰ
1477 856 1524 893 40

197 921 277 965 τόν
308 923 529 979 αἰγιαλόν·
573 923 766 966 ἐνθαῦτα
794 927 970 976 πρῶτον
998 923 1077 979 μὲν
1115 922 1162 966 ἐν
1201 925 1255 979 τῇ
1284 923 1359 978 νηῒ
1386 935 1467 964 πα-

198 991 420 1044 ραπλέων,
463 993 666 1047 έγχρίψας
695 995 756 1049 τῷ
787 993 967 1048 αἰγιαλῷ
1004 990 1057 1033 τοὶ
1088 989 1271 1045 μάλιστα
1299 993 1466 1034 Λευτυ-

195 1060 336 1114 χίδης,
376 1058 462 1102 ὑπὸ
492 1058 682 1114 κήρυκος
721 1056 990 1114 προηγόρευε
1018 1063 1131 1100 τοῖσι
1160 1056 1276 1101 Ἴωσι
1304 1058 1466 1113 λέγων·

168 1125 391 1181 4,ζἈνδρες
404 1126 564 1178 Ἴωνες,
586 1126 683 1170 ὅσοι
708 1127 857 1182 ὑμέων
881 1125 1145 1182 τυγχάνουσι
1160 1124 1465 1176 ἐπακούοντες,

196 1194 381 1249 ,μάθετε
429 1195 481 1238 τὰ
520 1196 655 1249 λέγω·
708 1194 883 1244 πάντως
924 1194 1007 1249 γὰρ
1049 1192 1179 1237 οὐδὲν
1223 1193 1465 1249 συνήσουσι

194 1263 392 1317 ,,Πέρσαι
422 1267 508 1306 τῶν
536 1263 618 1318 ἐγώ
640 1261 745 1317 ὑμῖν
759 1262 1021 1315 ἐντέλλομαι.
1056 1260 1185 1304 ἐπεάν
1212 1262 1460 1316 συμμίσγω-
1475 1263 1521 1301 45

194 1347 320 1384 ,,μεν,
359 1333 607 1388 μεμνῆσθαί
640 1347 738 1373 τινα
775 1329 854 1385 χρὴ
895 1329 1142 1383 ἐλευθερίης
1180 1328 1258 1382 μὲν
1288 1327 1466 1370 πάντων

166 1402 416 1453 5,,πρῶτον,
448 1399 553 1456 μετὰ
580 1399 639 1452 δὲ,
668 1403 749 1443 τοῦ
769 1397 1047 1456 συνθήματος
1064 1397 1224 1454 ”Ηβης.
1261 1396 1336 1440 καὶ
1363 1395 1465 1440 τάδε

136 1617 184 1654 de
211 1632 287 1670 quo
323 1622 370 1658 G.
392 1622 604 1659 Hermann.
636 1622 799 1673 Opuscc.

134 1676 186 1713 IV
205 1689 295 1727 pag.
317 1680 371 1718 90
392 1692 472 1730 seq.

190 1729 452 1786 ἀποβάθρας]
485 1734 616 1772 Scalas
649 1732 698 1770 ad
728 1732 798 1771 de-

133 1802 307 1826 scensum
319 1795 487 1828 nauticas
495 1791 673 1841 intelligit
682 1792 797 1828 Wes-

135 1846 268 1896 seliug.
291 1850 408 1885 citans
429 1847 612 1899 Thucyd.
633 1848 704 1896 IV,
731 1850 795 1897 12,

134 1902 200 1938 ubi
219 1902 297 1940 vid.
318 1903 466 1942 Duker.
487 1912 523 1941 et
534 1902 796 1943 Hemsterhus.

135 1956 183 1994 ad
197 1960 357 1997 Lucian.
375 1962 489 1998 Diall.
505 1962 636 1997 Mortt.
659 1962 698 1997 X
710 1990 719 2008 ‚
748 1963 798 2000 10

133 2015 184 2052 Τ.
205 2017 240 2051 11
272 2030 310 2066 p.
330 2016 411 2057 459
433 2017 520 2057 coll.
541 2018 640 2053 Poll.
659 2018 697 2063 Ι,
730 2018 798 2056 93.

134 2072 198 2108 Sic
216 2080 346 2109 autem
362 2079 557 2121 vocantur,
575 2073 798 2109 observante

134 2127 445 2178 Schweighaeus.
463 2143 541 2166 non
556 2130 681 2166 solum
700 2142 797 2180 pou-

133 2186 238 2222 ticuli
258 2187 331 2233 illi,
367 2186 432 2238 qui
453 2199 473 2222 a
494 2187 618 2223 nautis
638 2187 678 2221 in
706 2186 794 2222 litus

133 2242 194 2279 vel
214 2244 337 2293 ripam
367 2244 569 2280 eiiciantur
599 2249 677 2278 tam
699 2256 794 2279 con-

132 2298 372 2336 sceudendae
405 2301 494 2337 navi
520 2312 636 2352 quam
661 2313 794 2336 escen-

134 2354 282 2393 dendae
304 2357 550 2393 inservientes
578 2357 654 2393 suis
683 2370 704 2392 e
722 2368 796 2392 na-

133 2413 240 2450 vibus
261 2414 300 2449 in
324 2426 440 2450 naves
458 2412 625 2451 hostiles.

189 2466 505 2520 ἀνελκυσμένας]
548 2469 659 2506 Conf.
697 2475 795 2507 nott.

133 2526 182 2564 ad
199 2528 287 2574 vll,
319 2526 370 2566 59
400 2533 438 2564 et
474 2525 521 2563 ad
550 2540 793 2576 παρακεκρι-

135 2582 254 2633 μένον
273 2585 381 2632 VIII,
413 2585 478 2623 70.
534 2584 792 2632 Praepositio-

136 2652 224 2677 uem
243 2640 284 2680 ἐν
306 2647 394 2677 ante
423 2641 474 2694 τῇ
500 2639 574 2690 νηΐ
590 2638 707 2675 deleri
727 2652 792 2676 vo-

132 2696 252 2735 luerat
268 2696 516 2735 Valckenaer.
545 2697 639 2733 Mox
662 2709 683 2731 e
699 2696 792 2732 Flo-

136 2759 230 2791 [ειη.
269 2755 425 2806 aliisque
456 2752 544 2790 dedi
588 2752 790 2804 ἐγχρίψας,

137 2809 199 2845 ubi
225 2811 339 2860 vulgo
359 2809 600 2862 ἐγχρίμψας,
630 2807 733 2861 quod
750 2807 790 2848 h.

855 1621 882 1658 l.
902 1619 1096 1657 Mediceus
1136 1625 1173 1655 et
1203 1615 1397 1655 Sancrofti
1423 1616 1518 1653 liber

855 1691 945 1714 cum
965 1678 1045 1714 aliis
1063 1682 1179 1722 tenet,
1197 1673 1379 1726 quodque
1401 1674 1517 1709 etiam

852 1735 928 1783 IV,
956 1736 1035 1774 113
1059 1732 1179 1771 iidem
1220 1730 1334 1768 codd.
1369 1736 1518 1767 tenent.

853 1793 920 1829 Tu
938 1789 1017 1828 vid.
1042 1796 1137 1826 nott.
1163 1786 1211 1825 acl
1231 1789 1293 1836 ΙΙ,
1326 1790 1392 1828 60.
1414 1809 1466 1814 --

908 1845 991 1888 ’ὗπό
1008 1843 1200 1899 κήρυκος]
1217 1845 1242 1881 i.
1258 1858 1292 1881 e.
1312 1856 1391 1881 voce
1403 1855 1514 1893 prae-

855 1906 947 1942 conis
965 1935 976 1953 ‚
1012 1911 1054 1940 ut
1091 1905 1360 1951 interpretatur
1395 1901 1516 1937 Wes-

853 1962 1002 2011 seling„
1016 1961 1133 1996 citans
1143 1956 1400 2008 Theophrast.
1411 1955 1515 2006 apud

855 2018 965 2054 Stob.
1002 2017 1128 2053 Serm.
1156 2016 1263 2051 XLII
1297 2012 1387 2061 [44]
1422 2026 1514 2063 pag.

853 2076 935 2113 280
955 2087 985 2110 s,
1005 2075 1083 2113 201
1105 2072 1156 2109 Τ.
1182 2072 1218 2106 ΙΙ
1238 2069 1355 2106 Gaisf.
1382 2076 1418 2105 et
1432 2071 1516 2105 Xe-

851 2127 970 2179 noph.
1008 2127 1148 2165 Laced.
1182 2129 1277 2177 Rep.
1306 2128 1380 2174 XI,
1418 2128 1442 2166 6
1478 2132 1516 2163 et

851 2184 1028 2237 Aeschyl.
1073 2182 1246 2234 Choeph.
1295 2184 1375 2224 838
1425 2183 1515 2229 (ubi

849 2238 1075 2295 ’ὑπάγγελος
1102 2242 1184 2278 vice
1219 2234 1295 2278 ὑπ’
1329 2234 1512 2291 ἀγγέλου)

850 2299 1099 2348 „Praeconis‚
1126 2297 1230 2334 idem
1250 2297 1374 2348 pergit
1400 2295 1445 2332 W
1450 2309 1513 2332 es-

850 2357 974 2393 selz'n
985 2368 1021 2404 g.
1041 2385 1051 2404 ‚
1129 2348 1511 2406 μεγαλοφωνοτάτου

851 2411 894 2452 ἔν
935 2415 992 2467 τῷ
1034 2410 1284 2463 στρατοπέδῳ
1327 2422 1421 2447 voce
1462 2407 1511 2446 ad

849 2471 961 2506 Ionas
989 2482 1099 2506 usum
1123 2465 1388 2518 Leutychiden
1404 2495 1413 2513 ‚
1444 2479 1512 2502 au-

851 2533 932 2564 ctor
948 2525 1136 2562 Diodorus
1157 2531 1211 2560 est
1230 2524 1299 2570 xl,
1322 2526 1387 2570 31,
1409 2536 1509 2560 non-

846 2584 952 2620 nulla
978 2584 1056 2619 eius
1079 2595 1125 2617 ex
1147 2594 1211 2617 ore
1241 2592 1459 2616 memorans
1485 2592 1508 2616 a

847 2653 937 2677 vero
957 2638 1178 2677 alieniora.“
1212 2639 1336 2687 Ipsam
1348 2637 1508 2673 locutio-

847 2710 937 2732 nem
956 2697 1071 2732 etiam
1091 2693 1272 2731 adhibent
1283 2692 1331 2730 ad
1349 2695 1508 2731 Homer.

848 2752 956 2789 mad.
979 2754 1074 2798 ΧΠ,
1105 2753 1200 2792 277.

905 2811 978 2849 τοῦ
1000 2803 1415 2860 συνθήματος’Ἠβής]
1431 2807 1453 2843 i.
1472 2819 1507 2843 e.

1525 327 1604 346 mum
1638 317 1726 344 lones
1768 318 1798 344 in

1525 353 1717 379 barbarorum
1736 359 1782 377 ex-

1523 386 1620 412 ercitu
1655 385 1783 412 militan-

1523 424 1569 447 ten
1595 419 1633 446 ad
1661 418 1799 446 deficien-

1517 453 1587 482 dum
1604 452 1758 481 sollicitat.
