1879 3222
484 188 940 227 CALLIOPE.
998 189 1078 227 IX.

1328 189 1412 230 323

159 309 238 344 στα
268 302 348 344 τοῦ
377 300 551 356 βωμοῦ·
597 296 670 341 καὶ
706 299 767 355 τῷ
798 297 844 341 ἐν
867 296 1086 355 Ὀλυμπίῃ
1121 300 1214 354 θεῷ
1251 297 1468 350 ἐξελόν-75

158 385 246 421 τες,
279 366 350 411 ἀπ’
378 363 428 423 ἧς
461 364 710 421 δεκάπηχυν
743 364 924 421 χάλκεον
954 368 1041 410 Δία
1062 365 1309 422 ἀνέθηκαν·
1340 367 1413 410 καὶ

158 441 218 496 τῷ
257 438 304 481 ἐν
343 433 500 492 Ἰσθμῷ
524 438 639 490 θεῷ,
670 431 740 477 ἀπ’
770 429 820 491 ἧς
849 434 1089 491 ἑπτάπηχυς
1117 434 1296 490 χάλκεος
1327 439 1413 479 Πο-

158 505 335 549 σειδέων
361 502 593 558 ἐξεγένετο·
638 505 774 545 ταῦτα
803 501 1026 555 ἐξελόντες,
1067 500 1117 543 τὰ
1147 501 1278 545 λοιπὰ
1307 505 1413 546 διαι-

158 575 323 629 ρέοντο,
353 572 426 614 καὶ
445 571 604 626 ἔλαβον
622 570 794 612 ἕκαστοι
822 572 910 612 τῶν
939 568 1051 622 ἄξιοι
1080 564 1205 624 ἦσαν,
1236 571 1309 613 καὶ
1337 572 1413 622 τὰς

156 638 376 690 παλλακάς
403 643 492 682 τῶν
524 638 754 693 Περσέων,
800 638 874 681 καὶ
901 637 980 681 τόν
1008 638 1190 693 χρυσὸν,
1233 640 1307 681 καὶ
1335 639 1413 682 τόν
1427 646 1470 679 80

125 708 369 763 Ξόἱργυρον,
400 708 474 751 καὶ
504 707 613 751 ἄλλα
641 706 834 762 χρήματα
867 722 910 750 τε
939 707 1012 750 καὶ
1038 703 1266 760 ὑποζύγια.
1297 705 1415 749 ’Όσα

156 777 235 832 μέν
264 792 350 819 νυν
378 776 572 830 ἐξαίρετα
602 781 714 819 τοῖσι
743 773 1019 830 ἀριστεύσασι
1046 773 1212 818 αὐτέων
1234 774 1280 817 ἐν
1301 778 1417 817 Πλα-

154 848 301 902 ταιῇσι
329 843 482 901 ἐδόθη,
503 844 557 887 οὐ
587 843 752 900 λέγεται
781 843 890 899 πρὸς
921 841 1290 898 ου’δαμῶν,δοκέω
1325 840 1361 885 δ’
1378 841 1413 885 ἔ·

124 918 269 969 3γωγε
311 913 384 956 καὶ
431 911 624 955 τούτοισι
660 915 861 967 δοθῆναι.
924 912 1157 967 Παυσανίῃ
1199 911 1244 954 δὲ
1272 910 1415 954 πάντα

154 980 258 1023 δέκα
285 979 485 1036 ἐξαιρέθη
514 996 558 1023 τε
586 980 659 1024 καὶ
689 978 838 1036 ἐδόθη,
868 984 1081 1035 γυναῖκες,
1097 980 1236 1032 ἵπποι,
1257 978 1415 1022 τάλαν-
1427 983 1470 1019 85

151 1064 231 1100 τα,
271 1047 480 1104 κάμηλοι,
521 1048 580 1099 (ὃς
618 1047 664 1091 δὲ
696 1047 835 1099 αὕτως
865 1048 938 1091 καὶ
973 1046 1025 1090 τά
1066 1045 1173 1090 ἄλλα
1201 1046 1411 1103 χρήματα.

19 1131 84 1177 82
154 1116 334 1172 Λέγεται
366 1116 411 1159 δὲ
440 1115 513 1159 καὶ
542 1114 643 1158 τάδε
677 1115 903 1171 γενέσθαι“
962 1113 1020 1166 ὥς
1049 1115 1209 1171 Ξέρξης
1239 1114 1415 1170 φεύγων

153 1184 201 1227 ἐκ
241 1188 314 1241 τῆς
340 1183 543 1234 Ἑλλάδος
571 1185 819 1241 Μαρδονίῳ
859 1183 939 1239 τήν
969 1183 1242 1239 κατασκευὴν
1271 1199 1410 1226 κατα-
1469 1201 1661 1243 compapatfo
1681 1203 1744 1231 sm-

148 1253 270 1295 λίποι
320 1251 401 1307 τήν
441 1251 628 1295 ἑωυτοῦ·
690 1254 950 1308 Παυσανίην
980 1247 1062 1303 ὦν,
1115 1250 1296 1305 ὁρέοντα
1330 1237 1744 1306 τὴνΩΟΞΞὲῑὲἓῶῗὲξᾷω

147 1322 415 1375 Μαρδονίου
453 1320 727 1376 κατασκευὴν
765 1324 913 1378 χρυσῷ
953 1336 997 1363 τε
1028 1320 1100 1363 καὶ
1131 1318 1310 1376 ἀργύρῳ
1341 1320 1413 1362 καὶ
1471 1304 1677 1332 b³¹b⁰¹⁰¹¹¹¹¹¹'

149 1387 508 1445 παραπετάσμασι
550 1390 788 1433 ποικίλοισι
815 1388 1236 1443 κατασκευασμένην,
1271 1390 1412 1430 κελεῦ-

93 1606 221 1629 meam
237 1606 316 1629 non
337 1593 447 1630 facio.
479 1593 522 1631 Si
541 1600 672 1631 tamen
689 1607 756 1632 ve-

91 1663 179 1686 rum
210 1663 396 1698 amamus,
435 1663 526 1687 unus
556 1649 618 1688 hic
649 1651 756 1688 draco

93 1713 130 1744 et
153 1709 281 1757 triceps
311 1706 533 1743 describitur
549 1737 558 1755 ‚
594 1703 755 1759 δράκων

91 1766 261 1815 χαλκοῦς
281 1764 502 1812 Pausaniae,
518 1777 755 1801 monumen-

91 1827 175 1857 tum
207 1827 335 1857 autem
367 1821 754 1873 Constantinopolita-

90 1889 187 1912 num
202 1884 275 1913 tres
291 1876 444 1914 exhibet
464 1886 669 1928 serpentes,
681 1879 752 1915 sci-

90 1933 241 1969 tissime„
265 1935 604 1984 contortiplicatos:
640 1934 754 1972 dubi-

93 2002 163 2025 um
188 1996 403 2040 praeterea,
435 1990 645 2041 Delphisne
670 1993 755 2042 By-

92 2047 262 2082 zantium
282 2047 450 2092 Venerin
483 2047 562 2092 sed,
583 2048 664 2083 fieri
679 2046 753 2084 hoc

90 2104 269 2153 potuisse,
291 2103 381 2138 nolo
405 2101 574 2143 infitiari.
630 2105 752 2139 Porro

90 2160 190 2197 Iovis
221 2159 389 2210 Olympii
414 2171 462 2194 ex
483 2172 569 2196 aere
588 2166 752 2196 statuam

91 2217 277 2267 copiosius
315 2216 521 2252 Pausanias
567 2217 751 2267 expingit‚

90 2273 137 2320 V,
157 2275 208 2313 23
227 2273 262 2318 ξ.
286 2274 305 2312 1
344 2271 410 2321 [de
437 2285 512 2324 quo
541 2273 626 2310 loco
647 2287 751 2310 nunc

92 2329 170 2367 vid.
186 2328 434 2367 Broendsted.
455 2331 473 2365 I
491 2343 529 2381 p.
553 2332 630 2371 102
645 2344 753 2382 seqq.
781 2358 784 2359 ν

93 2385 194 2423 Add.
236 2387 399 2424 Pausnn.
432 2386 495 2435 VI,
530 2389 582 2427 10
622 2388 661 2433 ς.
696 2388 750 2438 2.]

102 2442 337 2480 Wesseliu
351 2455 391 2491 g.

155 2500 369 2554 Παυσανίῃ
416 2496 458 2538 δὲ
489 2493 621 2538 πάντα
660 2497 755 2538 δέκα

98 2552 313 2608 ἐξαιρέθη]
361 2554 423 2592 Ad
461 2568 597 2593 vocem
625 2553 755 2595 πάντα

100 2610 144 2659 (i.
165 2625 198 2649 e.
217 2626 284 2650 von
305 2611 445 2662 Allem)
476 2612 524 2650 cf.
555 2611 689 2650 Matth.
717 2615 754 2659 §-

100 2669 195 2708 266.
240 2671 449 2706 Hermann.
483 2668 530 2705 ad
558 2670 685 2720 Viger.
716 2684 755 2720 p.

100 2725 195 2764 727.
250 2728 300 2762 Et
327 2726 404 2764 vid.
427 2725 608 2763 Herodot.
637 2729 666 2775 Ι,
687 2727 755 2768 50.

102 2781 237 2818 Nostro
270 2783 354 2820 loco
380 2784 478 2821 bene
498 2784 615 2821 utitur
644 2785 687 2821 C.
709 2785 754 2822 Ο.

811 1595 962 1630 ΜϋΠεΓ.
986 1595 1078 1630 Dor.
1094 1595 1130 1629 II
1148 1608 1185 1645 p.
1200 1596 1301 1641 2093
1324 1606 1373 1630 ex
1393 1607 1469 1645 quo

810 1652 887 1687 scil.
908 1652 1143 1701 perspicitur,
1173 1651 1324 1700 regibus
1351 1651 1471 1701 Spar-

811 1714 990 1744 tanorum
1020 1709 1167 1744 licuisse
1198 1720 1334 1744 aurum
1355 1715 1470 1759 atque

811 1771 1024 1815 argentum,
1047 1766 1153 1801 cuius
1177 1778 1289 1801 usum
1312 1765 1472 1815 Spartae

807 1821 1053 1859 interdictum
1072 1822 1184 1858 fuisse
1194 1823 1310 1872 vulgo
1327 1822 1471 1870 dicunt,

808 1878 1012 1929 possidere.
1072 1880 1199 1930 Atque
1230 1878 1338 1914 affert
1364 1878 1470 1915 idem

808 1936 990 1972 Miillerus
1003 1936 1123 1987 plura,
1146 1948 1243 1987 quae
1261 1934 1396 1972 eodem
1408 1935 1470 1971 fa-

809 1993 926 2040 ciunt,
947 2007 984 2030 v.
1014 2006 1046 2029 c.
1077 1993 1238 2029 mulctas
1265 1993 1469 2043 ipsumque

808 2048 976 2085 studium
1007 2062 1124 2099 equos
1144 2047 1269 2085 alendi
1291 2048 1339 2084 ad
1358 2048 1470 2085 ludos

808 2105 978 2154 publicos
1021 2105 1094 2151 (cf.
1131 2103 1274 2141 Herod.
1303 2105 1365 2147 VI,
1399 2107 1467 2144 70.

812 2160 937 2208 103),
976 2157 1080 2196 haud
1111 2172 1246 2211 parvas
1277 2160 1469 2211 impensas

808 2218 978 2268 exigens.

978 2306 1070 2358 Cap.
1098 2308 1300 2345 LXXXII.

865 2383 939 2438 τήν
969 2384 1234 2438 κατασκευὴν]
1266 2384 1469 2436 Schweig-

808 2442 1012 2481 haeuserus
1033 2445 1125 2481 olim
1153 2446 1334 2495 scriptum
1354 2444 1468 2479 fuisse

809 2501 1070 2551 suspicabatur
1088 2498 1162 2552 τήν
1183 2497 1338 2551 σκηνὴν
1350 2513 1359 2547 3
1372 2501 1467 2536 scri-

810 2559 865 2608 pti
889 2559 987 2604 libri,
1005 2564 1191 2609 quantum
1210 2558 1300 2604 scio,
1321 2569 1466 2604 omnes,

810 2627 889 2651 1101]
907 2613 1100 2650 addicunt.
1156 2614 1360 2664 Descripsit
1386 2614 1468 2649 He-

809 2670 967 2708 rodotea
995 2669 1214 2708 Athenaeus
1233 2672 1296 2718 lv,
1317 2673 1340 2711 6
1360 2683 1387 2708 ε.
1415 2670 1467 2711 15

810 2741 897 2779 pag.
930 2729 1006 2768 138
1033 2727 1075 2765 C.
1103 2726 1208 2765 haud
1240 2740 1363 2779 pauca
1391 2729 1467 2763 im-

810 2791 976 2822 mutans.

1100 2837 1196 2880 21³*
