1996 3238
608 146 826 181 URAN
860 146 953 182 lA.
1017 144 1145 179 v111.
1458 141 1513 179 23

242 256 460 311 ’ναυμαχίῃ
497 252 731 309 Αἰγύπτιοι
769 251 848 307 μὲν
885 255 975 294 τῶν
1016 250 1181 306 Ξέρξεω
1215 247 1568 304 στρατιωτέωνὲο

241 322 497 379 ἠρίστευσαν
511 336 520 345 ·
553 324 596 364 οἳ
618 320 724 363 ἄλλα
754 335 797 363 τε
817 318 982 375 μεγάλα
1004 319 1108 373 ἔργα
1130 317 1402 370 ἀπεδέξαντο,
1437 315 1511 359 καὶ

214 393 352 442 Ξνέας
382 390 555 433 αὐτοῖσι
585 387 772 442 ἀνδράσι
802 385 919 431 εἶλον
943 385 1196 443 Ἑλληνίδας
1227 387 1364 430 πέντε.
1422 387 1511 427 τῶν

246 459 292 502 δὲ
323 457 544 514 Ἑλλήνων
585 456 696 502 κατά
733 456 896 513 ταύτην
934 455 1012 510 τὴν
1047 454 1213 511 ἡμέρην
1248 453 1509 509 ἠρίστευσαν

242 525 487 582 Ἀθηναῖοι,
539 527 614 570 καὶ
638 523 884 582 Ἀθηναίων
914 525 1115 578 Κλεινίης
1151 522 1174 566 ὁ
1200 520 1505 577 Ἀλκιβιάδεω·

240 591 291 644 ὃς
320 593 520 650 δαπάνην
540 596 713 650 οἰκηίην
731 591 1024 648 παρεχόμενος
1047 590 1326 647 ἐστρατεύετο
1342 588 1504 645 ἄνδρά-
1561 602 1639 640 627

244 673 287 705 σι
318 678 362 705 τε
393 664 653 719 διηκοσίοισι
681 662 755 706 καὶ
785 662 930 717 οἰκηίῃ
962 661 1047 717 νηί.
1523 663 1567 698 26

187 781 297 817 baros
345 780 501 829 Sidonii,
542 793 633 828 non,
674 786 717 816 ut
744 777 847 830 apud

184 836 425 874 Herodotum
438 845 504 886 est,
517 838 702 887 Aegyptii.
722 835 847 873 Athe-

182 896 332 932 nienses
362 893 494 931 eadem
514 894 627 930 laude
647 900 849 931 ornaverat

182 951 421 988 Pindarusin
443 951 612 988 carmine
633 949 734 1000 apud
750 951 846 987 Plu·-

182 1007 303 1046 tarch.
323 1010 358 1044 II
377 1022 414 1059 p.
430 1008 512 1049 552
527 1009 569 1046 B.
590 1007 675 1045 coll.
689 1007 844 1046 Aristid.

182 1064 434 1103 Themistocl.
476 1065 526 1103 T.
557 1066 611 1101 III
637 1076 724 1115 pag.
751 1067 847 1105 310.

182 1123 322 1159 Attulit
341 1121 437 1159 haec
459 1121 644 1160 Valcken.
703 1120 766 1158 Ad
786 1122 847 1158 10-

183 1180 379 1216 cutionem
400 1178 492 1230 ἔργα
527 1175 769 1226 ἅπεδέξαντο
795 1179 844 1215 cf.

183 1237 295 1273 allata
316 1235 364 1273 ad
386 1237 467 1281 Vll,
486 1238 562 1275 139
585 1243 621 1272 et
641 1235 690 1272 ad
712 1229 847 1274 αὐτοῖ-

183 1305 222 1333 σι
253 1288 424 1342 ἀνδράσι
450 1294 516 1339 III,
546 1292 600 1333 45
633 1293 724 1345 ibiq.
747 1299 843 1329 nott.

238 1348 306 1389 καὶ
335 1347 569 1400 Ἀθηναίων
603 1349 792 1399 Κλεινίης
822 1347 846 1389 ὅ

178 1403 452 1458 Ἀλκιβιάδεω]
467 1408 580 1442 Hunc
591 1406 747 1457 quidem
765 1406 846 1442 Cli·

179 1464 284 1500 niam
302 1461 528 1500 Plutarchus
549 1476 703 1515 quoque
732 1461 847 1500 tradit

182 1520 278 1572 (Vit.
319 1519 506 1557 Alcibiad.
539 1533 599 1570 cp.
629 1522 647 1556 Ι
673 1533 711 1570 p.
745 1520 844 1569 191)

179 1590 247 1614 sua
273 1578 363 1614 navi
391 1576 438 1613 ad
461 1577 710 1612 Artemisium
743 1589 846 1626 pug-

179 1647 289 1671 nasse
305 1664 315 1682 ,
350 1641 480 1685 postea
512 1646 603 1669 vero
624 1634 665 1670 iu
684 1634 844 1670 Boeotia

180 1692 401 1729 occubuisse
441 1689 490 1727 ad
519 1690 754 1727 Coroneam:
796 1688 844 1726 de

180 1761 258 1800 qua
285 1761 417 1799 pugna
444 1754 556 1785 testes
587 1749 750 1785 excitavi
795 1745 844 1783 ad

180 1806 378 1842 Plutarchi
409 1806 434 1843 l.
462 1805 485 1841 l.
507 1817 596 1855 pag.
617 1806 684 1846 56.
741 1803 843 1841 Add.

181 1863 364 1913 Wiggers
394 1864 544 1908 Quaest.
576 1863 673 1901 critt.
713 1868 750 1898 et
782 1859 843 1897 hi-

180 1926 290 1956 storr.
322 1922 363 1956 in
399 1919 551 1956 cornel.
581 1920 677 1970 Nep.
717 1918 842 1956 Alcib.

183 1977 304 2026 (Lips.
322 1977 446 2025 1833)
457 1989 545 2026 pag.
569 1976 635 2017 59.
659 1978 725 2016 60.
756 1977 843 2012 Fuit

182 2031 291 2069 hicce
323 2033 462 2069 Clinias
501 2033 601 2068 illius
636 2031 844 2069 Alcibiadis

181 2090 293 2137 filius,
309 2090 373 2140 qui
394 2088 482 2125 inde
495 2101 515 2124 a
528 2089 688 2125 Platone
706 2090 743 2124 in
760 2090 844 2124 Eu-

181 2144 291 2197 tbyd.
314 2159 353 2196 p.
376 2145 457 2186 275
480 2145 526 2182 A.
548 2159 585 2195 p.
608 2143 843 2185 312Heind.

179 2210 339 2241 vocatur
362 2200 382 2240 ὁ
404 2198 587 2246 παλαιός,
618 2207 661 2237 ut
681 2202 760 2238 scil.
783 2200 843 2237 di·-

180 2261 437 2310 stingueretur
469 2259 515 2294 ab
547 2259 612 2294 illo
643 2258 841 2305 Alcibiade,

181 2318 249 2369 qui
279 2316 412 2368 prioris
432 2315 530 2351 illius
550 2313 755 2352 Alcibiadis
776 2328 844 2351 ne-

182 2387 251 2424 pos
288 2380 325 2410 et
357 2371 468 2409 huius
490 2372 635 2409 Cliniae
659 2372 757 2408 filius
778 2385 844 2422 per

183 2431 274 2467 belli
322 2429 639 2480 Peloponnesiaci
671 2436 844 2479 tempora

182 2488 424 2538 potissimum
460 2486 637 2522 inclaruit
675 2486 846 2522 celeber-

182 2545 301 2581 rimus
321 2542 615 2580 Atheniensium
637 2541 736 2590 dux,
766 2543 845 2595 qui,

182 2603 239 2638 uti
251 2614 332 2637 mos
348 2601 418 2637 fuit
433 2599 592 2637 Athenis
608 2598 705 2648 (vid.
719 2599 847 2637 Sturz.

185 2659 223 2694 in
246 2659 478 2695 Commentt.
506 2657 687 2694 Societas.
716 2655 846 2708 philo-

183 2716 262 2765 log.
284 2716 387 2766 Lips.
408 2715 438 2762 I,
461 2717 487 2753 2
506 2727 594 2765 pag.
619 2716 739 2760 226),
770 2726 844 2750 no-

185 2785 274 2814 men
296 2773 342 2809 ab
363 2784 435 2813 ,avo
457 2784 579 2824 eoque
599 2777 758 2823 paterno
778 2783 844 2808 ac-

905 783 1070 829 ceperat.
1147 777 1206 813 De
1231 776 1310 814 eius
1339 775 1453 826 stirpe
1489 774 1567 815 vid.

904 832 1101 872 Plutarch.
1136 834 1161 872 l.
1189 834 1216 870 l.
1245 834 1375 886 ibique
1396 834 1505 869 allata
1528 847 1566 883 p.

904 891 971 932 55.
1030 892 1081 928 Et
1101 892 1296 941 congruit,
1343 890 1566 927 observante

902 949 1173 997 VVesselingio,
1210 954 1429 998 temporum
1457 948 1567 985 ratio.

904 1008 1002 1042 Nam
1031 1002 1247 1042 Alcibiades
1266 1006 1352 1053 ille,
1384 1005 1450 1056 qui
1471 1005 1565 1041 Dio-

905 1062 998 1100 doro
1037 1069 1130 1099 teste
1168 1062 1271 1110 XIV,
1302 1064 1354 1102 10
1381 1062 1474 1098 obiit
1495 1074 1566 1097 an-

902 1133 972 1157 nos
992 1120 1122 1156 'ferme
1161 1126 1274 1156 natus
1315 1117 1567 1170 quadraginta

902 1178 1057 1229 Olymp.
1082 1176 1224 1221 XCIV,
1249 1179 1284 1224 1,
1314 1176 1441 1212 lucem
1456 1174 1566 1212 vide-

902 1236 950 1271 rit
990 1247 1142 1270 necesse
1183 1240 1238 1270 est
1275 1233 1375 1270 circa
1411 1233 1565 1284 Olymp.

900 1292 1127 1338 LXXXIII,
1168 1296 1275 1341 patre
1318 1290 1566 1340 sexagenario

902 1349 1068 1396 maiore3
1100 1360 1228 1399 quem,
1249 1346 1403 1398 quando
1425 1345 1473 1382 ad
1489 1347 1564 1382 Ar-

902 1406 1095 1442 temisium
1109 1410 1322 1454 pugnatum
1336 1410 1390 1440 est
1411 1404 1566 1454 Olymp-

902 1462 1059 1509 LXXV,
1073 1473 1191 1497 annos
1202 1461 1358 1511 triginta
1374 1467 1439 1496 aut
1452 1461 1565 1510 paulo

902 1519 1100 1569 pauciores
1121 1516 1296 1554 habuisse
1316 1518 1346 1553 si
1367 1517 1564 1567 probabile

903 1582 969 1624 est,
992 1587 1228 1626 consequens
1258 1572 1350 1612 inde
1377 1573 1431 1621 fit,
1461 1572 1566 1610 hunc

900 1632 1024 1668 filium
1053 1638 1138 1683 post
1156 1632 1311 1681 triginta
1339 1637 1376 1667 et
1396 1631 1567 1683 quinque

902 1702 1022 1726 annos
1053 1690 1229 1740 genitum
1247 1688 1362 1725 fuisse
1391 1701 1412 1724 a
1429 1686 1565 1736 Clinia,

901 1748 968 1799 qui
990 1745 1038 1783 ad
1060 1747 1276 1783 Coroneam
1305 1744 1411 1781 haud
1439 1746 1562 1781 multo

900 1810 985 1855 post
1004 1804 1194 1850 occubuit,
1216 1803 1346 1839 relicto
1366 1802 1483 1839 filiolo
1493 1802 1566 1838 Al-

899 1860 1047 1897 cibiade
1069 1861 1174 1909 orbo,
1184 1866 1226 1897 ut
1247 1860 1298 1896 ait
1315 1861 1496 1896 Isocrates
1507 1861 1565 1895 De

899 1919 985 1968 Big.
1006 1930 1095 1968 pag.
1120 1918 1202 1957 352
1225 1917 1327 1968 [cap.
1347 1919 1397 1956 10
1419 1917 1455 1962 ξ.
1477 1916 1564 1964 26].

898 1975 1050 2012 Accidit
1079 1975 1182 2010 enim
1212 1975 1282 2011 ista
1311 1986 1442 2024 pugna
1463 1985 1564 2009 anuo

900 2031 983 2072 447
1024 2044 1057 2069 a.
1082 2029 1171 2069 Chr.
1204 2044 1243 2067 n.
1285 2031 1364 2067 sive
1410 2030 1565 2081 Olymp.

898 2089 1117 2134 LXXXIII,
1130 2091 1156 2127 2
1178 2085 1273 2134 (vid.
1286 2088 1452 2123 Clinton.
1465 2089 1565 2122 Fast.

901 2144 961 2181 ed.
984 2146 1146 2193 Kriiger.
1162 2156 1200 2192 p.
1218 2142 1301 2193 54),
1332 2144 1448 2192 igitur
1478 2149 1565 2179 ante

900 2202 1043 2238 bellum
1066 2200 1439 2249 Peloponnesiacum
1469 2200 1565 2246 (sive

902 2271 990 2297 ann,
1010 2256 1088 2297 431
1105 2269 1138 2292 a.
1161 2254 1249 2292 Chr.
1263 2257 1321 2305 11.)
1345 2257 1450 2292 cuius
1463 2268 1564 2292 anno

901 2314 1061 2352 demum
1090 2311 1319 2349 duodecimo
1350 2311 1564 2349 Alcibiades

903 2370 957 2411 ἔτι
978 2369 1068 2417 νέος
1088 2365 1146 2408 ‹Bv
1167 2368 1390 2420 producitur
1410 2382 1431 2406 a
1451 2367 1566 2406 Thu-

903 2427 1039 2480 cydide
1072 2427 1118 2473 V,
1145 2425 1210 2474 43,
1249 2428 1402 2476 triginta
1445 2439 1565 2463 annos

902 2485 1147 2536 probabiliter
1166 2489 1297 2531 natus,
1339 2490 1380 2520 ut
1402 2482 1448 2519 ad
1470 2484 1566 2519 Plu-

903 2540 1023 2579 tarch.
1045 2538 1234 2577 Alcibiad.
1259 2541 1309 2580 13
1330 2553 1368 2591 p.
1392 2542 1470 2580 123
1492 2553 1564 2590 ΡΟ-

902 2600 972 2637 sui.
1031 2599 1136 2633 Haec
1167 2595 1216 2633 ad
1243 2596 1452 2634 Herodotei
1489 2597 1563 2634 loci

901 2654 1194 2705 intelligentiam
1215 2653 1418 2692 sufficiant.

959 2707 1146 2761 δαπάνην
1165 2709 1327 2761 οἰκηίην
1343 2704 1564 2762 παρεχόμε-

903 2769 992 2818 νος]
1021 2766 1117 2806 Inde
1136 2780 1230 2805 mox
1251 2767 1386 2821 οἰκηίῃ
1407 2768 1563 2819 νηῒιῐιί-

1981 481 1996 585 ἑ,

1980 601 1991 682 2.

1980 684 1989 821 3
