1879 3222
392 200 459 236 DE
490 197 615 235 VITA
643 198 716 234 ET
747 197 981 236 SCRIPTIS
1009 198 1289 239 HERODOTI.
1497 198 1582 240 887

98 319 270 363 tempore
298 309 372 348 hoc
404 308 642 346 Herodotum
660 306 821 345 Athenis
849 309 984 358 fuisse,
1025 309 1129 347 unde
1161 317 1325 363 quatuor
1353 316 1441 348 ante
1471 311 1580 349 annis

99 368 199 418 (444
221 382 255 405 a.
277 367 364 406 Chr.
385 366 439 415 n.)
462 365 628 402 Thurios
647 366 754 401 illum
777 364 984 403 discessisse
1006 369 1186 404 colonum
1215 367 1331 404 modo
1361 366 1578 418 posuimus!

99 425 179 464 Sed
208 425 301 461 haec
331 423 497 475 quaestio
528 423 729 459 coniuncta
759 429 813 458 est
835 435 923 458 00111
946 423 1059 460 altera
1090 423 1138 461 de
1158 423 1350 475 Sophocle
1373 424 1581 462 Herodotei

100 483 222 533 operis
242 480 343 517 haud
364 492 501 531 paucas
533 480 734 516 sententias
751 509 760 526 ,
793 478 994 527 dictiones,
1030 481 1239 518 locutiones
1259 482 1298 518 in
1318 494 1402 518 suas
1418 482 1581 519 transfe-

99 546 206 576 rente
226 537 367 573 sabulas
389 543 424 573 et
447 535 708 573 Herodoteum
739 535 889 572 dicendi
916 549 1036 585 genus
1067 538 1253 574 imitante.
1309 540 1367 574 De
1389 552 1464 590 quo
1492 537 1581 576 vide

98 594 215 633 modo
236 600 327 630 nott.
351 592 398 629 ad
419 595 447 640 I,
470 596 503 631 1.
526 595 589 641 111,
617 595 707 632 119.
764 594 923 630 Excurs.
946 594 993 630 T.
1014 594 1049 628 II
1069 607 1105 644 p.
1121 594 1200 634 (556
1218 606 1312 644 seq„
1337 596 1472 646 quibus
1493 595 1581 633 add.

99 654 208 689 allata
227 651 267 686 in
294 651 402 699 libro,
434 651 498 701 qui
519 650 744 697 inscribitur,
771 651 937 699 Zeitung
965 649 993 685 f.
1017 648 1052 687 d.
1077 651 1238 699 elegant.
1261 651 1370 687 Welt
1393 654 1500 693 1832
1520 665 1582 694 nr,

102 706 181 748 104
203 719 242 757 p.
270 706 365 747 825.
424 707 497 751 Qui
529 708 632 743 enim
662 707 831 743 maxime
855 705 930 742 1100
950 712 1092 757 spectat
1115 708 1331 756 Antigonae
1362 708 1465 744 locus
1486 708 1582 757 905,

98 776 214 815 quem
247 776 294 798 ex
313 763 530 800 Herodoteo
558 765 642 800 loco
667 765 731 810 Ill,
753 766 828 804 119
853 762 1011 800 ductum
1034 762 1190 810 volunt,
1222 764 1252 799 is
1271 764 1429 814 scriptus
1450 766 1582 816 utique

97 833 177 857 esse
198 818 310 856 debet
334 827 417 872 post
438 819 536 857 hanc
559 819 764 857 Herodotei
786 821 869 857 libri
888 826 1034 871 partem
1054 821 1204 871 publice
1226 821 1402 857 emissam
1423 828 1488 857 aut
1509 822 1582 859 alio

98 889 174 929 quo
195 876 312 913 modo
343 878 563 929 aequalibus
580 878 785 926 cognitam.
843 879 939 914 Acta
966 878 1069 913 enim
1090 883 1144 913 est
1161 877 1357 927 Antigona
1380 890 1480 913 anno
1501 876 1579 917 441

98 946 132 972 a.
155 932 246 973 Chr.
267 947 304 970 11.
327 948 356 974 5.
380 936 533 986 Olymp,
553 935 766 981 LXXXIV,
787 931 813 972 4
833 935 950 971 tribus
977 935 1093 984 igitur
1117 940 1201 983 post
1222 933 1406 970 Herodoti
1442 933 1583 970 disces-

98 1003 185 1027 sum
207 991 325 1028 annis.
384 991 462 1028 Sed
492 992 641 1041 gravior
664 991 704 1026 in
738 989 810 1026 hac
842 991 1061 1042 quaestione
1083 991 1257 1026 obiicitur
1288 990 1380 1027 alter
1400 989 1585 1028 Herodoti

96 1048 203 1084 locus
231 1047 276 1094 V,
298 1049 362 1094 77,
391 1047 494 1083 unde
521 1047 697 1084 historiae
718 1054 864 1097 patrem
886 1054 985 1084 certe
1006 1054 1090 1097 post
1111 1059 1256 1083 annum
1277 1045 1358 1087 437
1379 1059 1413 1084 a.
1434 1045 1523 1088 Chr,
1544 1060 1585 1084 n.

96 1117 126 1143 ε.
149 1104 302 1154 Olymp.
321 1105 518 1152 LXXXV,
547 1103 584 1145 4.
616 1103 777 1141 Athenis
807 1104 919 1141 fuisse
954 1105 1123 1154 colligas.
1181 1104 1287 1149 Quae
1313 1116 1402 1140 cum
1432 1104 1484 1140 ita
1513 1104 1588 1141 sint

99 1167 138 1197 et
168 1163 293 1211 Heyse
313 1161 339 1198 l.
366 1162 392 1199 l.
413 1175 451 1211 p.
474 1164 527 1202 68
550 1168 585 1197 01
610 1162 753 1211 Iaeger.
772 1174 810 1210 p.
839 1163 891 1201 27
914 1160 1154 1197 Herodotum
1177 1161 1307 1211 primis
1329 1161 1491 1209 colonis,
1522 1161 1589 1212 qui

98 1216 269 1255 Thurios
290 1230 389 1254 anno
409 1216 490 1256 444
515 1230 549 1254 a.
573 1216 661 1258 Chr,
688 1231 729 1254 11.
760 1217 1021 1265 discesserunt,
1049 1218 1240 1254 accenseri
1259 1230 1369 1268 posse
1391 1224 1588 1267 negantes,

98 1275 243 1325 aliquot
274 1281 357 1324 post
387 1276 494 1311 aunis
523 1275 561 1310 in
591 1275 781 1311 coloniam
800 1276 877 1311 iam
907 1273 1100 1311 conditam
1118 1275 1233 1310 Illum
1256 1288 1296 1311 se
1316 1276 1499 1325 recepisse
1519 1287 1592 1324 po·-

97 1338 218 1368 nunt:
251 1338 293 1367 ut
320 1332 399 1367 iam
426 1345 506 1368 11011
533 1331 857 1383 quadragenarius
887 1331 953 1368 sed
976 1332 1323 1383 quinquagenarius
1353 1331 1473 1367 ferme
1500 1331 1592 1368 illuc

99 1389 232 1425 abiisse
260 1387 451 1438 putandus
471 1390 528 1425 sit.
589 1387 679 1435 Sed,
709 1389 780 1424 alia
800 1394 842 1424 ut
861 1394 1021 1435 taceam,
1049 1387 1185 1424 diserta
1204 1388 1319 1424 Plinii
1340 1394 1376 1424 et
1396 1388 1593 1425 Strabonis

99 1445 314 1481 testimonia
347 1458 461 1495 supra
495 1445 606 1481 allata
638 1457 789 1495 prorsus
821 1444 1081 1494 refragantur,
1110 1445 1209 1481 bene
1237 1451 1419 1482 monente
1440 1457 1594 1496 quoque

98 1501 296 1539 Voemelio
312 1501 372 1538 l.l.
393 1515 432 1552 p.
445 1503 484 1541 7.
501 1504 537 1541 8.
565 1503 698 1553 Itaque
712 1502 844 1538 malim
867 1508 1030 1540 “tatuere
1052 1515 1141 1539 cum
1152 1502 1419 1538 C.Hermauno
1440 1497 1593 1550 meost)

98 1557 353 1606 Herodotum,
369 1560 434 1610 qui
449 1571 549 1595 anno
570 1557 652 1599 444
674 1571 709 1595 a.
729 1557 784 1595 Ch
868 1585 878 1595 .
901 1557 1062 1595 shurios
1092 1559 1224 1609 utique
1243 1565 1404 1596 cesserat
1423 1559 1596 1606 colonus,

98 1622 230 1666 postea
259 1616 399 1651 iterum
430 1616 470 1651 111
501 1616 702 1651 Graeciam
728 1629 792 1652 rev
874 1628 924 1654 {se
963 1628 1084 1667 eaque
1112 1615 1311 1651 occasione
1337 1613 1508 1652 Athenas
1535 1615 1598 1653 vi-

98 1673 210 1709 sisse:
244 1670 346 1722 quod
365 1671 469 1708 idem
490 1673 643 1722 Lysiam
660 1672 805 1723 secisse-1
842 1672 1042 1723 «[1101111115.
1099 1671 1199 1716 Quin
1214 1677 1465 1723 posteaquam
1480 1669 1598 1708 Thu-

99 1730 146 1766 rii
166 1729 212 1765 ab
243 1726 538 1765 Atheniensibus
561 1727 801 1766 descivissent
823 1737 925 1765 anno
945 1728 1026 1769 412
1048 1740 1082 1765 a.
1105 1727 1244 1767 Chr.n.
1265 1729 1460 1780 s.Oly1np.
1476 1728 1597 1777 XCII,

102 1788 123 1826 1
149 1792 185 1822 et
203 1787 334 1837 Lysias
349 1786 489 1836 aliique
515 1784 767 1823 Athenienses
790 1786 870 1822 solo
896 1784 1030 1822 cedere
1052 1786 1173 1822 coacti
1193 1792 1329 1833 essent,
1345 1784 1450 1822 haud
1471 1784 1598 1822 credi-

100 1843 178 1880 bile
198 1849 273 1890 est,
312 1841 468 1879 Thuriis
500 1844 721 1879 remansisse
751 1841 1013 1888 Herodotum3
1049 1855 1167 1894 quem
1196 1843 1227 1878 si
1260 1841 1431 1879 Athenas
1451 1854 1599 1892 regres-

101 1911 189 1936 sum
212 1899 411 1949 ponimus,
443 1900 572 1936 licebit
608 1912 762 1950 quoque
783 1912 873 1935 cum
892 1901 1113 1935 Hermanno
1141 1899 1403 1935 recitationem
1429 1898 1598 1935 Atticam

103 1957 144 1992 in
165 1953 238 1991 hoc
262 1962 425 2005 tempus,
447 1956 513 1991 ubi
535 1954 777 1992 historiarum
799 1968 893 2005 opus
914 1956 1125 1992 maximam
1146 1961 1247 1991 certe
1267 1961 1415 2006 partem
1443 1955 1598 1992 absolu-

104 2019 188 2049 tum
204 2011 294 2055 fuit,
326 2010 541 2050 detrudere.
588 2013 638 2048 Et
655 2019 736 2048 tum
759 2025 912 2063 quoque
934 2011 980 2048 de
1000 2013 1164 2048 Decelea
1186 2024 1282 2062 quae
1301 2018 1503 2048 narrantur
1526 2012 1598 2060 IX,

104 2071 158 2109 73
180 2069 298 2105 oculis
318 2069 440 2118 potius
457 2081 573 2120 quam
594 2069 745 2104 auribus
767 2081 788 2104 a
807 2081 896 2104 sene
915 2069 1058 2118 percipi
1087 2074 1304 2118 potuerunt.
1334 2064 1407 2115 Μ)
1464 2069 1599 2119 Itaque

105 2126 345 2163 verissimum
367 2124 484 2172 duco,
518 2124 621 2177 quod
645 2127 888 2161 Hermannus
909 2126 1034 2174 posuit
1053 2126 1103 2161 Τ.
1122 2125 1159 2160 II
1178 2138 1216 2174 p.
1237 2125 1330 2171 661,
1359 2122 1422 2160 hic
1443 2137 1599 2176 quoque

104 2181 333 2232 repetenda:
394 2181 515 2229 „illud
552 2189 723 2218 constare
745 2182 923 2228 arbitror,
962 2194 1023 2218 eas
1053 2182 1174 2231 operis
1199 2187 1335 2231 partes,
1357 2194 1454 2232 quae
1477 2183 1600 2218 Grae-

106 2240 187 2276 ciae
215 2252 272 2275 res
295 2235 667 2289 Atheniensiumque
688 2237 817 2274 laudes
839 2239 1048 2284 continent,
1073 2238 1189 2274 serius
1224 2249 1340 2288 quam
1370 2238 1486 2287 vulgo
1516 2251 1599 2274 cre-

107 2295 239 2344 datur,
271 2302 308 2332 et
329 2298 555 2345 compositas
574 2297 619 2331 ab
640 2295 705 2331 illo
728 2301 764 2331 et
792 2295 963 2331 recitatas
995 2292 1155 2331 Athenis
1175 2307 1276 2341 esse3
1306 2294 1446 2344 priores
1471 2295 1598 2342 libros,

109 2353 245 2405 quibus
269 2353 451 2388 itinerum
472 2364 629 2388 suorum
663 2352 891 2388 memoriam
924 2358 1218 2402 exterarumque
1246 2352 1447 2387 nafionum
1475 2364 1599 2387 mores

108 2416 223 2460 atque
244 2422 302 2445 res
321 2415 444 2458 gestas
465 2410 726 2458 consignavit,
763 2408 922 2444 minime
943 2409 1164 2458 repugnabo
1180 2437 1189 2455 ‚
1227 2408 1256 2444 si
1290 2409 1393 2458 quis,
1435 2408 1599 2444 collectis

109 2467 288 2504 omnibus
303 2494 314 2514 ,
345 2478 444 2517 quae
464 2466 544 2504 veri
562 2466 700 2503 similia
720 2478 799 2503 esse
817 2478 931 2517 supra
949 2464 1127 2514 indicavi,
1157 2466 1234 2501 iam
1252 2471 1339 2501 ante
1360 2462 1599 2502 Thuriorum

202 2655 241 2701 *)
265 2655 343 2691 vid.
366 2665 470 2701 supra
485 2654 530 2689 Τ.
554 2653 588 2687 Π
611 2664 647 2699 p.
669 2653 748 2689 658.

206 2721 265 2766 **)
289 2723 514 2768 Amphipolin,
538 2733 626 2768 quae
652 2734 736 2756 anno
760 2722 827 2757 437
850 2732 883 2757 a.
909 2720 990 2755 Chr.
1016 2719 1151 2754 condita
1175 2722 1248 2761 est,
1274 2719 1406 2753 Noster
1428 2719 1601 2763 ignorasse

117 2764 271 2808 videtum
295 2769 386 2802 nulla
408 2769 533 2815 quippe
557 2769 679 2803 notitia
702 2767 798 2801 huius
822 2768 970 2802 coloniae
993 2767 1037 2802 ad
1061 2767 1269 2801 Herodotum
1290 2766 1323 2799 in
1338 2766 1437 2800 Italia
1456 2776 1601 2799 commo-

117 2815 248 2846 rantem
271 2813 445 2850 devenisse
468 2815 615 2850 videtur.
662 2814 718 2848 Cf.
744 2813 822 2856 VII,
848 2814 926 2848 114,
1239 2856 1330 2901 25*
