1879 3222
464 170 546 210 281

463 287 568 330 δέκα
604 287 807 338 σταδίους
845 286 1083 344 ἀπέχουσα,

624 358 754 409 νῆσος
784 355 830 398 δὲ
861 355 974 399 οὕτω
1008 356 1062 399 ἄν
1083 359 1146 413 εἴη
1176 358 1221 400 ἐν
1251 357 1435 418 ἠπείρῳ·
1469 359 1714 415 σχιζόμενος

461 358 567 404 λιος.

862 170 1325 210 HERODOTI

1119 291 1202 344 πρὸ
1243 294 1318 347 τῆς
1348 292 1599 335 Πλαταιέων
1635 294 1714 337 πό-

461 419 486 464 ὁ
517 421 711 476 ποταμὸς
741 423 911 466 ἄνωθεν
938 424 985 467 ἐκ
1024 428 1105 466 τοῦ
1143 428 1421 481 Κιθαιρῶνος
1472 429 1557 482 ῥέει
1596 427 1711 470 κάτω

459 489 502 540 ἐς
531 488 579 533 τὸ
608 490 775 542 πεδίον,
809 490 960 546 διέχων
988 489 1063 534 ἀπ’
1097 490 1291 548 ἀλλήλων
1319 496 1372 536 τὰ
1401 493 1558 550 ῥέεθρα
1589 494 1712 537 ὅσον-

457 573 537 611 περ
566 559 664 612 τρία
696 558 868 601 στάδια·
909 559 981 602 καὶ
1026 558 1171 602 ἔπειτα
1201 564 1427 616 συμμίσγει
1465 563 1508 613 ἐς
1549 561 1769 606 τῶυτό·10

427 624 628 682 δοῦνομα
657 625 702 671 δέ
733 627 776 669 οἷ
799 624 966 682 Ὠερόη.
1022 625 1242 682 θυγατέρα
1273 628 1320 672 δὲ
1348 628 1510 686 ταύτην
1539 630 1712 687 λέγουσι

401 846 522 870 unum
542 834 760 871 milliarium
781 847 801 871 a
822 835 905 871 vico
929 834 1054 883 Coela,

399 891 464 941 qui
494 892 602 927 unius
628 889 744 926 horae
779 892 911 927 itinere
946 890 1056 928 distat

399 958 422 983 a
441 947 524 983 vico
536 947 704 994 Platana,
727 948 787 982 cui
803 949 872 997 ipsi
887 946 958 984 hae
974 949 1054 984 rui-

397 1014 491 1050 nae,
524 1015 620 1054 quae
635 1002 836 1053 grandium
857 1006 1055 1041 moenium

397 1057 644 1095 fundamenta
666 1060 870 1110 praebeant
891 1073 933 1097 ac
953 1068 1054 1097 stru-

396 1121 543 1151 cturam
564 1115 673 1151 valde
696 1116 842 1164 rudem,
872 1118 944 1154 siut
963 1130 1054 1168 pro-

394 1171 531 1236 piores.
560 1172 659 1208 Hinc
674 1173 771 1208 intel
785 1174 840 1224 Cy
844 1174 1054 1223 clopiorum

395 1228 462 1278 qui
478 1226 655 1264 dicuntur
667 1242 863 1265 murorum
877 1231 1051 1282 reliquias

394 1281 566 1320 exhibuit
603 1298 755 1336 quoque
781 1285 966 1325 Dodxvell.
1011 1288 1052 1323 in

393 1352 507 1390 opere
528 1343 674 1391 saepius
695 1348 783 1378 ante
804 1342 971 1380 laudato.

407 1425 410 1429 -
450 1393 605 1447 οὕνομα
628 1396 671 1436 ὸέ
701 1398 742 1437 οἱ
762 1394 924 1450 Ὠερόη]
946 1401 1050 1436 Pau-

390 1453 513 1489 sanias
531 1454 610 1501 IX,
631 1453 657 1493 4
679 1455 715 1499 §.
731 1458 754 1494 3
775 1456 859 1492 loco
879 1457 1049 1492 maxime

390 1511 685 1561 gemino,ipsum
695 1511 933 1549 Herodotum
943 1511 1048 1549 haud

388 1566 466 1602 scio
495 1578 544 1601 an
570 1574 742 1604 secutus:
780 1567 821 1607 ἐκ
847 1566 1048 1616 Πλαταίας

388 1619 432 1660 δὲ
471 1621 601 1659 ἰοῦσιν
631 1622 671 1668 ἐς
701 1620 840 1673 Θηβας
875 1623 1048 1674 ποταμός

389 1675 495 1716 ἐστιν
540 1672 703 1726 Ὠερόη·
757 1678 955 1745 θυγατέρα
1003 1677 1047 1718 δὲ

390 1728 493 1771 εἶναι
503 1747 575 1783 την
591 1729 758 1783 Ὠερόην
776 1737 849 1773 τοῦ
866 1729 1044 1774 Ἀσωπου

385 1786 555 1839 λέγουσι.
585 1788 696 1825 Unde
710 1791 796 1827 satis
811 1797 924 1841 patet,
942 1790 1045 1842 quod

387 1846 501 1880 etiam
523 1846 700 1882 orationis
731 1853 840 1883 tenor
859 1860 902 1883 ac
923 1860 1043 1884 nexus

388 1899 520 1948 docet,
549 1901 650 1952 apud
670 1902 907 1940 Herodotum
927 1904 1043 1941 verba

387 1954 613 2007 σχιζόμενος
636 1956 657 1997 ὁ
677 1956 851 2009 ποταμὸς
880 1958 1041 1999 ἄνωθεν

385 2013 429 2053 ἐκ
451 2016 524 2052 τοῦ
546 2017 803 2065 Κιθαιρῶνος
836 2014 913 2066 ῥέει
932 2012 1040 2054 κάτω

383 2068 424 2115 ἐς
449 2066 493 2108 τό
520 2071 658 2109 πεδίον
691 2085 728 2109 κ.
759 2087 790 2110 τ.
823 2074 855 2110 λ.
886 2085 963 2109 non
993 2072 1040 2108 de

383 2127 524 2176 Asopo,
561 2133 603 2163 ut
642 2127 868 2178 quibusdam
899 2130 1039 2179 placuit

383 2184 530 2233 ipsique
557 2185 767 2220 Pausaniae
804 2184 939 2221 editori
968 2185 1040 2222 do-

383 2241 548 2276 ctissimo
587 2252 674 2289 pag.
705 2240 767 2279 14.
795 2242 866 2288 15,
894 2241 959 2278 sed
991 2241 1037 2278 de

380 2295 453 2332 hoc
474 2297 554 2346 ipso
576 2296 713 2332 Oeroes
746 2297 826 2333 rivo
867 2311 945 2334 esse
980 2299 1038 2333 iu-

380 2351 595 2401 telligenda.
655 2353 783 2389 Obstat
815 2355 916 2389 enim
956 2356 1036 2390 He·-

381 2407 526 2445 rodotei
556 2409 630 2445 loci
651 2410 743 2445 ratio
765 2410 954 2461 ipsiusque
975 2424 1037 2446 re-

382 2466 503 2513 gionis
515 2464 699 2512 conditio3
720 2467 770 2501 ita
786 2473 827 2501 ut
838 2479 1036 2517 nunquam

383 2520 475 2556 milii
496 2521 709 2571 persuaderi
729 2523 847 2573 patiar
863 2522 1037 2560 Herodo-

382 2581 464 2612 tum
502 2579 566 2613 illa
602 2579 716 2615 verba
761 2580 946 2629 scripsisse
989 2579 1036 2616 de

382 2632 510 2680 Asopo
539 2636 789 2684 cogitantem,
822 2638 927 2673 cuius
958 2643 1035 2672 tam

381 2687 551 2724 crebram
582 2691 620 2724 in
650 2691 957 2730 antecedentibus
977 2694 1036 2729 fe-

379 2750 480 2781 cerat
508 2746 740 2782 mentionem
759 2777 768 2795 ,
801 2762 919 2800 quum
947 2748 1032 2786 11.1.

1110 834 1162 872 ita
1183 835 1305 885 potius
1325 835 1472 884 scribat,
1494 842 1535 872 ut
1555 835 1671 872 alium
1691 837 1764 874 ssu-

1110 893 1216 928 vium
1264 891 1438 928 nondum
1498 899 1765 941 memoratum,

1110 948 1283 984 nondum
1296 950 1491 998 cognitum
1509 950 1580 1000 ipsi
1599 950 1637 985 in
1655 962 1765 985 meu-

1109 1011 1146 1041 te
1166 1005 1277 1042 fuisse
1299 1012 1488 1055 appareat.
1547 1007 1646 1042 Hinc
1668 1019 1764 1057 quo—

1111 1074 1185 1112 que
1215 1062 1328 1112 paulo
1367 1062 1521 1099 inferius
1551 1061 1652 1098 idem
1675 1076 1764 1112 per—

1109 1119 1235 1154 scribit
1255 1120 1412 1155 Noster:
1439 1115 1508 1157 τόν
1530 1115 1580 1168 δή
1601 1116 1629 1169 ἦ
1645 1114 1764 1157 Ἀσω-

1109 1173 1178 1219 πὶς
1205 1170 1347 1225 Ὠερόη
1390 1175 1667 1226 περισχίζεται,
1700 1173 1764 1225 ῥέ-

1111 1242 1209 1268 ουσα
1219 1230 1261 1269 ἐκ
1276 1233 1348 1268 τοῦ
1360 1233 1641 1282 Κιθαιρῶνοςε
1665 1243 1762 1282 quae

1105 1287 1185 1336 ipsa
1204 1288 1290 1323 satis
1311 1288 1500 1334 evincunt,
1521 1288 1633 1324 verba
1646 1300 1757 1337 supra

1106 1343 1217 1379 allata
1236 1356 1314 1380 non
1334 1344 1405 1379 nisi
1433 1342 1479 1379 de
1503 1344 1623 1381 Oero'e'
1643 1345 1758 1380 intel-

1104 1399 1171 1448 ligi
1199 1412 1320 1449 posse.
1379 1400 1461 1443 Quo
1496 1402 1616 1450 magis
1643 1401 1760 1437 miror

1105 1455 1275 1493 Siebelis.
1298 1454 1359 1504 (ad
1381 1431 1583 1492 Pausanff
1596 1455 1662 1506 L),
1693 1457 1758 1508 qui

1104 1511 1206 1562 apud
1244 1511 1482 1549 Herodotum
1523 1510 1545 1553 ὁ
1582 1527 1759 1563 ποταμος

1103 1581 1171 1618 per
1219 1570 1322 1619 leges
1370 1569 1634 1618 grammaticas
1678 1582 1758 1606 non

1103 1626 1175 1660 nisi
1207 1600 1279 1661 ade>
1283 1627 1455 1674 Asopum
1489 1626 1618 1661 referri
1648 1637 1756 1675 posse

1103 1679 1310 1716 contendit.
1358 1679 1469 1724 Quod
1497 1693 1563 1716 cur
1582 1693 1756 1717 necessa-

1101 1736 1201 1771 rium
1220 1736 1286 1779 sit,
1320 1734 1498 1787 equidem
1518 1749 1594 1772 non
1615 1737 1754 1772 intelli-

1100 1803 1175 1840 go·
1167 1820 1176 1839 ,
1220 1804 1345 1843 neque
1382 1791 1591 1843 quidquam
1621 1794 1755 1842 opinor

1099 1847 1271 1898 impedit,
1294 1860 1370 1899 quo
1390 1850 1516 1884 minus
1537 1844 1589 1887 ὃς
1578 1844 1754 1899 ,ςοταμὸς

1097 1916 1174 1940 non
1197 1903 1243 1940 de
1259 1905 1386 1954 Asopo
1406 1903 1472 1940 sed
1493 1903 1539 1940 de
1553 1904 1674 1941 Oeroe
1692 1917 1754 1942 ac-

1098 1961 1276 2010 cipiatur3
1310 1961 1375 2011 qui
1398 1962 1497 1997 rivus
1519 1974 1567 1997 ex
1593 1961 1668 1997 alto
1688 1961 1753 1998 ci-

1096 2016 1278 2052 thaerone
1299 2015 1471 2067 delapsus
1485 2017 1523 2052 in
1544 2018 1750 2067 planitiem,

1100 2080 1186 2109 ante
1220 2075 1341 2124 ipsam
1374 2073 1652 2110 Plataeensium
1685 2087 1752 2111 ur-

1096 2129 1184 2165 bem
1204 2130 1243 2165 in
1264 2129 1357 2166 duos
1379 2129 1516 2166 divisus
1543 2142 1673 2166 amnes
1693 2131 1750 2167 ef-

1093 2186 1174 2222 ficit
1195 2187 1373 2231 insulam,
1409 2186 1447 2220 in
1479 2199 1595 2237 quam
1616 2187 1748 2223 Graeci

1092 2243 1249 2278 transire
1297 2240 1565 2289 decreverunt,
1611 2255 1749 2294 quam-

1094 2311 1168 2349 que
1190 2311 1388 2348 perperam
1409 2299 1501 2334 olim
1521 2299 1648 2349 Asopo
1670 2300 1748 2336 for-

1092 2355 1187 2390 mari
1219 2356 1415 2404 opinantes
1453 2355 1492 2391 in
1522 2357 1633 2392 variis
1667 2356 1747 2405 agri

1092 2412 1320 2447 Plataeensis
1341 2410 1652 2448 delineationibus
1672 2412 1744 2447 alio

1092 2480 1242 2517 prorsus
1272 2468 1356 2504 loco
1378 2466 1630 2504 exhibuerunt
1649 2479 1744 2516 geo-

1093 2522 1251 2574 graphi,
1273 2524 1396 2560 omnis
1418 2525 1579 2574 regionis
1599 2524 1742 2559 ratione

1092 2593 1266 2630 perversa
1300 2587 1336 2617 et
1367 2581 1480 2630 ipsius
1512 2591 1661 2630 pugnae
1681 2581 1742 2615 in-

1093 2637 1298 2687 telligentia
1336 2635 1526 2686 impedita.
1584 2635 1740 2672 Meliora

1093 2692 1243 2730 edocuit
1264 2695 1382 2729 Kruse
1403 2692 1447 2738 (Ι,
1469 2691 1494 2727 Ι.
1515 2692 1547 2726 ll
1567 2719 1576 2733 ‚
1612 2694 1628 2730 1
1653 2704 1739 2742 pag.

1094 2748 1168 2790 491
1189 2748 1336 2788 -493
1357 2748 1459 2784 Atlas
1485 2760 1541 2786 nr.
1567 2747 1633 2795 Vl)
1662 2749 1738 2799 ipse
