1879 3222
544 170 1000 211 CALLIOPE.
1060 174 1138 209 IX.
1387 175 1471 214 213

186 285 209 318 2
323 279 401 330 Ὡς
437 277 483 321 δὲ
511 275 722 320 οἷπίκοντο
752 276 792 328 ἐμ
824 277 904 333 τήν
934 282 1242 336 Λακεδαίμονα
1273 282 1317 324 οἱ
1346 280 1528 336 ἅγγε-ὃο

215 349 284 389 λοι
324 348 368 389 οἱ
395 342 463 388 ἀπ’
502 342 749 400 Ἀθηναίων
787 343 876 400 ἅμα
918 345 1124 400 οἷγόμενοι
1161 349 1208 391 ἔκ
1244 364 1287 391 τε
1328 348 1471 404 Μεγά-

218 430 309 468 ρων
338 410 544 468 ἀγγέλους
573 413 643 455 καὶ
674 413 720 455 ἐκ
737 414 1010 462 Πλαταιέων,
1045 414 1191 467 ἔλεγον
1221 415 1323 458 τάδε
1356 417 1469 459 ἐπελ-

143 491 156 516 1
186 480 369 531 Βθόντες
408 479 476 523 ἐπὶ
504 479 608 531 τοὺς
637 479 850 535 ἐφόρους·
895 477 1142 535 ,ξἘπεμψαν
1177 480 1312 536 ἡμέας
1337 482 1468 540 Ἀθη-

214 553 382 601 ,,ναῐοι,
413 548 609 604 λέγοντες
634 547 700 591 ὅτι
721 546 824 604 ἡμῖν
841 550 1043 602 βασιλεὺς
1068 548 1091 592 ὁ
1113 549 1307 604 Μήδων,
1337 555 1467 594 τοῦτο

209 615 328 671 ,,μὲν,
346 613 582 672 τὴνχεόρην
605 615 822 660 ἅποδιδοῑ’
839 620 968 660 τοῦτο
983 616 1040 671 δὲ,
1062 616 1314 672 συμμάχους
1326 617 1464 662 ἐθέλει
1481 626 1524 660 85

205 683 297 740 ,,ἐπ’
332 686 406 741 ἰ’σῃ
437 700 480 727 τε
521 684 595 728 καὶ
625 683 755 743 ὁμοίῃ
785 683 1079 742 ποιήσασθαι,
1120 684 1228 727 ἄνευ
1257 701 1301 727 τε
1332 684 1466 729 δόλου

207 752 309 806 „nai
339 750 529 807 ἀπάτης·
572 751 710 796 ἐθέλει
741 754 785 798 δὲ
823 754 896 798 καὶ
927 752 1060 808 ἄλλην
1097 752 1243 809 χώρην
1273 753 1383 807 πρὸς
1412 758 1465 809 τῇ

178 819 419 876 4,,ἡμετέρῃ
461 820 651 872 διδόναι,
692 821 772 876 τήν
815 820 870 864 ἂν
910 820 1035 865 αὐτοὶ
1074 820 1284 876 ἑλώμεθα.
1343 819 1466 876 ἡμεῖς

207 890 305 942 ,,δὲ,
337 890 423 931 Δία
453 903 496 930 τε
516 885 743 943 Ἑλλήνιον
769 889 1055 942 αἰδεσθέντες,
1086 889 1159 932 καὶ
1179 888 1259 945 τήν
1285 886 1467 932 Ἑλλάδα
1524 900 1603 940 694

205 957 379 1012 ,,δεινο“ν
421 954 675 1010 ποιεύμενοι
723 959 992 1011 προδοῦναι,
1037 954 1091 1000 οὐ
1136 956 1519 1010 καταινέσαμεν,91

204 1023 341 1078 „eistad
359 1022 650 1077 ἀπειπάμεθα,
670 1026 744 1066 καί
761 1041 840 1079 περ
863 1024 1136 1079 ἀδικεόμενοι
1147 1022 1218 1066 ὑπ’
1233 1023 1463 1079 ”Ελλήνων

198 1092 299 1143 ,,καὶ
312 1090 732 1147 καταπροδιδόμενοι
746 1092 1022 1149 ἐπιστάμενοί
1034 1109 1076 1136 τε
1095 1092 1160 1137 ὅτι
1179 1091 1461 1146 κερδαλεώτε-

201 1160 309 1214 ,,ρο’ν
319 1159 406 1202 ἐστι
419 1158 669 1215 ὁμολογέειν
681 1164 742 1216 τῷ
755 1160 903 1216 Πέρσῃ
918 1165 1086 1215 μᾶλλον
1098 1160 1204 1218 ἥπερ
1220 1160 1459 1215 πολεμέειν·

126 1239 143 1266 2
171 1224 280 1277 5,,οὐ
319 1227 398 1283 μὲν
432 1226 535 1271 οὐδὲ
564 1226 893 1284 ὁμολογήσομεν
924 1228 1093 1280 ἑκόντες
1122 1226 1246 1272 εἶναι.
1306 1229 1380 1271 καὶ
1409 1227 1457 1272 τὸ
1471 1235 1516 1270 95

196 1294 302 1350 ,μὲν
332 1293 408 1338 ἀπ’
450 1294 596 1354 ἡμέων
626 1296 742 1340 οὕτω
775 1295 1017 1353 ἀκίβδηλον
1047 1296 1147 1344 ἐὸν,
1189 1296 1360 1351 νέμεται
1389 1295 1458 1340 ἐπὶ

139 1505 218 1542 fero
240 1510 370 1542 tenent
392 1500 528 1540 Matth.
559 1509 596 1541 et
615 1501 798 1552 Bekker„

138 1560 319 1613 equidem
341 1574 429 1598 cum
449 1561 603 1611 reliquis
625 1560 713 1597 dedi
730 1560 798 1599 καὶ

136 1615 199 1668 ’ἥδ
214 1633 261 1667 η,
291 1617 395 1669 quod
417 1619 532 1653 etiam
562 1615 602 1654 h.
631 1618 657 1654 l.
680 1618 796 1653 citans

137 1673 186 1711 ad
216 1675 365 1711 Aeliau.
395 1675 442 1710 N.
464 1675 511 1710 A.
533 1674 570 1721 Ι,
601 1673 654 1714 24
686 1673 796 1710 affert

135 1732 281 1778 Iacobs‚
302 1743 496 1782 exponens
509 1732 630 1767 statim
647 1736 684 1766 et
703 1730 795 1766 sub-

134 1788 227 1824 itam
275 1788 434 1824 subiecti
481 1786 586 1838 quod
643 1785 792 1838 dicitur,

135 1846 388 1881 mutationem
422 1844 520 1880 bene
556 1849 706 1882 notans.
740 1866 790 1872 —-

135 1902 193 1937 De
213 1902 344 1950 ephoris
374 1899 540 1937 diximus
569 1898 617 1937 ad
637 1901 692 1948 V,
727 1902 794 1941 39.

136 1959 186 1995 vl
199 1985 209 2002 ‚
229 1960 293 1997 53.
314 1959 378 1998 82-

410 2046 447 2091 §.
482 2047 519 2085 1.

192 2119 258 2165 ἐπ’
286 2124 351 2178 ἰ’σῃ
381 2138 422 2163 τε
448 2123 516 2162 καὶ
547 2120 682 2177 ὁμοίῃ]
708 2122 734 2159 i.
755 2135 790 2158 e.

134 2195 249 2232 acqua
293 2181 501 2219 conditione.
567 2181 631 2216 Sic
676 2180 789 2229 plane

134 2237 356 2290 Thucydid.
377 2239 415 2285 I,
444 2239 509 2284 26,
532 2238 639 2273 culus
660 2237 789 2273 locum

135 2294 243 2333 affert
265 2295 388 2345 Viger.
411 2307 448 2344 p.
470 2296 538 2334 96.

189 2353 267 2391 Δία
287 2367 326 2390 τε
342 2345 548 2400 Ἑλλήνιον
581 2348 792 2390 αἰδεσθέν-

134 2410 212 2457 τες]
259 2409 372 2446 Iovem
398 2408 544 2445 Graecis
585 2420 792 2445 communem

134 2467 272 2502 reveriti
308 2467 574 2514 interpretatur
604 2463 790 2502 Valckeu.

136 2523 250 2559 citans
298 2518 491 2571 Aristoph.
530 2522 631 2573 qu.
686 2521 790 2562 1250

136 2577 245 2616 Pind.
278 2581 389 2618 Nem.
426 2578 482 2625 V,
525 2580 601 2623 19,
640 2576 705 2612 ubi
743 2579 790 2614 ab

137 2633 260 2672 Aeaco
310 2635 549 2685 cognominis
603 2634 789 2683 originem

138 2698 308 2741 repetunt
335 2690 570 2728 scholiastae.
627 2691 724 2726 Nam
746 2693 786 2728 in

137 2746 280 2798 Aegina
299 2748 420 2798 insula
441 2749 539 2786 Iovis
549 2745 786 2785 Panhelleuii

855 1504 1043 1554 templum
1057 1532 1067 1551 ,
1089 1503 1155 1539 ubi
1169 1504 1318 1539 Aeacus
1332 1514 1437 1539 sacra
1456 1502 1515 1539 fe-

854 1561 946 1597 cisse
968 1561 1108 1608 fertur,
1141 1559 1188 1596 de
1210 1572 1286 1612 quo
1311 1558 1387 1598 vid.
1408 1560 1513 1596 Pau-

852 1629 934 1654 san.
956 1618 993 1663 I,
1029 1615 1082 1656 44
1110 1617 1147 1662 §.
1173 1619 1233 1656 13.
1263 1617 1320 1663 Π,
1352 1617 1404 1655 29
1428 1617 1465 1661 ξ.
1487 1618 1513 1656 6

853 1674 938 1714 coll,
969 1675 1026 1720 11,
1057 1675 1109 1712 30
1140 1673 1177 1718 §.
1209 1674 1248 1712 3.
1281 1671 1321 1711 4.
1357 1673 1513 1710 Isocrat.

850 1742 938 1781 pag.
964 1731 1039 1769 191
1062 1730 1109 1766 E.
1132 1730 1209 1779 [cp.
1226 1729 1250 1769 5
1269 1730 1306 1774 ξ.
1324 1727 1391 1778 14]
1409 1727 1512 1768 Add.

849 1786 1013 1823 Eckhel.
1043 1788 1171 1823 Doctr.
1193 1787 1237 1821 N.
1260 1787 1276 1821 I
1296 1798 1385 1836 pag.
1414 1784 1511 1825 244.

849 1843 911 1880 Ad
957 1839 1091 1882 δεινόν
1126 1838 1356 1891 ποιεύμενοι
1410 1841 1512 1878 conf.

849 1902 928 1948 111,
953 1900 1025 1947 14,
1049 1897 1135 1938 add.
1157 1900 1335 1935 Iacobitz.
1360 1896 1408 1934 ad
1428 1899 1511 1933 Lu-

849 1958 950 1994 ciani
969 1957 1113 1993 Toxar.
1133 1968 1220 2006 pag.
1242 1955 1306 1996 65.
1344 1953 1391 1991 de
1413 1967 1512 1991 voce

850 2016 999 2065 μᾶλλον
1012 2019 1094 2062 post
1110 2012 1410 2061 comparativum
1423 2025 1509 2061 κερ·

847 2064 1089 2114 δαλεώτερον
1103 2068 1242 2104 inserta
1263 2066 1340 2104 vid.
1361 2069 1401 2112 I,
1439 2069 1508 2106 31.

847 2147 902 2153 -—-
922 2124 1130 2161 Particulas
1152 2118 1199 2161 οὔ
1225 2119 1296 2172 μὲν
1319 2118 1411 2160 ου’δὲ
1431 2134 1506 2158 no-

845 2182 922 2219 tavi
943 2179 991 2217 ad
1011 2180 1116 2226 VIII,
1141 2182 1231 2219 130.
1253 2179 1506 2215 Locutionem

845 2235 1002 2284 ἑκόντες
1028 2232 1130 2275 εἶναι
1149 2236 1271 2285 attigit
1292 2233 1424 2273 Matth.
1437 2236 1505 2274 Gr.

847 2297 914 2335 Gr.
937 2296 972 2341 ξ.
994 2292 1074 2334 545
1094 2305 1182 2344 pag.
1206 2295 1326 2333 1070.

1121 2384 1159 2429 §-
1191 2385 1228 2424 2.

904 2462 973 2504 καὶ
1001 2459 1045 2502 τό
1078 2458 1150 2512 μὲν
1191 2455 1261 2499 ἄπ’
1285 2457 1420 2510 ἡμέων
1449 2480 1504 2487 -—

847 2521 912 2562 ἐπὶ
945 2515 1266 2567 τοῦςἝλληνας]
1297 2515 1359 2553 Ad
1392 2529 1504 2553 voces

846 2577 889 2618 τὸ
913 2573 978 2616 ἄπ’
997 2574 1132 2625 ἡμέων
1153 2572 1230 2611 vid.
1253 2579 1348 2610 nott.
1362 2572 1409 2609 ad
1422 2573 1502 2621 VII,

849 2637 941 2676 101.
1000 2630 1110 2676 Quod
1135 2631 1305 2682 sequitur
1335 2625 1503 2680 ἀκίβδη-

845 2694 936 2738 λον,
975 2702 1064 2726 cum
1094 2688 1244 2738 proprie
1274 2684 1322 2723 ad
1364 2698 1502 2723 numos

842 2752 985 2799 spectet
1004 2744 1108 2782 haud
1128 2750 1336 2795 corruptos,
1359 2742 1407 2780 ad
1427 2743 1499 2780 alia
