1996 3238
494 268 577 307 160
893 265 1351 304 HERODOTI

495 373 669 425 Σάκας,
698 372 770 416 καὶ
800 375 1043 428 Βακτρίους
1071 390 1115 418 τε
1145 375 1219 418 καὶ
1246 373 1432 428 Ἰνδούς,
1469 376 1543 419 καὶ
1569 376 1645 420 τὸν
1681 393 1749 423 πε-

465 441 594 494 3ζὸυ,
625 441 697 484 καὶ
725 442 805 497 τήν
835 444 979 486 ἵππον.

1039 446 1176 485 ταῦτα
1205 443 1282 498 μὲν
1312 444 1438 486 ἔθνεα
1482 443 1561 486 ὅλα
1591 447 1748 489 εἵλετο·

494 507 541 551 ἐκ
572 508 617 551 δὲ
652 512 741 552 τῶν
780 508 925 553 ἄλλων
953 511 1191 566 συμμάχων
1221 511 1426 566 ἐξελέγετο
1455 510 1544 554 κατ’
1562 510 1748 566 ὀλίγους,

493 580 608 619 τοῖσι
645 575 760 619 εἴδεά
805 593 847 620 τε
884 576 1046 634 ὑπῆρχε
1089 577 1310 633 διαλέγων,
1350 579 1423 622 καὶ
1461 583 1498 621 εἰ
1530 579 1664 622 τέοισί
1710 583 1805 623 τι4ο

466 643 685 699 4χρηστὸν
703 647 891 689 συνείδεε
911 647 1215 700 πεποιημένον.
1246 645 1292 688 ἐν
1305 647 1360 695 δὲ,
1391 651 1590 690 πλεῖστον
1621 647 1749 698 ἔθνος

495 713 670 767 Πέρσας
700 712 886 768 αἱρέετο,
921 713 1084 768 ἄνδρας
1114 712 1463 769 στρεπτοφόρους
1491 730 1535 757 τε
1564 715 1637 757 καὶ
1673 722 1748 766 ψε-

487 925 569 969 κατ’
579 926 752 984 ὀλίγους]
760 928 1008 967 Antecedenti
1021 926 1092 968 ὅλα

437 988 664 1038 opponitur,
725 985 799 1022 hoc
830 986 909 1023 fere
955 999 1089 1024 seusu:

436 1056 455 1081 e
490 1044 641 1092 singulis
678 1044 842 1091 gentibus
890 1045 1092 1081 consociatis

430 1112 561 1150 paucos
590 1099 746 1147 singulos
777 1100 904 1148 elegit,
930 1103 1020 1146 sive,
1050 1107 1093 1137 ut

435 1155 656 1206 Schweigh.
696 1154 842 1193 reddit:
894 1170 911 1194 e
948 1158 1093 1208 reliquis

436 1224 513 1248 vero
533 1215 640 1251 sociis
649 1226 715 1249 non
732 1215 805 1250 uisi
816 1226 949 1263 paucos
958 1216 1092 1264 passim

434 1269 572 1317 selegit.
629 1270 735 1305 Bene
766 1282 919 1321 quoque
945 1269 1092 1307 Sohae-

433 1325 503 1361 fer.
534 1323 582 1361 ad
611 1327 768 1376 Dionys.
795 1328 986 1366 Halicarn.
1033 1329 1091 1364 De

435 1382 635 1432 composit.
679 1382 811 1420 verbb.
850 1397 889 1434 p.
926 1383 1006 1424 44:
1047 1396 1091 1420 ex

432 1438 584 1487 singulis
599 1440 767 1475 sociorum
789 1442 895 1490 copiis
921 1439 1091 1488 seligebat

427 1507 579 1545 paucos,
619 1501 656 1531 et
684 1496 908 1535 Buttmann.
941 1496 989 1532 ad
1012 1498 1091 1532 De·-

432 1550 623 1593 mosthen,
647 1551 739 1588 Mid.
761 1567 798 1603 p.
815 1553 892 1593 175
912 1552 971 1592 ed.
990 1552 1088 1590 sec.:

426 1620 559 1657 paucos
586 1621 602 1644 e
630 1609 783 1657 singulis
813 1610 991 1646 ordinibus
1023 1609 1089 1655 (ad

431 1664 548 1701 instar
569 1664 755 1701 formulae
780 1664 965 1715 centenos).
1016 1667 1090 1702 Ubi

433 1721 548 1756 etiam
566 1721 674 1770 plura
694 1720 770 1758 vid.
791 1720 837 1757 de
852 1721 1088 1758 distributim

430 1788 502 1812 usu
523 1778 805 1827 praepositionis
826 1775 936 1824 κατοέ,
952 1778 998 1815 de
1011 1791 1086 1829 quo

430 1832 662 1883 WVesseling.
709 1835 936 1871 excitaverat
973 1834 1087 1871 Thu-

430 1888 517 1940 cyd.
546 1890 622 1936 111,
680 1892 770 1929 111.
807 1892 878 1938 lv,
926 1894 989 1930 11.
1025 1892 1087 1938 VI,

431 1944 484 1985 34
517 1946 644 1997 ibique
679 1945 825 1988 Duker,
865 1947 1006 1988 Herod,
1040 1950 1088 1996 11,

429 2003 482 2041 93
502 2003 563 2038 cui
585 2000 671 2040 add.
696 2004 777 2050 IX,
813 2006 906 2044 102.
931 2027 981 2031 —
1029 2005 1085 2041 Ob

428 2071 590 2109 sequens
639 2057 681 2097 ἐν
730 2057 795 2106 δὲ,
835 2059 1086 2110 praecedente

427 2117 508 2152 τῶν
559 2112 691 2153 ἄλλων
739 2115 840 2154 conf.
878 2116 1086 2154 Winckel-

428 2184 547 2207 mann
567 2170 615 2208 ad
635 2172 784 2208 Platon.
802 2171 972 2224 Euthyd.
995 2187 1085 2225 pag.

433 2230 532 2272 136,
573 2229 638 2265 ubi
669 2229 782 2266 etiam
810 2228 919 2266 affert
944 2230 1088 2273 Herod.

426 2284 455 2329 Ι,
482 2284 572 2326 185.
598 2284 1085 2337 192801Πνείςὶιειευεοτιιε

428 2339 525 2376 bene
555 2340 649 2378 illud
683 2341 725 2382 ἐν
758 2340 819 2390 δὲ,
851 2342 898 2379 ad
928 2356 1085 2380 omnem

428 2409 581 2444 eorum,
616 2398 681 2449 qui
702 2411 723 2434 e
747 2399 885 2436 Xerxis
915 2402 1083 2437 exercitu

428 2465 447 2488 a
473 2453 671 2491 Mardonio
703 2455 812 2492 electi
852 2464 978 2503 erant,
1008 2470 1085 2493 nu-

427 2521 578 2546 merum
609 2511 774 2549 reserens
796 2513 1081 2564 interpretatur:

427 2566 463 2601 in
492 2569 649 2604 uniuerso
678 2573 794 2606 autem
824 2582 964 2606 numero
996 2570 1084 2607 sele-

429 2624 571 2660 ctorum.
628 2625 671 2660 ln
703 2638 780 2661 uno
804 2625 934 2662 codice
953 2626 998 2665 ἓν
1019 2625 1080 2665 ὄέ;

428 2678 531 2729 quod
548 2692 636 2715 sane
655 2679 838 2732 displicet.

483 2739 583 2774 τοῖσι
605 2733 710 2775 εἴδεά
739 2753 777 2776 τε
796 2735 963 2788 ὑπῆρχε]
997 2738 1020 2773 i.
1048 2751 1080 2774 e.

424 2792 488 2840 qui
536 2791 657 2841 forma
691 2792 794 2842 suere
842 2798 1080 2843 praestantes.

424 2847 535 2887 Cous.
583 2850 623 2898 1,
685 2851 775 2890 199.
819 2851 923 2899 vlu,
986 2850 1078 2891 105.

1149 931 1297 980 ‚‚Sunt‚
1349 930 1389 967 ni
1435 930 1544 987 fallor
1579 929 1649 979 (ait
1697 931 1804 970 Val-

1149 988 1293 1037 cken.)
1324 988 1447 1034 εἴδεος
1470 987 1511 1026 εὐ
1541 986 1703 1039 ἔχοντες,
1726 990 1804 1026 sive
1831 1024 1834 1026 ,

1150 1041 1342 1096 σωμάτων
1383 1044 1534 1094 ἔχοντες
1568 1042 1706 1097 ἄριστα
1745 1053 1805 1083 at-

1149 1115 1224 1153 que
1252 1101 1347 1138 adeo
1378 1098 1579 1140 εὕεκτικοί.
1637 1104 1715 1139 Hos
1744 1101 1804 1139 di-

1149 1160 1245 1194 citur
1274 1156 1492 1194 Mardonius
1533 1170 1552 1192 e
1591 1166 1803 1195 ceterorum

1148 1215 1259 1251 turba
1285 1213 1473 1267 διαλέγων
1504 1227 1676 1251 secernens
1707 1214 1803 1262 „nai

1149 1271 1184 1310 εἰ
1208 1270 1330 1310 τέοισι
1354 1278 1444 1318 οἱα,
1482 1271 1547 1306 ubi
1571 1272 1667 1308 forte
1691 1272 1803 1309 lectio

1147 1341 1226 1365 non
1254 1335 1348 1365 esset
1368 1327 1531 1364 deterior
1562 1327 1629 1366 καὶ
1657 1323 1805 1367 ὅτέοισί

1147 1399 1183 1422 τι
1204 1382 1372 1435 χρηστόν
1395 1380 1561 1437 συνῄδεε
1585 1383 1803 1434 πεποιημέ-

1147 1443 1261 1480 νον.“
1317 1442 1395 1478 Nec
1427 1447 1556 1477 tamen
1593 1440 1804 1493 quidquam

1146 1495 1377 1534 mutandum
1424 1510 1502 1533 esse
1540 1504 1640 1534 recte
1677 1499 1804 1535 statuit

1147 1553 1544 1604 Schweighaeuserus.
1572 1553 1802 1592 Vid.Matth.

1148 1612 1211 1648 Gr.
1236 1612 1298 1648 Gr.
1317 1613 1352 1657 §.
1376 1613 1456 1651 617
1477 1623 1562 1661 pag.
1589 1610 1716 1659 12513
1739 1611 1803 1662 qni

1146 1667 1249 1703 idem
1273 1669 1309 1710 ξ,
1334 1670 1407 1708 151
1433 1675 1513 1703 not.
1549 1670 1566 1706 1
1605 1679 1693 1717 pag.
1719 1664 1800 1706 234

1147 1722 1194 1760 de
1225 1724 1349 1759 forma
1376 1721 1498 1761 τέοισι
1523 1723 1667 1760 consul.
1724 1724 1801 1759 Pro

1145 1780 1251 1829 vulg.
1291 1775 1480 1831 συνῄδεε,
1531 1778 1634 1830 quod
1670 1785 1802 1816 tenent

1144 1849 1233 1872 cum
1246 1834 1452 1873 Sohaesero
1461 1834 1640 1872 Matthiae
1653 1842 1689 1871 et
1700 1834 1802 1872 Bek-

1144 1891 1270 1939 kems,
1292 1894 1441 1943 reposui
1473 1905 1560 1928 cum
1581 1890 1802 1942 Sohweigh.

1146 1956 1181 1985 et
1203 1950 1319 1987 Gaisf.
1350 1962 1369 1984 e
1396 1949 1614 1986 Florentino
1644 1949 1800 2001 aliisque

1143 2006 1246 2042 libris
1269 2005 1453 2046 συνείδεε.

1199 2113 1532 2169 στρεπτοφόρους]
1546 2114 1657 2154 Haud
1670 2115 1799 2167 negle-

1142 2174 1199 2210 xit
1218 2182 1392 2211 nostrum
1422 2175 1551 2210 locum
1579 2171 1796 2210 Blomfield.

1144 2231 1295 2268 Praefat
1331 2230 1378 2267 ad
1404 2228 1582 2281 Aeschyl.
1624 2231 1729 2268 Pers.
1756 2242 1796 2280 p.

1143 2287 1195 2323 VI
1220 2289 1347 2338 Lips.‚
1381 2287 1447 2323 ubi
1475 2287 1642 2336 pluribus
1673 2284 1796 2332 docet,

1142 2342 1260 2392 ψέλια
1301 2342 1348 2379 de
1381 2343 1532 2380 ‹1r1m'llis
1566 2350 1602 2379 et
1631 2338 1797 2394 στρεπτᾶ

1142 2398 1189 2435 de
1213 2400 1392 2449 torquibus
1410 2399 1505 2436 dici:
1526 2397 1629 2451 qnod
1644 2406 1795 2436 utrum-

1142 2468 1216 2507 que
1238 2458 1335 2492 inter
1354 2458 1555 2493 Persarum
1574 2462 1794 2493 ornamenta

1140 2514 1269 2549 referri
1292 2514 1480 2550 novimus.
1497 2534 1552 2540 ——
1581 2512 1667 2550 Vid.
1690 2512 1794 2546 Bris-

1138 2582 1220 2605 son.
1270 2571 1326 2605 De
1347 2583 1453 2619 regn.
1484 2571 1604 2606 Pet-ss.
1631 2567 1667 2608 Ι,
1701 2565 1792 2606 145·

1138 2626 1196 2670 Π,
1241 2628 1330 2665 197.
1358 2645 1412 2652 —
1439 2623 1501 2660 Ad
1540 2622 1605 2662 ἐπὶ
1635 2620 1677 2661 δὲ
1715 2620 1793 2659 vid.

1138 2687 1234 2720 nott.
1257 2680 1304 2717 ad
1325 2681 1428 2726 vlu,
1449 2683 1516 2720 93.
1536 2700 1592 2706 —
1611 2680 1703 2715 Mox
1724 2690 1792 2728 pro
1833 2672 1837 2677 ’

1139 2736 1295 2783 ἕσσονες
1312 2739 1460 2788 reposui
1473 2733 1651 2785 ἥσσονες,
1666 2748 1684 2771 a
1697 2747 1793 2787 qua-

1137 2800 1223 2830 tuor
1262 2795 1363 2831 libris
1402 2794 1579 2839 allatum,
1611 2799 1792 2843 utsupra

1136 2851 1242 2899 vm,
1264 2853 1329 2891 73.

1974 1371 1986 1435 <0-

1976 1757 1993 1847 ’Δ-ἱ-ᾼ.
1986 1730 1992 1748 ,
1989 1719 1991 1722 .
1980 1639 1996 1710 &wn-
