1996 3238
457 233 539 276 124
860 235 1318 274 HERODOTI

451 359 530 395 νος
557 342 646 386 ὑπὸ
676 345 737 398 τῷ
765 342 889 398 οὔρεϊ
915 347 975 400 τῷ
1003 343 1154 388 ἀντίον
1183 349 1454 402 Σαλαμῖνος,
1486 344 1534 390 τὸ
1563 347 1762 390 uates-40

452 427 522 454 ται
571 409 815 465 Αἰγάλεως,
861 411 1184 457 ἀνεπυνθάνετο
1224 414 1302 457 τὸν
1332 415 1595 470 ποιήσαντα·
1633 415 1707 458 καὶ

453 478 497 521 οἱ
528 479 843 533 γραμματισταὶ
873 478 1125 536 ἀνέγραφον
1157 481 1378 536 πατρόθεν
1407 483 1482 526 τὸν
1502 481 1708 537 τριήραρ-

421 551 532 600 7χον
562 545 636 588 καὶ
671 546 750 605 τὴν
778 545 936 603 πόλιν.)
996 548 1109 604 πρός
1140 550 1185 592 δὲ
1216 549 1276 592 ἔτι
1305 551 1378 593 καὶ
1415 550 1706 607 προσελάβετο

393 731 494 767 conf.
511 732 574 780 IV,
596 732 749 779 88.VII‚
759 731 826 772 44.
856 731 1050 770 Plutarch.

391 786 582 825 Themis-1.
628 792 678 831 13
720 791 798 826 init.
857 792 913 826 Ita
945 791 1049 826 enim

390 846 507 882 moris
527 843 637 882 fuisse
658 845 816 895 videtur,
839 853 880 882 ut
909 860 977 883 rex
1007 847 1047 882 in

391 901 467 938 alto
502 901 636 939 sedens
665 902 944 952 proficiscentes
983 910 1048 940 aut

384 965 599 1008 pugnantes
641 960 876 1008 conspiceret
905 960 1045 1009 copias.

383 1015 458 1060 Qui
490 1014 590 1065 apud
623 1014 861 1052 Herodotum
891 1023 1047 1053 vocatur

382 1067 590 1123 Αἰγάλεως
609 1084 733 1120 mons,
771 1073 801 1108 is
823 1073 910 1109 alibi
930 1086 1046 1109 voca-

384 1134 446 1164 tur
475 1125 518 1167 τό
546 1123 750 1178 Αἰγᾶιλεων
779 1126 883 1180 ὅρος,
917 1131 1046 1167 exiens

385 1184 427 1220 in
478 1186 782 1234 promontorium
829 1185 1047 1237 Amphiale,

389 1241 493 1292 quod
514 1242 747 1278 Salaminiae
775 1243 920 1279 insulae
941 1257 961 1279 e
982 1256 1046 1279 re-

386 1298 501 1347 gione
533 1299 639 1345 iacet,
687 1299 753 1335 ubi
788 1306 866 1336 erat
899 1298 921 1339 ὁ
949 1315 1047 1351 πορ·

386 1351 494 1404 θμός
505 1356 582 1390 sive
598 1356 786 1392 traiectus.
843 1357 954 1392 Nunc
975 1369 1047 1394 vo-

386 1417 474 1447 cant
497 1410 761 1460 Scaramagna.
801 1411 888 1449 Vid.
910 1414 1045 1463 Poppo

386 1466 435 1503 ad
455 1466 635 1518 Thucyd.
656 1469 683 1515 Ι,
698 1470 722 1507 2
738 1481 825 1519 pag.
842 1468 935 1510 258.
950 1470 1046 1509 259.

387 1525 510 1560 Kruse
531 1525 657 1561 Hellas
677 1526 724 1572 ΙΙ,
749 1527 767 1564 1
791 1538 878 1575 pag.
905 1528 952 1566 13
965 1539 1044 1577 seq.

385 1583 578 1628 211-318‚
592 1582 653 1618 cui
671 1582 806 1618 merito
819 1584 945 1619 minus
957 1596 1045 1619 vera

383 1635 582 1685 videntur,
613 1651 711 1689 quae
741 1637 910 1685 deloco,
941 1638 1044 1675 uude

383 1694 533 1730 Xerxes
551 1695 590 1730 in
610 1695 703 1731 solio
723 1694 857 1731 sedens
872 1708 1045 1745 pugnam

383 1752 570 1800 spectarit,
593 1764 613 1786 e
633 1749 885 1788 Phanodemo
917 1751 1043 1801 (cuius

382 1805 460 1844 vid.
482 1807 661 1856 fragmm.
686 1820 771 1857 pag.
800 1810 846 1847 12
868 1821 927 1846 nr.
954 1809 1042 1855 Vll)

383 1870 421 1900 et
436 1864 668 1901 Acestodoro
689 1863 899 1901 afferuntur
917 1878 937 1900 a
952 1866 1043 1901 Plu-

382 1920 514 1957 tarcho
536 1921 560 1958 l.
581 1921 608 1959 l.
647 1921 710 1957 Sic
732 1934 885 1973 quoque
905 1923 1042 1958 Blom-

381 1976 484 2013 field.
513 1979 553 2013 in
584 1978 748 2014 Glossar.
783 1977 831 2014 ad
857 1977 1037 2030 Aeschyl.

381 2034 487 2070 Pers.
513 2032 607 2081 473,
646 2035 712 2070 ubi
751 2041 862 2085 poeta
901 2037 1040 2072 Xerxis

381 2097 571 2127 memorat
590 2088 750 2140 ’ὑψηλόν
771 2088 907 2141 ὄχθον,
921 2105 1041 2128 unam

381 2146 566 2183 Herodoti
577 2149 832 2183 narrationem
849 2146 961 2185 habet
972 2162 1039 2184 ve-

381 2216 477 2243 ram,
535 2202 695 2240 Athenis
726 2211 852 2240 autem
884 2206 922 2241 in
953 2219 1038 2242 arce

382 2261 526 2306 sellam,
548 2261 586 2296 in
617 2274 690 2312 qua
720 2262 869 2298 Xerxes
904 2275 1038 2298 (tonse-

380 2316 476 2353 disse
488 2317 690 2363 ferebatur,
706 2319 783 2353 sive
795 2331 949 2354 auream
960 2319 1038 2355 sive

381 2380 602 2423 argenteam
622 2381 814 2410 servarant
844 2382 937 2412 teste
960 2377 1037 2411 De—

381 2428 570 2466 mosthen.
591 2444 625 2466 c.
649 2431 859 2467 Timocrat.
881 2445 919 2481 p.
940 2430 1036 2478 741,

381 2487 405 2526 5
428 2488 512 2523 coll.
535 2488 755 2537 Harpocrat.
784 2501 821 2537 p.
845 2489 898 2527 25
932 2489 1035 2538 Lips.

379 2555 411 2578 s.
432 2556 467 2580 v.
491 2539 744 2595 ἅργυρόπονς
766 2544 923 2596 δίφρος.

436 2652 477 2692 οἱ
513 2656 831 2705 γραμματισταί]
881 2657 938 2693 De
978 2656 1035 2694 his

378 2709 454 2747 vid.
472 2710 582 2746 allata
603 2711 651 2746 ad
666 2713 746 2759 vn,
768 2716 855 2752 100.
887 2712 1035 2750 Eadem

379 2774 554 2803 enarrant
575 2767 768 2805 Plutarch.
783 2768 1033 2809 Themistooi.

384 2825 431 2863 13
464 2824 544 2861 init.
573 2824 708 2861 Tzetz.
740 2823 837 2864 chit.
875 2829 905 2875 1,
939 2829 1033 2868 978.

1103 755 1160 761 ——-
1196 732 1259 770 Ad
1292 731 1496 788 πατρόθεν
1530 736 1632 774 conf.
1679 737 1760 786 VII,

1160 862 1260 896 προς
1283 844 1363 885 δὲ’
1351 846 1406 886 ε’τι
1433 846 1500 886 καὶ
1524 844 1762 900 προσελάβε-

1103 919 1146 942 το
1171 904 1286 952 φίλος
1311 900 1386 942 ἔων
1418 898 1682 955 Ἀριαράμνης
1713 901 1762 944 α’-

1102 975 1180 1011 νηρ
1209 959 1365 1010 Πέρσης
1385 975 1422 998 κ
1451 976 1482 998 τ.
1504 959 1559 1011 λ.]
1596 962 1651 997 Ita
1672 974 1762 998 cum

1103 1015 1346 1066 Schweigh.,
1403 1017 1518 1054 Gaisf.
1554 1024 1590 1054 et
1628 1019 1761 1068 Negris

1103 1072 1203 1121 dedi,
1225 1074 1410 1123 genitivos
1431 1069 1575 1112 τούτου
1596 1077 1668 1112 τοῦ
1681 1070 1761 1113 πά-

1103 1135 1199 1175 θεος
1214 1130 1378 1166 reserens
1391 1130 1438 1166 ad
1449 1131 1606 1166 verbum
1618 1143 1761 1181 προσε-

1103 1185 1267 1238 λάβετο,
1300 1186 1403 1239 quod
1425 1187 1558 1223 eodem
1574 1187 1652 1223 fere
1672 1201 1760 1224 mo-

1105 1242 1177 1288 do,
1217 1256 1292 1294 quo
1323 1242 1686 1294 προσεπιλαβέσθαι
1713 1245 1759 1292 V,

1103 1299 1156 1340 44
1177 1301 1261 1336 coll.
1283 1298 1335 1341 45
1357 1307 1392 1336 et
1410 1299 1669 1351 ἐπιλαβέσθαι
1694 1301 1758 1349 VI,

1103 1356 1156 1397 49
1199 1355 1260 1393 hio
1297 1355 1466 1393 adhiberi
1496 1356 1669 1405 credam3
1707 1359 1760 1394 ita

1103 1419 1144 1449 ut
1171 1411 1265 1450 haec
1296 1414 1374 1449 fere
1405 1415 1540 1450 existat
1567 1415 1641 1450 loci
1670 1427 1759 1450 seu-

1102 1471 1244 1506 tentia:
1269 1470 1318 1506 Ac
1333 1473 1514 1520 praeterea
1532 1470 1760 1508 Ariaramnes

1103 1540 1233 1577 quoqne
1255 1527 1359 1563 huius
1384 1526 1592 1563 Phoenicum
1624 1530 1760 1576 stragis

1097 1589 1234 1634 partem
1258 1584 1393 1629 habuit,
1425 1586 1488 1633 qui
1515 1583 1763 1634 disceptationi

1101 1639 1235 1689 adsuit,
1272 1640 1416 1677 Ionibus
1431 1653 1506 1676 cum
1522 1644 1608 1678 esset
1624 1643 1760 1678 amicus

1100 1709 1280 1746 eorumque
1300 1709 1441 1732 causam
1458 1696 1538 1733 z'ncle
1560 1700 1679 1745 ageret
1699 1710 1759 1734 co-

1099 1765 1176 1789 ram
1195 1765 1275 1800 rme
1303 1755 1342 1789 ut
1362 1751 1489 1789 Persa.
1547 1754 1679 1804 Itaque
1709 1752 1758 1790 ad

1101 1809 1215 1857 φίλος
1235 1806 1310 1848 ἐων
1326 1808 1504 1861 equidem
1515 1810 1755 1860 subintelligo

1098 1881 1178 1903 των
1199 1860 1380 1903 Ἰωνωνῖ
1417 1865 1519 1917 quod
1558 1873 1687 1902 tamen
1714 1873 1757 1904 ut

1099 1923 1218 1958 t‘xtui
1240 1923 1438 1968 inseratm,
1467 1923 1626 1958 minime
1653 1921 1758 1960 vide-

1097 1985 1158 2014 tur
1198 1980 1466 2016 necessarium.
1534 1981 1613 2016 Nec
1649 1980 1755 2017 aliter

1097 2034 1270 2072 Reiskius
1324 2036 1451 2071 locum
1490 2037 1756 2087 interpretatus

1098 2099 1176 2128 est:
1199 2093 1512 2139 „Ariaramnem‚
1546 2094 1607 2140 ait,
1629 2095 1754 2130 virum

1095 2150 1268 2195 Persam,
1298 2151 1437 2185 Ionum
1468 2150 1634 2186 amicum
1664 2163 1754 2186 cum

1095 2219 1270 2255 praesens
1301 2205 1466 2251 adesset,
1499 2206 1753 2242 calamitatem

1094 2263 1198 2298 iliam
1215 2260 1451 2298 Phoenicum
1472 2260 1657 2298 adiutasse
1677 2263 1752 2298 cri-

1094 2317 1334 2363 111inando;“
1355 2319 1471 2368 inque
1492 2318 1653 2355 eandem
1666 2332 1753 2355 sen-

1093 2376 1251 2412 tentiam
1273 2375 1385 2410 etiam
1408 2374 1655 2424 accepithaec
1665 2389 1751 2411 ver-

1094 2432 1141 2468 ba
1171 2429 1391 2468 Lnrcherus.
1425 2430 1535 2475 Quod
1557 2432 1648 2468 oiim
1663 2433 1751 2468 vul-

1093 2494 1225 2537 gatum
1239 2495 1317 2523 erat
1337 2486 1613 2536 προσεβάλετο,
1630 2490 1750 2525 tenuit

1092 2542 1227 2588 Bothe,
1254 2545 1413 2580 Annott.
1443 2543 1490 2580 ad
1520 2545 1679 2581 Terent.
1708 2558 1748 2595 p.

1092 2599 1497 2647 466‚ul.›iPhoenicum
1508 2602 1674 2637 amicum
1686 2602 1749 2636 in-

1091 2658 1208 2707 telligi
1230 2658 1347 2693 voluit
1370 2658 1656 2703 Ariaranuwm,
1695 2659 1748 2693 si-

1090 2714 1172 2749 1nnl
1213 2727 1301 2749 cum
1341 2712 1398 2751 his
1432 2715 1615 2764 supplicio
1651 2713 1747 2749 affe-

1092 2777 1216 2815 ctum3
1239 2769 1403 2821 indeque
1424 2783 1490 2820 pro
1512 2766 1669 2817 παρεών
1689 2771 1747 2806 le-

1091 2828 1131 2878 gi
1150 2827 1231 2865 vult
1253 2822 1461 2880 ἀσπαίρων
1482 2833 1519 2864 et
1540 2826 1586 2864 ad
1607 2828 1746 2878 geniti-
