1996 3238
421 530 487 575 83

215 629 442 667 pugnandumn
446 636 491 656 re-

215 672 294 724 ἓέιῗῐ.
292 672 324 690 ΒΘ
325 696 352 722 Τ
342 669 492 722 Ἰιὲιῃρίἶῑο-

217 763 331 792 concio.

544 278 627 316 114

543 400 623 434 τας

941 272 1398 310 ΗΕΒΟΒΟΤΙ

661 379 916 437 ὀγδωκοντα
955 382 1028 425 καὶ
1067 381 1316 435 τριηκοσίας
1344 383 1472 435 νῆας·
1517 376 1598 421 δύο
1637 375 1721 432 γάρ
1752 377 1804 433 δὴ

544 454 662 507 νηῶν
681 449 776 492 τότε
811 449 981 492 κατέδεε
1012 449 1054 499 ἐς
1083 448 1161 493 τόν
1192 446 1395 502 ἀριθμόν.

606 522 730 561 Τοῖσι
769 516 814 560 δὲ
843 517 1018 597 Ἐλλησι
1059 533 1117 566 ως
1153 513 1281 558 πιστὰ
1321 514 1372 569 δὴ
1414 512 1466 556 τὰ
1502 510 1712 567 λεγόμενα
1749 503 1805 564 ἦν

217 597 280 625 lam
309 594 420 623 Graeci
450 595 488 621 ad
545 590 634 631 τῶν
669 586 839 642 Τηνίων
871 584 1062 640 ῥήματα,
1101 582 1469 637 παρεσκευάζοντο
1501 579 1558 631 ὥς
1587 576 1805 633 ναυμαχή-

548 666 709 705 σοντες
741 652 829 708 ἠώς
857 669 901 695 τε
932 652 1152 706 διέφαινε,
1193 650 1266 692 καὶ
1296 667 1336 692 οι
1370 649 1581 705 σύλλογον
1602 650 1689 689 τῶν
1719 645 1802 688 ἐπι·
1817 651 1862 684 20

216 731 270 757 θῑῑῡ
287 728 364 769 apud
381 729 492 756 ¹¹¹¹¹¹t2⁸
547 722 714 778 βατέων
741 720 1048 776 ποιησάμενοι,
1089 717 1358 774 προηγόρευε
1388 720 1435 760 εὐ
1463 718 1614 772 ε’χοντα
1643 714 1720 769 μὲν
1760 712 1806 755 ἐκ

547 789 722 834 πάντων
754 787 1088 843 Θεμιστοκλέης·
1127 786 1179 828 τὰ
1211 785 1255 828 δὲ
1284 785 1385 828 ε’πεα
1413 780 1484 841 ἦν,
1509 782 1650 827 πάντα
1679 779 1805 835 κρέσ-

516 866 614 902 Ξσω
644 862 757 900 τοῖσι
786 855 941 911 ἥσσοσι
970 853 1281 907 ἀντιτιθέμενα.
1313 852 1395 897 ὅσα
1425 852 1470 895 δὲ
1497 852 1542 894 ἐν
1562 849 1805 904 ἀνθρώπου

546 924 658 982 φύσι
709 924 782 968 καὶ
828 921 1061 966 καταστάσι
1119 922 1351 977 ἐγγίνεται,

547 992 716 1037 τούτων
743 990 797 1035 τοὶ
825 990 993 1044 κρέσσω
1032 989 1266 1045 αἱρέεσθαι.

493 1220 720 1258 sentientem
740 1232 852 1270 supra
873 1217 1039 1256 diximus
1059 1219 1150 1256 cte-

491 1278 586 1314 siam
607 1277 767 1314 Persice.
782 1278 819 1322 ξ.
841 1278 894 1316 26
906 1305 916 1323 ,
936 1277 1002 1312 ubi
1021 1278 1152 1325 septin-

491 1337 620 1382 gentas
641 1334 876 1370 Graecorum
894 1333 1020 1369 scribit
1039 1333 1152 1369 fuisse

493 1402 623 1429 naves.

655 1477 750 1529 cap.
770 1477 990 1516 Lxxxm.

549 1551 991 1608 παρεσκευάζοντο]3(;11.
1005 1551 1154 1595 οἷ”Ελ-

492 1615 623 1663 ληνες,
654 1612 759 1664 quod
789 1626 837 1649 ex
867 1612 1038 1650 anteced.
1056 1609 1154 1651 ’Έλ-

491 1671 582 1719 λησι
619 1667 696 1706 huc
735 1668 834 1706 trahi
877 1668 1001 1706 debet.
1049 1668 1152 1709 Add.

491 1737 600 1776 seqq.
620 1720 707 1775 η’ώς
731 1739 779 1764 τε
800 1725 885 1775 (ubi
906 1724 1009 1776 quod
1034 1726 1150 1774 vulgo

491 1782 662 1833 sequitur
683 1777 732 1831 δή
745 1810 755 1829 ,
785 1794 807 1817 a
827 1781 962 1818 Matth.
990 1788 1025 1818 et
1045 1780 1152 1818 Bek-

491 1835 586 1874 kero
609 1844 799 1874 retentum
816 1839 953 1888 abieci)
972 1837 1151 1888 διέφαινε

491 1892 578 1933 καὶ
611 1892 689 1932 vid.
729 1901 824 1932 nott.
857 1893 905 1931 ad
938 1895 1020 1941 VII,
1056 1897 1151 1934 217.

491 1951 608 1997 Alias⁷
629 1951 695 1987 ubi
712 1961 828 2000 prema
856 1951 931 1988 luce
958 1950 1050 2003 quid
1071 1950 1152 1986 fieri

491 2005 680 2044 indicatur
716 2003 782 2057 ἅμ’
808 2005 936 2062 ημέρῃ
980 2010 1152 2055 διαφαυ-

495 2074 670 2117 σκουσηε
717 2061 765 2100 de
795 2076 870 2115 quo
903 2066 982 2101 dixi
1012 2063 1060 2100 ad
1086 2064 1150 2108 ΙΙΙ,

496 2121 549 2160 86
578 2125 615 2155 et
643 2115 725 2169 α’μα
765 2118 814 2172 ἕῳ
837 2134 866 2158 3.
893 2123 943 2175 τῇ
967 2119 1016 2174 ἕῳ
1049 2119 1151 2170 apud

494 2173 635 2226 Τίιυο)
640 2174 717 2214 did.
750 2161 813 2224 IV,
850 2179 942 2217 106.
967 2177 1057 2218 125.
1087 2177 1150 2225 VI,

493 2233 560 2271 30.
617 2233 710 2268 Mox
740 2234 870 2283 scripsi
898 2233 939 2272 οἱ
958 2246 1025 2284 pro
1047 2234 1150 2283 vulg.

493 2288 545 2334 οι,
567 2294 608 2324 ut
628 2289 727 2332 VIII,
748 2289 814 2336 56,
835 2290 900 2325 ubi
919 2289 996 2327 vid.
1038 2290 1150 2327 Stru-

492 2350 642 2380 cturam
661 2345 735 2382 loci
754 2347 927 2383 tractavit
938 2345 1069 2382 Matth.
1085 2347 1150 2383 Gr.

493 2400 561 2437 Gr.
582 2401 619 2445 ξ.
638 2401 731 2448 562,
755 2403 774 2440 1
798 2414 884 2452 pag.
906 2404 1024 2442 1109.
1053 2403 1151 2438 Nam

492 2456 524 2493 si
555 2455 602 2493 ad
623 2458 820 2507 vulgarem
840 2457 1000 2494 modum
1032 2459 1149 2494 oratio

495 2514 806 2561 conformaretur,
828 2513 902 2551 dici
920 2515 1050 2565 utique
1062 2528 1150 2564 pos-

495 2576 551 2604 set
570 2565 671 2619 ηὀῦς
694 2584 734 2608 τε
762 2568 1054 2620 διαφαινούσης
1084 2569 1150 2608 καὶ

494 2621 646 2664 τούτων
677 2623 870 2678 σύλλογον
895 2629 975 2665 τῶν
1010 2626 1150 2676 ἐπιβα-

493 2678 593 2719 τέων
608 2683 899 2732 ποιησαμένων.
940 2685 996 2720 De
1029 2683 1150 2732 epiba-

496 2738 543 2772 tis
576 2737 677 2773 cons.
708 2739 788 2786 vll,
820 2742 886 2780 96.
920 2739 996 2779 184
1029 2747 1065 2775 et
1102 2739 1150 2776 ad

496 2792 616 2842 ipsam
648 2792 887 2845 Thucydidis
925 2797 1149 2844 orationem,

498 2848 573 2900 quit
607 2857 694 2886 aute
721 2864 893 2901 pugnam
927 2853 1064 2890 milites
1093 2854 1152 2890 in-

1420 917 1686 973 παραινέσας
1739 915 1806 972 δὴ,

1324 988 1398 1033 καὶ
1426 986 1692 1038 καταπλέξας
1729 983 1864 1040 τὴν25

1206 1217 1439 1265 flammavit,
1468 1216 1518 1254 cf.
1551 1213 1729 1267 Aeschyl.
1759 1215 1866 1251 Pers.

1262 1325 1510 1382 προηγόρευε
1545 1343 1587 1367 ευ
1629 1326 1765 1379 ἔχοντα
1794 1323 1866 1376 μὲν

1208 1385 1252 1425 ἐκ
1271 1384 1434 1425 πάντων
1460 1381 1797 1435 Θεμιστοκλέης]
1789 1397 1813 1419 ι.
1831 1395 1866 1419 e.

1203 1455 1293 1493 prae
1325 1443 1477 1479 omnebus
1499 1441 1687 1489 (ducibus)
1722 1439 1869 1477 Themi-

1209 1499 1333 1536 stocles
1350 1512 1416 1550 pro
1435 1501 1590 1536 concione
1609 1498 1676 1545 (in
1698 1494 1771 1533 hoc
1794 1495 1868 1532 du-

1209 1569 1300 1592 cum
1321 1556 1501 1606 concilio)
1532 1555 1636 1591 verba
1663 1552 1758 1604 fecit
1787 1553 1869 1590 bene

1209 1626 1243 1649 sc
1264 1612 1429 1649 habentia
1444 1642 1453 1660 ‚
1496 1612 1622 1661 proba.
1681 1608 1741 1646 Ad
1778 1622 1868 1646 ver-

1208 1669 1302 1705 bum
1327 1663 1617 1731 προαγορεύειν
1632 1664 1868 1714 cs.111‚142.

1208 1725 1288 1771 Vll,
1314 1726 1422 1770 10§.
1440 1724 1477 1764 4.
1499 1723 1541 1762 ἐκ
1561 1738 1736 1769 παντωι,
1763 1720 1868 1773 quod

1207 1780 1392 1818 Valckeu.
1434 1779 1558 1817 reddit
1603 1792 1645 1816 ex
1700 1779 1866 1824 omnibus,

1208 1836 1427 1887 Schweigh.
1470 1838 1509 1873 iu
1549 1837 1679 1873 Lexic.
1725 1834 1867 1871 Herod.

1208 1893 1312 1930 haud
1333 1896 1410 1931 scio
1433 1906 1480 1929 an
1510 1894 1665 1929 melius:
1700 1905 1788 1942 prae
1813 1905 1867 1928 ce-

1208 1953 1291 1987 teris
1311 1951 1469 1988 ducibus.

1264 2004 1312 2045 w?
1334 2005 1375 2045 δὲ
1397 2007 1491 2046 ἔπεα
1514 2000 1581 2056 ἦν,
1600 2000 1732 2043 πάντα
1752 2001 1867 2054 κρέσ-

1209 2075 1264 2102 σω
1280 2067 1382 2102 τοῑσι
1404 2059 1546 2113 ἥσσοσι
1568 2057 1865 2111 ἀντιτιθέμενα]

1207 2120 1232 2156 ἰ.
1255 2133 1287 2156 e.
1308 2119 1413 2157 verba
1440 2123 1555 2158 autem
1579 2121 1652 2155 eius
1682 2120 1797 2154 omnia
1828 2129 1867 2154 eo

1208 2177 1410 2226 spectabant
1428 2204 1437 2223 ,
1459 2179 1499 2212 ut
1517 2176 1698 2225 superiora
1717 2173 1866 2223 inferio-

1208 2234 1305 2269 ribus
1332 2235 1511 2282 opponeret
1538 2245 1567 2267 s.
1601 2229 1637 2266 id
1659 2243 1763 2266 unum
1785 2243 1865 2266 con-

1207 2289 1374 2333 tinebunt,
1398 2291 1437 2324 ut
1458 2295 1530 2324 etc.
1579 2287 1865 2337 Rescripsicum

1207 2344 1340 2382 matth.
1363 2339 1525 2394 ἥσσοσι,
1557 2356 1579 2380 a
1600 2341 1806 2379 Schaefero
1828 2349 1865 2379 et

1207 2400 1388 2437 Bekkero
1418 2401 1519 2437 libris
1540 2400 1864 2436 iuvitismutatum

1207 2459 1245 2493 in
1267 2456 1413 2496 ἕσσοσι.
1453 2455 1651 2502 Quiiidem
1671 2457 1754 2493 libri
1776 2469 1863 2493 om-

1207 2527 1285 2560 nes,
1300 2520 1485 2565 quantum
1505 2515 1595 2561 scio,
1618 2513 1716 2560 VIII,
1747 2514 1800 2554 75
1823 2514 1863 2549 ἰιι

1206 2571 1366 2607 lectione
1415 2568 1574 2609 ἕσσαντο
1633 2570 1861 2620 conspirant.

1207 2626 1264 2663 Cf.
1286 2633 1383 2663 nott.
1399 2625 1447 2663 ad
1467 2627 1510 2674 V,
1533 2628 1600 2667 72.

1262 2681 1502 2729 καταπλέξας
1525 2678 1599 2732 τήν
1623 2681 1760 2730 ῥῆσιν]
1783 2682 1808 2718 i.
1826 2695 1861 2719 e.

1207 2753 1282 2777 cum
1308 2739 1444 2776 dicenda·
1459 2740 1570 2788 finem
1588 2737 1742 2787 fecisset.
1801 2739 1860 2778 Cf.

1206 2798 1270 2842 lv,
1287 2796 1382 2837 205.
1401 2796 1445 2845 V,
1462 2798 1514 2836 92
1542 2795 1670 2846 ibique
1690 2801 1785 2831 nott.
1805 2817 1861 2823 —

1208 2851 1269 2891 Ad
1289 2864 1399 2891 voces
1425 2849 1523 2891 κατοέ
1549 2852 1644 2900 τούς
1662 2851 1861 2900 Αἰακίδας
