1879 3222
31 909 97 956 46

490 196 948 234 CALLIOPE.

1007 199 1084 235 IX.
1335 199 1418 238 277

140 306 270 360 6‚,''Hv
301 306 346 350 δὲ
373 303 479 359 ὑμῖν
518 301 542 346 ὁ
572 301 758 358 πόλεμος
786 302 859 347 ὅδε
899 307 1007 349 κατὰ
1037 308 1144 350 νόον
1174 306 1416 365 τελευτήσῃ,

165 372 440 430 ,,μνησθῆναί
469 387 566 413 τινα
606 371 688 426 χρὴ
732 370 806 412 καὶ
835 370 936 424 ἐμεῦ
966 373 1278 429 ἐλευθερώσιος
1305 376 1418 431 πέρι,

166 441 243 494 „5¹5-
268 437 486 493 Ἑλλήνων
516 440 657 481 εἵνεκα
688 437 803 481 οὕτω
845 438 975 493 ἔργον
1011 442 1265 497 παράβολον
1300 443 1475 498 ἔργα-15

162 521 293 563 ,,σμαι
319 504 408 550 ’ὑπὸ
449 508 721 561 προθυμίης,
760 505 926 549 ἐθέλων
966 505 1071 562 ὑμῖν
1107 511 1301 563 δηλῶσαι
1339 511 1419 567 τήν

161 574 389 630 ,,διάνοιαν
425 573 505 630 τὴν
534 576 816 629 Μαρδονίου,
852 574 924 616 ἵνα
954 574 1012 630 μή
1042 574 1274 620 ἐπιπέσωσι
1313 579 1420 633 ὑμῖν

130 645 235 697 7,,οῑ
263 642 479 698 βάρβαροι
507 641 565 697 μὴ
591 641 980 697 προσδεκομένοισί
1011 659 1083 686 κω.
1117 644 1201 698 εἰμὶ
1231 646 1276 688 δὲ
1303 643 1416 689 Ἀλέ-

156 713 367 766 ,,ξανὸ“ρος
396 710 420 754 ὁ
452 710 713 754 Μακεδών.“
770 711 816 753 Ὁ
846 710 936 765 μὲν,
967 714 1103 754 ταῦτα
1125 713 1270 763 εἴπας,
1301 710 1414 768 άπή-
1427 720 1472 754 20

154 783 289 822 λαυνε
339 776 478 822 ὀπίσω
523 778 565 829 ἐς
606 777 657 822 τό
696 776 993 834 στρατόπεδον
1032 779 1105 823 καὶ
1135 778 1217 836 τήν
1248 778 1416 824 ἑωυτοῦ

154 845 286 899 τάξιν.

265 916 319 957 Οἱ
347 913 393 959 δὲ
431 914 662 970 στρατηγοὶ
699 916 788 956 τῶν
816 911 1076 969 Ἀθηναίων,
1116 914 1318 967 ἐλθόντες
1346 916 1417 959 ἐπὶ

155 983 203 1026 τὸ
235 982 378 1034 δεξιὸν
407 982 536 1037 κέρας
554 1015 563 1033 ,
595 982 741 1036 ἔλεγον
762 983 997 1037 Παυσανίῃ
1026 981 1078 1025 τά
1110 998 1190 1038 περ
1217 984 1417 1040 ἤκουσαν

147 1050 444 1104 Ἀλεξάνδρου.

505 1048 527 1092 ὁ
565 1049 632 1101 δὲ,
662 1049 804 1105 τούτῳ
834 1052 898 1105 τῷ
928 1049 1042 1108 λόγῳ
1072 1051 1416 1108 καταρρωδήσας

120 1121 252 1170 Ξτούς
282 1118 475 1171 Πέρσας,
518 1117 630 1173 ἔλεγε
666 1115 788 1160 τάδε·
840 1116 979 1169 ,,Ἐπεὶ
1014 1119 1168 1161 τοίνυν
1200 1119 1243 1170 ἐς
1281 1120 1347 1177 ηἐὄ
1385 1120 1470 1177 ἡ25

152 1184 373 1242 ,,συμβολὴ
403 1187 585 1241 γίνεται,
614 1184 748 1241 ὑμέας
777 1185 856 1239 μὲν
886 1185 1012 1240 χρεόν
1042 1186 1130 1230 ἐστι
1159 1186 1261 1238 τοὺς
1286 1185 1413 1243 Ἀθη-

152 1256 329 1308 ,,ναίους
359 1257 513 1310 στῆναι
558 1253 668 1298 κατὰ
697 1253 803 1304 τούς
834 1253 1027 1308 Πέρσας,
1057 1253 1191 1310 ἡμέας
1221 1254 1267 1298 δὲ
1301 1254 1411 1298 κατὰ

148 1321 280 1375 ,,τοὺς
309 1320 537 1372 Βοιωτούς
576 1338 620 1366 τε
658 1323 731 1364 καὶ
765 1320 869 1371 τούς
898 1321 987 1364 κατῚ
1036 1321 1174 1377 ὑμέας
1209 1322 1410 1377 τεταγμέ-

118 1397 282 1441 3,,νους
326 1387 560 1444 Ἑλλήνων,
611 1393 750 1434 τῶνδε
795 1391 947 1433 εἵνεκα.

1016 1387 1139 1445 ὑμεῖς
1177 1389 1411 1433 ἐπίστασθε

148 1457 278 1510 ,,τούς
309 1456 496 1513 Μήδους
518 1457 592 1500 καὶ
621 1456 700 1513 τὴν
716 1456 859 1513 μάχην
889 1457 1057 1509 αὐτῶν,
1088 1458 1135 1500 έν
1158 1460 1467 1513 Μαραθῶνι3ο

143 1526 486 1582 ,,μαχεσα’μενοι·
516 1523 640 1582 ἡμεῖς
669 1524 715 1569 δὲ
745 1524 918 1580 ἄπειροί
947 1524 990 1569 τέ
1020 1526 1137 1581 εἰμεν
1162 1525 1236 1569 καὶ
1258 1523 1410 1576 ἀδαέες

77 1707 228 1759 Ῑαοίηψ
249 1713 353 1746 atrox
377 1717 491 1762 atque
512 1712 747 1748 temerarium.

85 1767 144 1802 De
172 1779 265 1802 voce
285 1763 514 1819 παράβολος
533 1768 635 1805 conf.
647 1781 747 1820 quae

88 1823 195 1859 attuli
231 1821 277 1859 ad
306 1823 500 1861 Plutarch.
543 1825 746 1861 Artaxerx.

87 1880 103 1914 Ι
123 1879 162 1914 in
183 1879 360 1916 Creuzeri
377 1882 519 1919 Melett.
539 1883 593 1918 ΙΙΙ
613 1895 651 1933 p.
671 1884 711 1922 6.

284 1969 376 2020 Cap.
403 1971 540 2008 XLVI.

142 2045 181 2094 ἐς
199 2042 284 2100 ἠ’ὦ]
316 2047 452 2085 Mauh.
492 2050 560 2085 Gr.
598 2050 665 2086 Gr.
705 2050 744 2094 §-

85 2104 165 2145 578
194 2106 241 2141 Ε.
269 2117 356 2155 pag.
380 2103 485 2145 1146
516 2107 746 2155 interpreta-

86 2167 168 2197 tur:
201 2161 259 2198 cles
287 2161 479 2209 MorgenS‚
511 2164 575 2198 mit
610 2161 746 2210 Tages-

83 2218 248 2254 anbruclz.
297 2216 359 2254 Ad
380 2225 650 2267 argumentum
670 2217 746 2255 hu-

83 2275 140 2311 ius
161 2287 220 2324 cp.
238 2282 274 2311 et
294 2288 400 2326 seqq.
427 2275 529 2311 conf.
550 2274 745 2312 Plutarch.

84 2329 237 2368 Aristid.
254 2333 303 2371 16
324 2332 411 2372 coll.
429 2332 466 2367 II
485 2345 572 2383 pag.
584 2335 744 2373 872.—

84 2388 171 2424 Vim
183 2388 466 2438 praepositionis
478 2385 577 2427 κατὰ
596 2390 636 2425 iu
651 2401 745 2439 pro—

83 2445 189 2480 xime
209 2457 312 2496 seqq.
341 2446 449 2494 attigi
469 2444 516 2481 ad
537 2446 645 2493 VIII,
676 2445 744 2486 85.

84 2502 160 2538 Pro
182 2501 343 2549 εἵνεκεν,
369 2501 473 2553 quod
493 2515 581 2538 cum
602 2500 744 2540 Sohae-

86 2558 166 2595 fero
205 2565 359 2595 tuentur
387 2556 524 2595 Matth.
563 2565 601 2595 et
634 2557 743 2595 Bek-

87 2611 189 2662 ker.,
219 2613 398 2666 equidem
440 2628 529 2652 cum
557 2613 742 2666 Schwgh.

90 2676 127 2706 et
155 2672 272 2709 Gaisf.
315 2685 336 2708 e
372 2672 592 2709 Florentino
628 2679 742 2723 atque

90 2726 277 2765 Sancrofti
332 2729 427 2767 libro
484 2727 743 2768 revocandum

93 2781 183 2820 duxi
207 2784 365 2825 εἵνεκα..

841 1706 976 1764 -ήμεῖς
1012 1705 1055 1748 δὲ
1093 1706 1252 1762 ἄπειροι
1283 1724 1318 1750 κ.
1343 1724 1375 1750 τ.
1408 1709 1465 1758 λ.]

803 1767 926 1815 „Mira
946 1766 1158 1804 Pausaniae
1177 1779 1287 1804 mora
1321 1773 1358 1804 et
1387 1772 1465 1803 ter-

801 1824 1016 1874 giversatio.
1075 1822 1137 1859 Ad
1183 1822 1465 1873 Thermopylas

801 1881 1080 1930 Spartanorum
1102 1881 1228 1931 plures
1255 1893 1334 1916 non
1355 1880 1467 1916 inulti

803 1937 1083 1973 occubuerant:
1142 1937 1284 1986 patriae
1334 1935 1463 1984 decus,

802 1992 907 2045 quod
951 1993 1073 2029 Xerxi
1114 1994 1338 2030 Demaratus
1378 1993 1460 2041 Vll,

804 2052 884 2089 102
927 2048 1162 2095 ostenderat,
1205 2050 1311 2085 nullo
1342 2048 1462 2086 modo

801 2104 1083 2142 dedecorantes.
1132 2104 1316 2153 Adeone,
1356 2105 1462 2156 quod

802 2174 936 2198 eorum
975 2163 1161 2198 evaserint
1198 2162 1315 2209 nulli,
1356 2161 1461 2198 Medi

801 2215 1013 2255 terribiles?
1042 2216 1154 2254 Haud
1186 2224 1335 2269 praeter
1359 2219 1461 2255 veri-

799 2281 919 2311 tatem
936 2276 1117 2312 Isocrates
1145 2273 1358 2311 Panathen.
1380 2275 1461 2325 [cp.

800 2334 854 2372 76
895 2332 934 2377 ξ.
966 2332 1064 2380 189]
1105 2343 1191 2381 pag.
1222 2333 1304 2371 272
1329 2332 1377 2369 Ε.
1412 2330 1461 2387 d‘}

800 2388 900 2424 bello
931 2386 1108 2425 adversus
1129 2389 1320 2434 Xerxem,
1358 2386 1400 2427 ἐν
1427 2388 1457 2441 ᾧ

800 2443 922 2485 πλέον
958 2441 1172 2496 διήνεγκαν
1209 2442 1462 2481 Athenienses

799 2501 1133 2552 Λακεδαιμονίων
1166 2499 1208 2539 ἐν
1233 2496 1356 2539 ἅπασι
1376 2504 1460 2546 τοῖς

800 2556 1029 2605 κινδύνοις,
1071 2553 1100 2607 ἢ
1126 2560 1250 2596 κεῖνοι
1278 2558 1358 2595 τῶν
1393 2553 1459 2595 ἅλ-

799 2617 892 2653 λων.
950 2615 1092 2664 Magna
1125 2619 1224 2651 certe
1243 2611 1458 2650 Athenien-

798 2671 897 2708 sium
934 2671 1053 2720 gloria
1075 2700 1085 2719 ‚
1134 2682 1222 2709 cum
1255 2668 1458 2707 Medorum

800 2739 943 2764 nomen
965 2727 1117 2764 Graecis
1153 2727 1328 2764 omnibus
1348 2725 1458 2764 audi-

802 2791 841 2822 tu
862 2790 957 2822 esset
984 2782 1291 2834 formidolosum,
1325 2796 1458 2822 eorum
