1879 3222
462 191 920 232 CALLIOPE.

130 318 266 355 κειτο,
303 300 386 346 οὐκ
410 300 459 345 ἐν
486 299 577 358 νόῳ
605 299 795 356 ἔχοντες·
838 302 882 343 οἱ
911 301 978 354 δὲ,
1016 299 1076 352 ὦς
1103 298 1384 355 ἐκινήθησαν,
1441 302 1522 342 717

980 193 1060 230 IX.
1303 190 1387 232 287

132 371 319 425 ἔφευγον
353 369 534 424 ἅσμενοι
572 369 651 424 τὴν
691 369 829 411 ἵππον
868 368 980 421 πρὸς
1015 368 1096 424 τήν
1135 367 1446 411 IIIa-ratim&

131 437 279 481 πόλιν·

338 435 574 492 φεύγοντες
603 435 674 487 δὲ,
713 434 991 478 ἀπικνέονται
1019 436 1087 479 ἐπὶ
1114 434 1164 478 τό
1190 434 1388 489 Ἡραῖον.

104 505 182 549 3τὸ
213 505 259 548 δὲ
285 503 370 558 πρὸ
407 507 482 559 τῆς
517 501 668 554 πόλιός
697 502 786 546 ἐστι
819 505 894 558 τῆς
925 503 1202 554 Πλαταιέων,
1252 504 1390 546 εἴκοσι

133 572 335 620 σταδίους
372 569 457 614 ἀπὸ
498 574 574 627 τῆς
610 570 775 629 κρήνης
804 573 878 625 τῆς
920 571 1176 626 Γαργαφίης
1215 568 1390 625 ἀπέχον.

132 637 393 694 ἀπικόμενοι
443 638 516 688 δὲ,
566 640 717 683 ἔθεντο
763 636 847 693 πρὸ
900 640 983 681 τοῦ
1035 639 1137 692 ἱροῦ
1178 637 1232 680 τοὶ
1262 637 1390 681 ὅπλα.

126 754 193 796 ἐπὶ
229 752 273 796 τὸ
310 753 499 807 Ἡραῖον]
549 757 607 792 De
635 756 734 803 loco,

73 825 150 865 quo
195 814 351 850 Iunonis
381 812 582 862 templum,
626 813 732 849 cuius

73 870 188 906 etiam
228 871 267 906 in
303 881 410 921 seqq.
456 869 653 920 aliquoties
693 869 735 906 fit

72 928 218 963 mentio
254 933 291 962 et
311 925 413 977 apud
432 924 625 962 Plutarch.
646 926 734 962 Ari-

72 982 158 1019 stid.
178 984 227 1022 18
246 983 349 1030 inin,
384 989 618 1018 exstructum
642 989 733 1029 erat,

72 1052 152 1076 non
185 1051 336 1089 prorsus
376 1038 518 1089 liquet:
561 1040 734 1091 quamvis

72 1103 162 1132 ante
223 1096 343 1146 ipsam
403 1094 562 1142 urbem,
629 1096 654 1132 i.
701 1108 736 1132 e.

73 1152 120 1188 ab
149 1151 293 1188 oriente
322 1151 445 1197 urbis,
478 1152 593 1188 situm
621 1151 735 1189 fuisse

74 1207 240 1245 declaret
294 1207 521 1244 Herodotus.
607 1209 735 1260 Atque

73 1266 125 1301 ita
146 1277 299 1316 quoque
312 1263 406 1302 illud
422 1263 601 1302 indicavit
613 1267 732 1302 Kruse

72 1322 113 1358 in
152 1321 304 1370 tabula,
355 1321 528 1371 Anglum
577 1321 734 1359 doctum

72 1376 272 1429 Stanhope
319 1385 494 1426 secutu53
534 1392 734 1429 perperam

75 1435 179 1471 enim
196 1435 294 1473 Gail.
316 1433 411 1471 illud
430 1435 500 1471 sub
527 1436 649 1485 ipsam
667 1448 736 1471 ur-

74 1491 164 1527 bem
182 1489 230 1527 ad
248 1491 546 1542 septentrionem
568 1492 735 1529 colloca-

74 1554 158 1596 rat,
189 1555 422 1585 exstructum
445 1548 557 1585 fuisse
575 1550 735 1600 opinans

75 1605 133 1651 (ut
161 1605 241 1654 ipsa
269 1603 427 1641 afferam
448 1605 564 1641 verba
588 1606 649 1642 in:
679 1606 734 1642 Le

73 1658 258 1711 philolog.
318 1662 351 1698 V
389 1673 479 1712 pag.
515 1664 598 1702 282
636 1662 733 1714 seq.)

75 1729 167 1764 „sur
205 1717 240 1753 le
277 1723 390 1754 tertre
429 1718 588 1768 contige
628 1717 651 1753 Ξι
697 1719 734 1755 la

73 1773 202 1824 plaine
232 1779 337 1810 entre
367 1775 421 1811 les
450 1772 554 1811 deux
596 1775 736 1811 ruisse-

76 1829 195 1866 aux.“
253 1829 298 1867 C.
330 1831 375 1871 Ο.
406 1831 558 1868 Miiller.
588 1829 738 1868 Orcho—-

75 1897 181 1926 men.
207 1898 296 1937 pag.
317 1886 411 1928 488.
432 1889 625 1924 Heraeum
646 1901 740 1938 pro-

76 1954 126 1992 pe
152 1942 324 1979 Plataeas
354 1942 589 1981 Cithaeronis
610 1945 739 1982 fauces

77 2010 207 2035 versus
246 1999 361 2035 situm
413 2000 527 2037 fuisse
577 2001 739 2038 arbitra-

78 2060 153 2091 tur.
237 2053 350 2092 Unde
412 2056 564 2093 coniicit
618 2059 740 2095 Kruse

76 2111 179 2148 Hell.
197 2111 252 2158 11,
277 2115 296 2151 1
319 2123 406 2162 pag.
426 2112 528 2159 595,
546 2114 740 2150 Heraeum

77 2167 128 2204 ad
153 2165 327 2204 dextram
346 2169 449 2205 urbis
467 2176 615 2219 partem
635 2177 742 2208 extra

76 2225 277 2261 moenium
309 2224 496 2262 ambitum
523 2226 577 2262 ibi
620 2240 740 2278 qnae-

77 2279 243 2318 rendum
266 2294 366 2328 esse,
395 2282 461 2318 ubi
482 2295 587 2319 nunc
605 2285 739 2321 ruinae

80 2336 269 2389 quaedam
304 2338 483 2376 ecclesiae
510 2348 657 2377 exstare
677 2339 739 2378 di-

79 2400 219 2431 cuntur
237 2407 316 2432 non
331 2395 445 2446 longe
461 2408 483 2432 a
500 2398 584 2434 vico
596 2396 736 2442 Koklo,

78 2463 198 2503 quem
217 2451 255 2488 in
267 2453 400 2488 veteris
413 2453 589 2490 Plataeae
608 2455 738 2492 locum

80 2509 231 2545 cessisse
264 2515 432 2548 narrant.
479 2509 592 2548 Conf.
619 2511 739 2549 Stan-

80 2561 183 2615 hope
215 2565 243 2602 l.
271 2565 296 2603 1.
323 2577 413 2616 pag.
445 2568 512 2608 60.
544 2567 645 2605 Gail.
682 2570 738 2605 Le

80 2617 264 2672 philolog.
283 2622 316 2659 Υ
335 2635 424 2673 pag.
435 2624 513 2663 281
536 2636 615 2675 seq.
631 2624 739 2662 Dod-

81 2677 181 2714 well.
198 2678 303 2716 nulla
333 2678 446 2717 huius
471 2681 605 2732 templi
622 2683 739 2719 vesti-

81 2731 145 2782 gin
177 2741 280 2772 certa
297 2748 337 2772 se
366 2736 554 2774 invenisse
587 2738 735 2787 scribit3

82 2788 154 2826 uisi
174 2789 271 2829 forte
296 2791 469 2844 lapidum
495 2794 620 2832 acen-i
648 2797 736 2848 qui-

791 753 879 791 dam
898 751 973 790 huc
995 753 1124 790 referri
1147 753 1305 804 possint.
1362 751 1450 791 vid.

789 813 808 848 1
836 823 918 861 cap.
944 811 1014 849 lx,
1048 824 1069 847 e
1101 824 1199 848 vers.
1225 808 1387 850 Sickler.
1419 811 1449 857 1,

790 870 817 908 2
834 880 922 918 pag.
945 868 1013 908 74.

848 923 986 963 ἔθεντο
1005 945 1063 950 —
1091 918 1139 962 τεῖ
1159 918 1282 974 ὅπλα]
1313 923 1371 958 De
1389 922 1451 958 lo-

791 982 945 1017 cutione
969 980 1049 1017 dixi
1070 979 1118 1016 ad
1137 980 1167 1027 1,
1188 981 1242 1020 62
1267 986 1305 1016 et
1324 979 1368 1025 V,
1384 977 1451 1019 74.

790 1038 917 1075 Minus
946 1044 1133 1086 accurate,
1153 1037 1304 1087 opinor,
1325 1036 1449 1073 Wes-

790 1095 923 1144 seling.
966 1093 1111 1130 reddit:
1149 1096 1298 1140 „castra
1327 1093 1453 1130 metati

783 1150 933 1200 fuerunt
948 1152 1038 1197 sive,
1055 1157 1097 1187 ut
1111 1151 1294 1201 sequitur,
1315 1148 1450 1200 ἐστρα-

790 1203 1092 1247 τοπεὸεύοντο.“
1149 1205 1229 1244 Sed
1263 1207 1379 1243 verbo
1414 1204 1450 1244 ε’-

791 1262 1148 1313 στρατοπεδεύοιντο
1172 1261 1275 1300 aliud
1292 1262 1452 1300 indicari

792 1328 905 1372 atque
951 1321 1176 1370 praegressis
1218 1319 1359 1359 ἔθεντο
1400 1315 1448 1357 τοὶ

793 1374 917 1424 (irrite,
955 1379 1020 1413 vix
1041 1388 1287 1441 *quemquam
1318 1376 1453 1425 fugiet.

793 1435 855 1470 Pri
861 1446 967 1470 mum
990 1435 1091 1469 enim
1117 1434 1183 1469 ubi
1214 1431 1451 1478 advenerint,

789 1492 826 1528 in
841 1493 948 1527 aciem
968 1490 1194 1528 comederunt
1215 1490 1294 1526 sive
1320 1490 1455 1526 armti

789 1550 1033 1584 constiterunt:
1064 1560 1139 1599 quo
1161 1547 1280 1594 facto,
1303 1545 1352 1583 ad
1372 1547 1454 1582 He-

789 1617 922 1640 raeum
942 1611 1062 1640 castra
1087 1610 1308 1655 posuerunt.
1351 1603 1452 1638 Hinc

788 1661 887 1696 infra
905 1661 973 1706 IX,
991 1663 1065 1700 72:
1093 1655 1313 1709 κατήμενος
1334 1657 1376 1698 ἔν
1403 1659 1454 1711 τῇ

787 1712 889 1765 τάξι,
941 1717 1006 1753 ubi
1028 1716 1129 1753 conf.
1151 1723 1245 1753 nott.
1278 1717 1337 1752 De
1371 1715 1454 1766 ipsa

791 1773 984 1810 locutione
1004 1771 1044 1811 b.
1064 1774 1090 1814 l.
1112 1775 1280 1810 excitant
1294 1773 1454 1823 Dionys.

793 1831 916 1867 Halic.
936 1830 990 1866 III
1030 1843 1119 1882 pag.
1156 1831 1248 1870 193.
1294 1827 1453 1866 Diodor.

795 1887 914 1926 Sicnl.
938 1888 1033 1933 XII,
1055 1890 1107 1928 66
1131 1893 1166 1922 et
1186 1887 1282 1933 XX,
1300 1887 1369 1925 31.
1387 1886 1457 1921 Vi-

795 1956 875 1994 ger.
894 1942 942 1980 ad
956 1945 1097 1981 Euseb.
1110 1944 1288 1994 Praepar.
1305 1943 1456 1992 Evang-

794 2002 909 2047 XIII,
950 2002 1016 2042 68.
1073 1999 1356 2050 Xenophontea
1386 1997 1457 2035 da-

793 2057 849 2094 bit
889 2057 1077 2096 Lexicon.
1126 2055 1457 2107 Xenophonteum

796 2114 849 2150 T.
896 2114 950 2149 111
983 2125 1071 2178 pag.
1100 2114 1182 2154 299
1208 2125 1289 2164 seq.
1349 2113 1457 2157 Quae

797 2182 886 2206 cum
923 2170 1154 2234 scripsissem
1176 2196 1189 2217 ‚
1246 2166 1365 2205 incidi
1412 2169 1453 2205 in

795 2227 888 2263 Am.
922 2227 1004 2278 Pe)
1007 2227 1092 2262 roni
1136 2224 1453 2276 disputationem.

795 2285 880 2332 „De
911 2281 1099 2320 comando
1130 2284 1294 2320 militare
1324 2279 1456 2322 θέσθε

794 2338 842 2379 τοὶ
864 2336 966 2381 ὅπλα
985 2340 1158 2377 lezione“
1188 2341 1247 2377 in:
1268 2339 1455 2376 Memorie

795 2396 835 2435 di
844 2396 1053 2434 Academia
1070 2397 1171 2434 reale
1184 2395 1281 2434 delle
1292 2397 1454 2434 Scienze

796 2452 844 2492 de
864 2455 1014 2492 Turino
1036 2455 1151 2493 Tom.
1181 2455 1329 2491 xxvu
1363 2465 1453 2504 pag.

798 2513 877 2552 193
902 2524 1010 2563 seqq.
1059 2511 1132 2548 Ubi
1155 2523 1243 2561 pag.
1269 2512 1353 2552 200
1379 2522 1456 2547 no-

793 2575 916 2605 strum
950 2580 1105 2620 quoque
1137 2567 1266 2604 locum
1304 2573 1452 2614 tractu,

795 2638 884 2661 eum
902 2626 955 2661 sic
965 2626 1059 2662 Italo
1074 2636 1251 2661 sermone
1263 2622 1450 2661 reddens:

793 2683 952 2730 giuntivi
972 2681 1231 2730 svffermaronsi
1255 2681 1340 2719 colle
1360 2681 1455 2718 ami

792 2751 815 2775 α
847 2742 943 2776 terra
973 2741 1131 2788 rimpesso
1160 2738 1201 2774 al
1233 2740 1358 2788 ‘capio
1383 2738 1454 2774 be·

791 2807 918 2847 neque
964 2801 1098 2832 mouet
1139 2792 1452 2847 distinguendum
