1879 3222
475 194 936 232 CALLIOPE.

142 302 253 348 εἶναι
281 304 472 348 Ἀσωποῦ
504 302 548 345 οἱ
574 300 807 357 ἐπιχώριοι.

1000 196 1016 230 1
1025 195 1076 232 X.
1316 194 1400 234 285

859 300 926 353 Ἐς
953 306 1111 348 τοῦτον
1141 303 1193 360 δή
1223 303 1301 347 τόν
1319 305 1401 359 χῶ-

143 389 225 427 ρον
255 369 566 429 ἐβουλεύσαντο
596 373 935 425 μεταναστῆναι,
970 373 1042 415 ἵνα
1080 372 1154 415 καὶ
1191 372 1319 415 ὕδατι
1357 370 1398 414 ἕ-

142 451 248 496 χωσι
275 442 463 495 χρᾶσθαι
493 436 704 494 ἀφθόνῳ,
736 437 810 480 καὶ
839 438 882 480 οἱ
910 439 1054 490 ἱππέες
1084 440 1220 494 σφέας
1249 438 1307 495 μή
1338 449 1399 482 σι-

116 510 318 559 4νοίατο,
349 505 492 560 ὥσπερ
522 505 621 549 κατ’
661 504 739 549 ἰθὺ
768 503 941 548 ἐόντων.

1000 508 1327 562 μετακινέεσθαί
1354 522 1398 550 τε
1413 513 1455 547 15

144 573 285 619 ἐδόκεε
313 572 407 618 τότε
437 574 566 618 ἐπεὰν
580 577 654 630 τῆς
678 573 837 626 νυκτός
864 568 893 632 ᾖ
924 575 1101 630 δευτέρη
1123 574 1308 630 φυλακή,
1340 574 1399 626 ὣς

82 767 231 799 secutus
251 759 448 811 Stanhope
480 760 520 797 in
540 761 635 798 libro
655 761 742 798 lau-

82 817 170 855 dato
190 831 276 869 pag.
298 820 365 858 71.
387 820 440 856 72
472 819 640 869 aliosque
671 817 742 854 do-

81 882 159 911 ctos
174 876 319 925 Anglos
333 904 342 921 ‚
363 876 531 926 itemque
550 876 742 911 Letronne

81 932 103 966 l.
139 944 251 982 supra
283 932 307 967 l.
329 945 367 982 p.
395 933 479 971 722
501 945 606 983 seqq.
629 939 741 982 atque

82 989 178 1028 Gaii.
202 984 276 1040 (Le
289 986 420 1038 philol.
442 988 493 1023 IV
512 1001 548 1038 p.
572 990 741 1039 360seq.

81 1044 161 1094 Vp.
173 1047 254 1085 288
266 1042 465 1096 seq.)Add.
483 1044 525 1080 C.
540 1045 742 1081 amane-r.

84 1100 312 1138 Orchomen.
347 1113 433 1151 pag.
457 1100 552 1140 488.
600 1101 742 1152 Sequi-

84 1164 144 1194 tur
169 1166 296 1194 autem
319 1158 456 1194 Oeroes
490 1157 590 1194 rivus
626 1158 740 1193 aliam

82 1227 233 1264 prorsus
253 1222 365 1266 atque
382 1216 540 1264 Asopus‚
563 1213 740 1251 directio-

83 1283 172 1306 nem
208 1273 397 1322 marisque
426 1271 465 1306 iu
495 1272 640 1319 sinum,
676 1272 741 1322 qui

83 1334 137 1364 est
158 1340 277 1378 prope
296 1326 540 1376 Livadostm,
569 1335 611 1364 ut
638 1341 741 1364 nuuc

82 1385 294 1434 appellant,
334 1385 464 1421 effluit.
523 1384 633 1434 Asopi
672 1397 742 1420 au-

82 1446 162 1476 tem
181 1441 265 1478 fons
292 1453 370 1477 non
398 1442 438 1476 iu
471 1441 566 1491 iugis
589 1439 743 1476 Cithae-

83 1498 184 1534 ronis
221 1499 350 1549 quaeri
373 1496 504 1545 debet,
535 1496 638 1533 unde
668 1498 743 1534 sci-

82 1553 170 1590 licet
188 1554 250 1590 ille
271 1553 467 1590 delabatur
485 1555 524 1589 in
545 1554 743 1605 planitiem

82 1617 124 1646 ut
145 1609 302 1661 quidam
339 1611 431 1647 olim
462 1610 556 1647 falso
577 1610 743 1647 tradide-

82 1674 197 1714 runt,
233 1666 299 1704 sed
321 1667 361 1703 in
396 1668 476 1717 ipsa
498 1668 652 1717 planitie
672 1668 741 1703 sub

81 1730 278 1772 montem,
313 1722 416 1759 unde
449 1721 552 1759 haud
579 1724 629 1760 ita
650 1736 743 1773 pro-

83 1780 145 1816 cul
164 1781 291 1817 sacelli
320 1779 518 1816 cuiusdam
536 1781 743 1816 inveniun-

84 1842 144 1872 tur
182 1837 376 1888 reliquiae.
441 1838 504 1873 Ex
541 1850 618 1888 quo
657 1838 741 1874 loco

83 1893 184 1929 rivus
203 1894 498 1943 septentrionem
518 1900 632 1945 atque
651 1907 745 1930 mox

86 1950 200 1984 etiam
216 1951 401 1985 orientem
421 1963 548 1986 versus
566 1963 743 2000 progres-

85 2018 146 2041 sus
169 2004 447 2041 Thebanorum
478 2019 586 2056 agros
609 2008 700 2042 olim
722 2019 743 2042 a

85 2062 298 2097 Plataeensi
348 2061 489 2098 ditione
524 2063 741 2112 separabatr,

86 2116 225 2155 deinde
246 2119 285 2154 in
306 2119 440 2169 Euripi
467 2119 593 2154 sinum
627 2132 743 2170 aquas

85 2175 214 2211 volvit.
235 2175 422 2211 Accurate
456 2174 584 2211 docuit
606 2174 743 2212 Clarke

85 2232 244 2268 Travels
255 2232 302 2279 Π,
325 2235 347 2271 3
360 2245 397 2282 p.
412 2233 464 2271 78
474 2245 566 2283 seq„
582 2231 628 2268 de
639 2234 744 2283 prio-

85 2301 173 2324 rum
195 2287 394 2324 doctorum
417 2289 588 2325 virorum
619 2303 745 2325 errore

86 2357 266 2391 monens,
290 2358 409 2396 quum
425 2346 503 2394 ipse
519 2347 634 2396 Asopi
657 2346 747 2382 fon-

87 2408 166 2438 tem
194 2402 371 2438 inviseret
411 2403 557 2454 rivique
592 2416 745 2440 cursum

87 2465 387 2510 persequeretur.

144 2513 344 2566 θυγατέρα
378 2512 421 2553 δὲ
449 2511 601 2565 ταύτην
624 2536 678 2545 --
710 2516 751 2555 οἵ

90 2569 304 2622 ἐπιχώριοι]
323 2572 502 2609 Observat
518 2573 748 2622 VVesseling,

91 2627 130 2663 in
151 2628 354 2665 duodecim
365 2630 483 2679 Asopi
503 2628 648 2665 filiabus
663 2631 745 2666 nul-

92 2683 167 2720 lam
187 2687 340 2735 reperiri
358 2686 494 2723 Oeroes
507 2687 745 2723 mentionem

94 2740 194 2790 apud
221 2741 375 2782 Diodor.
416 2743 467 2779 IV
482 2771 492 2787 ‚
532 2745 586 2783 72
619 2756 745 2794 neque

95 2796 194 2846 apud
214 2799 489 2850 Apollodorum
518 2801 571 2835 ΠΙ
587 2828 597 2848 ,
632 2802 677 2839 11
702 2802 739 2845 ξ.

798 759 839 802 5.
860 783 912 789 —-
944 762 988 797 In
1010 773 1137 813 seqq,
1172 759 1238 796 ubi
1271 765 1355 810 post
1387 758 1455 797 ἵνα

797 819 966 870 sequitur
996 818 1259 855 coniunctivus
1289 814 1455 866 (ἔχωσι),

800 888 915 926 quem
950 888 1042 911 mox
1083 875 1222 924 excipit
1269 873 1457 923 optativus

800 931 1023 981 (σινοίατο),
1044 938 1087 968 tu
1106 930 1192 968 vide
1209 929 1256 967 de
1276 928 1348 966 hac
1369 941 1457 965 mo-

798 987 934 1025 dorum
971 989 1178 1025 variatione
1219 985 1353 1024 Matth.
1389 987 1456 1022 Gr.

797 1046 864 1086 Gr.
887 1046 923 1090 ξ.
954 1044 1056 1093 518,
1088 1048 1107 1085 1
1124 1073 1134 1092 ,
1155 1044 1182 1084 4
1203 1057 1290 1094 pag·
1312 1041 1393 1084 994
1422 1048 1459 1079 et

798 1103 845 1138 G.
881 1104 1089 1139 Hermann.
1124 1100 1171 1137 ad
1205 1102 1334 1150 Viger,
1366 1112 1457 1150 pag.

797 1157 890 1199 851.
920 1159 995 1195 Pro
1017 1154 1164 1197 κατιθῦ
1179 1157 1309 1207 scripsi
1329 1151 1411 1195 κατ’
1429 1156 1458 1194 ι’-

796 1212 873 1259 θύ,
917 1215 1021 1267 quod
1064 1216 1179 1252 etiam
1214 1214 1456 1250 Florentinus

796 1272 891 1308 liber
937 1272 1130 1310 offerebat.
1197 1271 1338 1308 Sensus
1378 1277 1456 1306 est:

798 1330 907 1364 sicuti
927 1330 1018 1373 (scil.
1030 1329 1132 1374 laesi,
1143 1328 1303 1364 lacessiti
1321 1327 1455 1375 erant),

799 1385 880 1421 dum
895 1387 1026 1435 equites
1042 1387 1127 1436 ipsis
1154 1397 1196 1421 ea:
1219 1384 1364 1421 adverso
1379 1387 1458 1421 sta-

799 1443 894 1478 bant.

854 1495 1016 1549 δευτέρη
1059 1493 1246 1547 φυλακή]
1294 1495 1459 1534 Secunda

799 1556 908 1592 noctis
937 1553 1125 1590 indIcatur
1154 1554 1309 1603 vigilia,
1341 1566 1458 1605 quam

799 1624 820 1647 a
840 1618 968 1648 nostra
986 1609 1079 1647 hora
1099 1623 1200 1647 nona
1221 1617 1286 1646 aut
1307 1608 1456 1646 decima

797 1668 1006 1717 incoepisse
1027 1674 1064 1703 et
1084 1680 1205 1718 usque
1231 1665 1281 1702 ad
1313 1665 1460 1702 duode-

798 1725 939 1760 cimam
967 1722 1103 1760 horam
1123 1725 1201 1761 sive
1222 1722 1270 1759 ad
1290 1722 1459 1759 mediam

798 1794 919 1830 usque
952 1788 1106 1817 noctem
1150 1779 1304 1817 credam
1339 1780 1459 1830 perti-

799 1839 951 1885 nuisse,
1035 1836 1225 1888 siquidem
1270 1837 1459 1873 veteribus

802 1895 954 1931 Graecis
984 1900 1076 1930 teste
1098 1895 1255 1929 Polluce
1286 1894 1325 1939 Ι,
1357 1895 1397 1932 7.
1423 1894 1461 1932 8.

801 1952 841 1987 in
862 1957 935 1987 tres
951 1947 1132 1999 φυλακάς
1146 1950 1263 1986 divisa
1280 1956 1359 1985 erat
1372 1962 1462 1995 nox,

801 2020 964 2058 quarum
986 2008 1108 2057 prima
1134 2008 1248 2043 etiam
1270 2005 1466 2042 dicebatur

800 2060 900 2115 α’ρχη
925 2060 1068 2109 νυκτός
1091 2064 1169 2100 sive
1190 2061 1280 2111 περὶ
1300 2058 1466 2113 πρώτην

799 2116 942 2165 νυκτός
974 2133 1004 2155 3.
1044 2116 1187 2165 νυκτὸς
1226 2115 1460 2168 ἀρχομένης,

798 2175 965 2213 secunda
986 2170 1185 2226 μεσούσης
1204 2172 1360 2221 νυκτός.
1385 2176 1460 2212 Ro-

799 2235 921 2269 manis
944 2245 1012 2282 per
1032 2239 1185 2269 noctem
1209 2238 1372 2283 quatuor
1398 2232 1459 2269 vi—

799 2291 906 2340 gilias
927 2290 1039 2326 fuisse
1074 2296 1232 2325 constat.
1289 2289 1379 2338 Egit
1411 2287 1459 2324 de

800 2347 936 2397 vigiliis
991 2344 1262 2383 constituendis
1309 2346 1458 2382 Aeneas

802 2404 952 2441 Tactic.
981 2416 1063 2454 cap.
1086 2405 1160 2451 213
1200 2403 1310 2453 plura
1330 2401 1377 2438 de
1400 2400 1459 2439 his

804 2459 950 2497 dabunt
970 2462 1160 2497 wetsten.
1189 2458 1237 2495 ad
1258 2460 1304 2497 N.
1326 2459 1406 2496 Τ.Ι
1425 2472 1465 2510 Ρ.

805 2517 900 2557 416.
933 2518 1069 2553 Cellar.
1099 2518 1157 2552 De
1192 2516 1338 2565 Vigiliis
1368 2517 1406 2561 §.
1440 2517 1465 2556 6

805 2586 892 2624 pag.
915 2575 994 2614 397
1015 2574 1110 2609 Diss.
1127 2571 1273 2610 Acadd.
1287 2573 1466 2610 coll.Xe-

804 2629 923 2681 noph.
945 2629 1158 2669 Memorab.
1174 2630 1246 2677 IV,
1267 2632 1304 2675 7,
1325 2627 1351 2668 4
1371 2629 1465 2681 ibiq.

800 2688 955 2737 interpr.
976 2685 1038 2723 Ad
1058 2699 1219 2738 sequens
1238 2683 1293 2732 co‘g
1315 2681 1366 2725 ἂν
1380 2685 1459 2723 vid.

800 2745 874 2790 lx,
905 2747 957 2784 22
979 2750 1014 2779 et
1043 2742 1092 2779 ad
1125 2744 1357 2780 locutionem
1376 2739 1458 2782 ’ὑπ-θ’

801 2797 874 2852 τὴν
898 2797 1023 2840 νύκτα
1045 2806 1140 2838 nott.
1163 2799 1210 2837 ad
1229 2800 1306 2850 IX,
1328 2798 1395 2841 58.
