1996 3238
345 712 445 757 108

175 776 353 812 Fugientem
380 777 451 803 bar·

175 811 237 838 ban
240 819 313 837 »rum
325 811 418 837 elasa„
413 818 450 837 ’m

174 849 393 880 persequuntur

177 879 286 905 Graeci
305 877 342 903 ad
363 879 421 904 Λ-ιι

173 911 256 938 ιΙι-υιη
276 919 377 946 nsque.
408 909 449 936 Ibi

174 945 210 971 de
235 945 310 971 totto
338 943 395 970 deli
400 944 449 971 be-

174 979 308 1005 rantibus
329 976 400 1011 quid

171 1011 233 1039 ‘rh
232 1012 294 1038 uni
282 1012 402 1044 «tontes,

172 1045 242 1080 quid
261 1031 405 1084 Eurybia’«
398 1043 451 1070 des

172 1079 311 1105 utinam-it.
348 1077 445 1104 Huius

171 1112 289 1139 ratione
307 1111 412 1145 pleris-

171 1153 230 1181 que
247 1145 386 1181 probata,

506 269 589 308 148

475 383 498 415 3
509 377 784 430 πορευθῆναι
818 372 996 430 βασιλέϊ.

911 265 1377 304 HERODOTI

1053 373 1143 418 ἐπεὶ
1165 374 1209 418 δε
1230 373 1365 430 αγχοῦ
1395 369 1509 431 ἦσαν
1539 378 1770 430 Ζωστῆρος

504 441 722 492 πλωοντες
754 442 797 484 οἷ
824 440 1065 497 βάρβαροι,
1107 441 1384 487 ἀνατείνουσι
1422 443 1505 498 γὰρ
1537 442 1670 497 ἄκραι
1704 446 1770 486 λε-

505 510 606 553 πταὶ
626 513 701 564 τῆς
729 508 920 564 ἠπείρου,
951 503 1110 560 ταύτας
1141 509 1294 561 ἔδοξάν
1323 528 1367 554 τε
1393 516 1502 567 νῆας
1537 508 1660 562 εἶναι,
1695 510 1768 553 καὶ

505 578 693 633 ε’φευγον
729 576 798 620 ἐπὶ
837 575 1011 621 πολλόν.

506 650 605 700 νῆες
644 643 750 695 εἷεν,
794 643 882 687 ἀλλ’
923 645 1076 697 ἄκραι,

1085 575 1228 632 χρόνῳ
1266 578 1310 621 δὲ
1352 579 1567 634 μαθόντες
1606 577 1673 620 ὅτι
1711 577 1766 620 ov’

1129 646 1427 699 συλλεχθέντες
1441 678 1450 695 ,
1500 646 1762 701 ἐκομίζοντο.
1781 652 1822 684 10

505 711 580 764 ,Ως
627 713 672 756 δὲ
707 712 845 768 ἡμέρη
885 713 1073 766 ἐγένετο,
1118 711 1316 766 ὁρέοντες
1353 716 1396 756 οῖ
1421 713 1624 768 ’Έλληνες
1653 712 1762 756 κατὰ

505 780 650 837 χώρην
679 781 866 836 μένοντα
883 780 961 823 τόν
992 779 1179 832 στρατὸν
1210 779 1287 822 τὸν
1316 779 1458 832 πεζὸν,
1487 780 1664 835 ἤλπιζον
1692 780 1767 824 καὶ

503 848 578 898 τὰς
607 853 714 904 νῆας
743 846 855 890 εἶναι
875 848 973 900 περὶ
1005 847 1232 902 Φάληρον·
1263 846 1438 890 ἐδόκεόν
1470 863 1514 890 τε
1546 847 1767 903 ναυμαχή-

484 923 610 959 Ξσειν
639 915 788 969 σφέας,
817 914 1114 969 παραρτέοντό
1145 930 1187 958 τε
1219 914 1277 966 ὠς
1302 913 1625 971 ἀλεξησόμενοι.
1652 913 1767 958 Ἐπεὶ

508 982 553 1026 δὲ
583 982 800 1026 ἐπύθοντο
832 984 909 1035 τας
939 987 1046 1038 νῆας
1076 985 1318 1038 οἰχωκυίας,
1350 983 1505 1027 αὐτίκα
1533 982 1638 1038 μετὰ
1667 986 1825 1027 ταῦ-15,

508 1067 561 1093 τα
590 1049 732 1094 ἐδόκεε
771 1050 1030 1094 ἐπιδιώκειν.

1086 1051 1164 1094 τὸν
1202 1051 1281 1107 μέν
1316 1068 1401 1095 νυν
1442 1053 1652 1098 ναυτικόν
1687 1053 1767 1097 τόν

478 1118 682 1171 3Ξὲρξεω
722 1118 910 1172 στρατὸν
951 1116 1035 1163 οὐκ
1064 1118 1234 1163 ἐπεῖδον
1264 1119 1490 1171 διώξαντες
1518 1122 1640 1176 μέχρι
1665 1121 1765 1164 ’Ἀν-

505 1189 625 1239 δρου.

683 1186 725 1237 ἐς
763 1187 808 1230 δὲ
837 1187 916 1242 τήν
943 1187 1133 1240 ’Ἄνδρον
1164 1186 1433 1242 ἀπικόμενοι,
1465 1187 1764 1243 ἐβουλεύοντο.

507 1253 819 1311 Θεμιστοκλέης
846 1254 925 1311 μέν
944 1271 1029 1299 νυν
1057 1254 1235 1313 γνώμην
1264 1253 1547 1301 ἀπεδείκνυτο
1575 1257 1676 1311 ,,διὰ
1692 1254 1765 1313 νή-

444 1449 566 1486 voluit
598 1448 793 1498 Reiskius‚
824 1457 867 1487 ut
893 1452 1105 1502 legeletur:

446 1501 515 1544 δ’
483 1521 496 1543 ι
577 1507 606 1544 ώ
625 1521 649 1544 ν
698 1504 774 1546 ε’δε
789 1522 802 1545 ι
840 1511 1108 1559 πορευθηναι.

443 1563 579 1598 Postea
590 1560 706 1599 ΞοΙΝ
709 1565 766 1614 eig
772 1563 807 1604 h,
820 1565 857 1600 in
870 1566 962 1602 Lex.
967 1565 1110 1603 Hei-,od

445 1631 531 1654 eam
561 1620 630 1655 sibi
653 1622 907 1670 suspicionem
938 1623 1110 1658 obortam

445 1688 524 1711 esse
555 1674 664 1722 dicit,
701 1683 743 1712 ut
764 1679 929 1713 activum
949 1680 1110 1715 verbum

443 1728 631 1778 πορεύειν
650 1734 847 1769 notionem
868 1733 1005 1771 habeat
1021 1737 1106 1771 mit-

444 1786 562 1834 tendi,
589 1788 809 1837 adducendi,
850 1791 898 1826 ad
929 1792 995 1827 iter
1031 1804 1104 1839 pa-

443 1843 575 1891 randi,
608 1844 774 1897 indeque
804 1845 908 1883 hunc
927 1847 1001 1884 loci
1023 1847 1103 1883 sore

444 1913 597 1938 sensum
616 1903 838 1940 arbitratur:
861 1916 967 1941 naves
983 1907 1102 1940 custo-

447 1957 587 1994 (lituras
604 1963 727 2007 pontes
757 1963 796 1996 ut
817 1963 893 2009 regi
910 1960 958 1997 ud
979 1964 1100 1997 trans-

445 2016 533 2051 itum
561 2018 688 2064 parati
709 2020 839 2064 essent,
886 2030 916 2053 s.
951 2021 1102 2054 curatu-

444 2084 506 2107 ras
518 2100 527 2118 ,
558 2072 819 2120 observaturas,
836 2076 876 2109 ut
890 2077 1009 2123 pontes
1029 2081 1099 2111 etc.

442 2125 539 2164 Mihi
558 2129 677 2178 magis
697 2128 836 2166 arridet
855 2130 957 2181 prior
981 2131 1102 2167 inter-

442 2186 619 2235 pretatio-

496 2241 730 2292 Ζωστῆρος]
753 2242 810 2278 De
830 2239 903 2278 hoc
914 2255 1099 2292 promon-

440 2298 536 2334 torio
548 2299 716 2348 primarii
726 2305 812 2334 suut
829 2299 901 2335 loci
914 2298 1099 2349 Stephani

439 2354 534 2405 Byz.
555 2367 584 2391 s.
604 2367 639 2392 v.
662 2367 748 2405 pag.
770 2357 862 2394 377.
885 2356 1047 2392 Pausan.
1068 2357 1098 2403 Ι,

441 2412 490 2450 81
515 2411 553 2456 §.
574 2413 612 2451 3.
635 2410 810 2448 Strabon.
832 2413 887 2446 IX
909 2425 945 2461 p.
968 2414 1048 2452 398
1069 2425 1097 2449 s,

440 2467 520 2506 610
541 2468 587 2503 B.
635 2468 722 2504 Fuit
741 2474 861 2503 terrae
881 2475 1020 2504 tractus
1058 2469 1097 2504 in

440 2534 544 2558 mare
583 2531 776 2574 porrectus
835 2531 871 2561 et
908 2525 1095 2574 Apollinis

441 2577 554 2626 aede,
602 2593 705 2617 nunc
736 2580 876 2628 diruta,
913 2582 1097 2617 aliorum-

441 2647 514 2685 que
538 2635 696 2673 deorum
726 2638 796 2674 aris
825 2638 999 2687 insignis,
1035 2638 1097 2674 cui

441 2703 461 2726 a
488 2692 654 2728 Latonae
675 2694 826 2742 cingulo
856 2707 999 2730 nomeu
1028 2708 1097 2730 ve-

442 2747 509 2783 nit.
566 2749 676 2785 Nunc
703 2750 790 2786 I‘arz'
816 2749 945 2787 dicunt
967 2751 1014 2787 ob
1036 2752 1095 2787 vi-

436 2816 522 2840 cum
540 2817 656 2855 prope
673 2807 880 2854 iucente1n3
902 2808 1004 2844 lacus
1025 2806 1096 2844 ad-

434 2860 560 2898 iacens
578 2874 683 2898 sacer
702 2863 911 2900 etiamnum
937 2871 1093 2902 vocatur

1170 1453 1290 1490 Vulz'os
1311 1465 1411 1491 mene.
1451 1453 1567 1490 Plura
1586 1453 1706 1488 Kruse
1725 1451 1821 1488 Hel-

1163 1511 1217 1547 las
1237 1511 1294 1557 11,
1330 1512 1348 1549 1
1372 1521 1459 1560 pag.
1481 1511 1559 1549 221
1582 1522 1661 1560 seq.
1679 1530 1735 1535 —
1762 1509 1821 1544 De

1165 1567 1317 1618 reliquis
1374 1567 1426 1602 ita
1493 1565 1600 1603 Vale
1615 1565 1818 1602 henam-,z

1165 1625 1311 1670 „Paulo
1349 1629 1432 1673 post
1462 1623 1648 1672 fugientes
1687 1622 1819 1657 Persas

1164 1681 1327 1716 terrebat
1348 1692 1390 1716 ac
1415 1679 1444 1715 si
1465 1692 1579 1715 naves
1601 1685 1722 1715 essent
1747 1676 1819 1712 iio-

1162 1737 1284 1783 stiles,
1342 1737 1381 1771 in
1421 1748 1526 1771 mare
1565 1734 1818 1785 prominentia

1159 1793 1303 1828 Attices
1350 1792 1630 1842 promontoria:
1681 1789 1818 1827 admo-

1159 1850 1211 1885 vit
1233 1850 1300 1885 ista
1323 1848 1565 1884 casaubonus
1587 1845 1819 1897 Theophra-

1157 1907 1202 1942 sti
1223 1905 1412 1942 Charactt.
1442 1904 1517 1950 25,
1557 1905 1621 1941 ubi
1643 1902 1666 1942 ὅ
1689 1900 1818 1949 δειλός

1156 1959 1335 2008 τοιοῦτός
1377 1976 1435 2007 τις
1467 1957 1551 2007 οἶος
1580 1959 1711 1999 πλέων
1747 1956 1818 2006 τοὶς

1156 2015 1282 2067 ἄκρας
1295 2014 1463 2068 φάσκειν
1478 2016 1661 2068 ἡμιολίας
1672 2013 1817 2056 εἶναι.“

1156 2077 1337 2112 Dativum
1365 2070 1494 2127 χρόνῳ
1526 2074 1681 2124 (postea)
1710 2073 1816 2124 attigi

1154 2145 1268 2182 supra
1307 2130 1355 2168 ad
1386 2131 1494 2179 VIII,
1536 2131 1615 2179 533
1653 2130 1815 2167 verbum

1153 2189 1387 2240 κομίζεσθαι
1404 2186 1451 2224 de
1470 2188 1602 2223 itinere
1623 2187 1812 2223 maritimo

1154 2247 1191 2292 Ι,
1241 2245 1318 2285 185
1359 2244 1443 2282 οοΙΙ.
1484 2243 1540 2291 V,
1573 2245 1665 2285 108.
1713 2243 1811 2291 VIII,

1157 2303 1236 2341 110
1256 2301 1322 2339 fin.
1347 2301 1439 2340 118.

1354 2390 1447 2441 Cap.
1478 2389 1608 2428 CVIII.

1208 2464 1307 2506 κατοῖ
1337 2465 1487 2519 χώρην]
1525 2469 1583 2505 De
1617 2467 1808 2506 locutione

1151 2525 1251 2562 conf.
1272 2525 1344 2572 lV,
1374 2525 1463 2566 135.
1493 2525 1573 2572 VH,
1605 2525 1670 2565 95.
1706 2522 1807 2560 Add-

1152 2580 1263 2618 Held.
1281 2581 1328 2618 ad
1341 2580 1530 2619 Plutarch.
1543 2582 1681 2617 Aemil.
1697 2581 1805 2619 Paul.

1156 2640 1203 2678 16
1234 2651 1320 2689 pag.
1342 2641 1436 2678 200.
1458 2640 1501 2674 In
1531 2650 1636 2688 seqq.
1659 2637 1707 2674 ob
1729 2636 1806 2674 du—

1151 2696 1239 2745 plex
1261 2709 1300 2733 τε
1321 2695 1422 2731 conf.
1447 2695 1555 2730 allata
1567 2693 1614 2730 ad
1628 2694 1705 2740 vn,
1728 2696 1752 2735 8
1767 2695 1803 2740 §.

1153 2754 1187 2790 1.
1218 2753 1273 2787 De
1294 2752 1414 2788 insula
1434 2751 1552 2787 Andro
1568 2751 1714 2796 conf.V‚
1737 2752 1804 2790 31.

1205 2804 1366 2859 γνώμην
1391 2801 1669 2858 ἐπεδείκνυτο]
1703 2807 1803 2843 Male

1151 2862 1226 2901 duo
1258 2863 1369 2903 codd.
1396 2862 1659 2905 ἐπεδείκνυτο.
1716 2862 1800 2903 Vid.
