1996 3238
437 254 494 294 46

847 251 1298 290 HERODOTI

438 362 581 411 κίδος,
612 357 753 402 πάντα
781 358 1094 415 ἐσιναμώρεον·
1122 360 1195 404 καὶ
1223 360 1306 416 γὰρ
1335 365 1421 404 τῶν
1452 360 1694 404 Πανοπέων

411 427 521 483 Ξτὴυ
548 427 674 470 πόλιν
703 425 956 482 ἐνέπρησαν,
987 429 1060 472 καὶ
1087 430 1306 480 Δαυλίων,
1336 429 1410 471 καὶ
1440 428 1691 471 Αἰολιδέων.
1703 436 1748 470 55

436 493 720 548 Ἐπορειὲοντο
741 495 786 538 δὲ
804 495 938 552 ταύτῃ
960 495 1295 551 ἀποσχισθέντες
1314 499 1388 551 τῆς
1406 494 1536 551 ἄλλης
1565 508 1689 550 στρα-

439 566 531 616 τιῆς
559 563 694 605 τῶνδε
724 563 876 613 εἵνεκα,
908 563 1022 614 ὅκως
1049 562 1312 620 συλήσαντες
1347 562 1396 605 τὸ
1441 563 1536 616 ἱρὸν
1565 563 1613 606 τό
1645 563 1692 606 ἐν

417 633 685 684 3Δελφοῖσι,
725 632 892 682 βασιλέϊ
926 632 1063 687 Ξέρξῃ
1094 630 1352 681 ἀποδέξαιεν
1389 629 1442 672 τὰ
1483 629 1692 685 χρήματα.

437 696 579 740 πάντα
601 697 643 740 δ’
673 696 880 753 ἠπίστατο
903 699 955 741 τὰ
985 699 1031 741 ἐν
1060 703 1120 755 τῷ
1151 700 1230 753 ἱρῷ
1251 696 1332 740 ὅσα
1346 696 1481 752 λόγου
1510 693 1564 754 ἦν
1594 697 1692 751 ἄξια

441 764 614 820 Ξέρξης,
646 765 703 816 ὠς
733 766 814 820 ἐγώ
844 765 1146 820 πυνθάνομαι,
1177 764 1355 820 ἄμεινον
1383 764 1412 820 ἢ
1431 765 1483 808 τοὶ
1506 765 1551 809 ἐν
1579 772 1748 810 τοῖσι60

439 834 614 876 οἰκίοισι
643 832 779 886 ἔλιπε,
815 837 990 876 πολλῶν
1027 834 1109 876 αἰεὶ
1146 832 1375 889 λεγόντων,
1410 834 1484 876 καὶ
1512 833 1692 889 μάλιστα

383 1021 537 1058 μωρεον
576 1007 676 1046 conf.
703 1013 794 1044 nott.
818 1005 866 1043 ad
885 1008 915 1051 Ι,
946 1007 1037 1048 152.

381 1062 592 1114 Hesychius
626 1063 642 1098 I
673 1076 711 1113 p.
743 1063 868 1104 1458:
909 1062 1037 1103 ε’σινα-

385 1118 570 1172 μώρευον
593 1120 681 1170 (sie)
696 1130 707 1139 ·
732 1118 926 1159 ἐσίνοντο.

437 1208 504 1248 καὶ
518 1208 714 1257 Δαυλίων,
727 1206 1035 1260 κειὶΑἰολιδέων]

382 1267 520 1302 Persae
562 1264 730 1316 Delphos
766 1266 923 1316 profecti
951 1273 1038 1303 suut

384 1322 429 1359 est
466 1323 547 1369 via,
585 1334 684 1374 quae
721 1329 849 1372 postea
884 1336 1037 1374 quoque

385 1377 608 1415 Chaeronea
648 1377 816 1428 Delphos
863 1378 1036 1425 ducebat,

383 1436 424 1471 in
452 1436 576 1471 Krusii
610 1434 750 1484 mappa
782 1434 1037 1485 geographie-Cr

384 1498 556 1527 accurate
577 1489 776 1528 delineata.
833 1492 866 1527 E
906 1493 1036 1528 Pano-

382 1549 560 1598 pensium
588 1549 711 1596 igitur*
730 1560 821 1596 agro
851 1549 1037 1597 progressi

381 1605 550 1655 primum
578 1617 717 1640 venere
755 1605 796 1639 iu
828 1603 1037 1641 Danaorum

382 1661 530 1708 urbem,
563 1672 659 1712 quae
686 1660 732 1696 ab
765 1661 844 1696 aliis
881 1668 1038 1698 vocatur

382 1717 552 1763 Δαυλίς,
584 1716 711 1761 (conf.
750 1718 905 1756 Homer.
926 1718 1039 1765 11.11,

381 1773 483 1824 520)
505 1779 694 1809 exstructa
712 1773 752 1808 in
780 1785 870 1809 saxo
891 1775 1039 1824 praeci-

381 1830 451 1879 piti
470 1828 537 1866 sed
557 1829 656 1866 bello
677 1841 782 1865 sacro
796 1843 936 1869 eversa.
954 1829 1039 1866 Ad-

381 1884 457 1921 huc
468 1898 586 1936 prope
601 1887 734 1922 veteris
750 1886 852 1922 urbis
863 1887 1039 1937 reliquias

381 1942 572 1978 invenitur
583 1943 698 1985 vicus,
716 1944 873 1978 nomine
888 1942 1040 1980 Daulia.

381 1997 468 2035 vid.
492 1999 533 2036 C.
558 1999 600 2036 Ο.
623 1999 774 2034 Miiller.
807 1997 1038 2036 Orchomeu.

384 2066 473 2104 pag.
494 2052 588 2093 484.
619 2056 738 2090 Kruse
758 2055 805 2102 11,
828 2057 853 2094 2
873 2068 959 2105 pag.
984 2057 1037 2096 60

383 2123 465 2161 seq.
530 2111 709 2147 Observat
754 2110 939 2148 Dodwell.
998 2113 1038 2147 in

385 2168 509 2216 Opere
528 2166 681 2202 laudato
694 2179 779 2217 pag.
800 2169 866 2214 22,
885 2168 951 2204 ubi
961 2168 1038 2204 tab.

384 2223 507 2258 XLIV
528 2229 564 2259 et
583 2223 688 2260 XLV
716 2236 915 2260 murorum
945 2225 1038 2261 arcis

386 2279 561 2330 reliquias
590 2278 784 2327 exhibuit,
815 2278 906 2316 duas
926 2278 1038 2317 huius

386 2336 459 2371 vici
480 2336 652 2372 ecclesias
664 2337 873 2372 maximam
894 2343 1040 2387 partem

387 2404 408 2427 e
429 2393 562 2428 veteris
583 2392 738 2428 Dauliae
758 2392 942 2442 lapidibus
962 2405 1042 2429 esse

387 2454 632 2485 constructas.
673 2449 755 2484 Iam
773 2447 934 2485 Daulide
952 2462 1043 2498 pro-

386 2504 477 2539 fecti
489 2511 693 2556 monteque
703 2512 875 2555 superato
889 2504 1044 2541 adPlei-

387 2560 434 2595 sti
468 2559 613 2596 fontem
656 2574 881 2611 pervenere,
936 2561 1039 2598 uude

388 2614 563 2651 nonnihil
585 2624 772 2653 remotum
798 2618 1041 2668 probabiliter

388 2672 503 2708 situm
523 2672 591 2708 suit
611 2673 835 2711 Aeolidarum
857 2673 1040 2725 oppidum

390 2739 435 2763 eo
464 2727 542 2763 fere
563 2728 657 2775 loco,
677 2741 752 2779 quo
779 2743 881 2767 nunc
910 2732 1041 2767 ruinae

389 2782 577 2834 quaedam
598 2792 766 2834 repertae
786 2794 884 2833 sunt,
907 2788 1042 2839 quibus

389 2852 412 2876 a
432 2840 530 2883 Gen,
562 2853 705 2879 nomen
723 2842 897 2880 tribuitur
920 2843 1042 2882 Castro

1093 1005 1234 1054 Pam'es‚
1266 1019 1288 1042 a
1317 1005 1516 1043 Dodwello
1547 1006 1693 1044 Zt'meno
1716 1021 1747 1044 s.

1093 1062 1222 1100 Ραίιιιό
1239 1063 1410 1102 Aracoba.
1467 1063 1661 1115 Equidem
1691 1065 1747 1100 nil

1094 1119 1286 1167 discerno,
1307 1122 1527 1170 praesertim
1548 1133 1637 1157 cnm
1657 1121 1748 1156 nul-

1093 1177 1130 1212 la
1169 1177 1214 1213 sit
1244 1177 1345 1213 urbis
1371 1178 1515 1213 mentio
1544 1190 1616 1214 nec
1644 1176 1747 1227 apud

1094 1233 1292 1270 Strabaoec
1303 1232 1402 1283 apud
1414 1235 1574 1270 Pausan.
1589 1234 1748 1271 Cf.Kru-

1092 1303 1132 1326 se
1142 1290 1195 1329 l.l.
1208 1289 1486 1340 p.64.65.1nde
1495 1291 1634 1326 vallem
1643 1291 1747 1326 Plei-

1092 1347 1139 1382 sti
1159 1348 1276 1383 secuti
1286 1347 1422 1383 Persae
1443 1348 1480 1382 in
1509 1345 1746 1398 Delphorum

1092 1403 1289 1452 planitiem
1312 1401 1587 1440 descenderunt
1617 1402 1666 1440 ad
1684 1404 1746 1454 ip-

1091 1472 1174 1495 sam
1207 1472 1326 1511 usque
1354 1460 1509 1506 urbem,
1540 1459 1616 1511 quit
1641 1473 1746 1496 nunc

1091 1516 1258 1552 cernitur
1295 1517 1565 1552 monasterium
1616 1516 1748 1554 Castri.

1091 1571 1202 1608 Unde
1223 1572 1308 1608 satis
1329 1579 1443 1622 patet,
1465 1571 1557 1623 quid
1586 1571 1634 1609 de
1653 1573 1746 1609 Val-

1092 1627 1283 1664 ckenaerii
1312 1627 1558 1665 iudicandum
1585 1630 1631 1666 sit
1650 1641 1746 1666 con—

1092 1686 1234 1721 iectura
1255 1697 1322 1735 pro
1343 1684 1563 1723 Αἰολιδέων
1592 1683 1632 1733 (a
1650 1698 1746 1723 voce

1092 1741 1290 1787 Αἰολίδαι,
1303 1741 1401 1780 conf.
1420 1742 1556 1778 struve
1573 1742 1685 1792 Spec.
1695 1743 1746 1780 11.

1095 1798 1246 1842 Quaest.
1274 1796 1320 1833 de
1356 1796 1504 1835 dialect.
1535 1797 1677 1836 Herod.
1704 1812 1746 1849 p.

1096 1854 1139 1903 3)
1182 1855 1398 1904 reponentis
1438 1853 1661 1903 Λιλαιέων,
1703 1861 1746 1892 ut

1093 1911 1270 1949 Λιλαίαν
1307 1911 1581 1961 intelligamus,
1631 1923 1749 1963 quam

1093 1967 1191 2003 inter
1220 1965 1477 2004 Phocensium
1505 1968 1616 2004 urbes
1635 1967 1750 2005 refert

1093 2023 1298 2059 Pausanias
1323 2024 1372 2071 X,
1403 2025 1426 2062 3
1449 2025 1484 2069 ξ.
1507 2027 1547 2064 2.
1568 2026 1619 2064 33
1642 2025 1678 2070 ξ.
1709 2027 1749 2072 2,

1095 2091 1212 2130 quam
1240 2086 1368 2116 tamen
1393 2092 1470 2116 uon
1499 2081 1613 2130 longe
1634 2093 1655 2117 a
1675 2081 1750 2116 Ti-

1094 2134 1228 2172 thorea
1247 2136 1345 2172 inter
1365 2137 1502 2172 Gravia
1524 2143 1560 2173 et
1580 2135 1690 2182 Dadi,
1705 2144 1749 2174 ut

1093 2205 1197 2229 nunc
1208 2199 1356 2236 vocant,
1365 2193 1474 2229 sitam
1484 2193 1596 2229 fuisse
1607 2192 1747 2243 proba-

1094 2248 1182 2296 bile,
1206 2247 1253 2284 ad
1267 2249 1557 2298 septentrionale
1574 2249 1747 2287 Parnassi

1092 2305 1202 2350 latus,
1222 2305 1287 2340 ubi
1302 2303 1426 2341 adbuc
1441 2305 1615 2356 reliquias
1632 2319 1746 2358 quas-

1094 2359 1184 2397 dam
1221 2373 1261 2397 se
1291 2359 1426 2397 vidisse
1458 2367 1615 2399 testatur
1648 2363 1746 2401 Gen.

1093 2416 1179 2455 vid.
1201 2417 1242 2453 C.
1264 2418 1309 2453 O.
1337 2418 1485 2456 Miiller.
1517 2417 1746 2460 Orchomen,

1096 2487 1135 2524 p.
1157 2471 1248 2512 484.
1264 2471 1359 2512 497.
1387 2475 1508 2510 Kruse
1534 2477 1580 2519 11,
1601 2478 1628 2516 2
1655 2488 1747 2527 pag.

1097 2528 1164 2569 84.
1223 2529 1381 2567 Siebelis
1406 2529 1454 2567 ad
1482 2531 1644 2570 Pausau.
1671 2532 1699 2570 l.
1717 2532 1747 2570 l.

1092 2598 1132 2637 p.
1152 2587 1245 2625 292.
1266 2586 1360 2627 293.

1151 2671 1283 2713 πάντα
1322 2670 1360 2714 δ’
1391 2670 1612 2729 ἠπίστατο]
1648 2673 1747 2728 ‚Jul-

1096 2742 1211 2770 στατο
1240 2744 1260 2767 e
1282 2732 1446 2773 Florent,
1473 2734 1628 2786 aliisque.
1657 2734 1746 2773 dedi

1096 2800 1185 2825 cum
1197 2786 1377 2839 Schwgh.
1388 2796 1423 2825 et
1436 2790 1549 2827 Gaisf.
1562 2792 1746 2844 probante

1096 2845 1147 2884 Η.
1171 2845 1345 2896 Apetzi0‚
1385 2846 1452 2899 qui
1481 2847 1570 2887 citat
1598 2850 1655 2899 Π,
1676 2851 1745 2892 53.
