1996 3238
654 222 970 258 URANIA
1033 224 1161 259 vlu.
1476 223 1530 260 39

269 332 484 389 ,,γενε’σθω
514 329 604 373 ἀντ’
635 328 782 373 αὐτῶν
809 330 1076 385 πεντήκοντα
1093 329 1280 374 τάλαντα
1305 328 1530 385 ἀργυρίου,
1541 338 1584 370 95

269 402 368 454 „nal
397 398 502 454 ὑμῖν
550 396 854 455 ὑποδεκόμεθα
883 399 935 442 τὰ
963 399 1142 443 ἐπιόντα
1173 400 1242 443 ἐπὶ
1279 400 1356 455 τὴν
1384 397 1530 454 χώρην

268 468 597 523 ,,ἇποτρέψειν.“

267 604 436 654 Φωκέες
476 606 637 657 μοῦνοι
679 605 767 644 τῶν
796 601 933 660 ταύτῃ
973 600 1227 655 ἀνθρώπων
1265 600 1347 643 οὐκ
1386 601 1529 658 ἐμήδι-

266 677 360 726 ζον,
390 670 478 715 κατ’
510 669 616 713 ἄλλο
646 669 724 724 μὲν
756 669 909 722 οὐδὲν,
945 666 1004 721 ὡς
1043 668 1126 725 ἐγώ
1157 668 1530 724 συμβαλλεόμενος

268 739 476 794 εὑρίσκω,
527 737 637 782 κατα
684 740 729 783 δὲ
769 738 817 782 τὸ
860 738 986 793 ἔχθος
1015 737 1063 780 τὸ
1099 740 1353 779 Θεσσαλῶν·
1417 739 1529 781 εἰδὲ

233 808 483 851 ΞΘεσσαλοὶ
512 806 564 850 τὰ
588 806 805 863 Ἑλλήνων
821 801 970 863 ηὖξον,
1004 806 1061 856 ὥς
1091 805 1186 860 ἐμοὶ
1209 804 1392 854 δοκέειν,
1422 805 1554 861 ἐμή-1

264 878 383 929 διζον
408 874 467 918 ἂν
497 877 541 918 οἰ
571 875 749 926 Φωκέες.
788 879 924 918 ταῦτα
954 872 1335 928 ἐπαγγελλομένων
1362 877 1524 916 Θεσσα-

263 949 372 996 λῶν,
407 944 507 986 οὔτε
538 942 693 986 δώσειν
723 943 893 1000 ἔφασαν
921 941 1130 998 χρήματα,
1160 941 1361 997 παρέχειν
1384 941 1427 984 τὲ
1449 953 1528 997 σφι

267 1016 523 1056 Θεσσαλοῖσι
561 1009 723 1066 ὁμοίως
762 1013 974 1068 μηδίζειν,
1017 1012 1054 1053 εἰ
1094 1009 1235 1061 ἄλλως
1270 1011 1526 1066 βουλοίατο·

262 1079 357 1124 ἀλλ’
391 1077 474 1124 οὐκ
503 1080 677 1127 ἔσεσθαι
708 1080 878 1131 ἑκόντες
907 1077 1019 1123 εἶναι
1047 1077 1264 1135 προδόται
1283 1083 1359 1135 τῆς
1385 1077 1555 1121 Ἕλλα-5

205 1257 384 1305 imperium
407 1258 531 1293 tenere.
567 1253 625 1291 Ad
641 1252 687 1293 τὰ
699 1250 863 1295 ἐπιόντα

205 1312 304 1351 conf.
325 1318 420 1353 nott.
442 1311 490 1348 ad
509 1313 590 1360 VII,
612 1312 702 1352 157.

425 1403 515 1454 Cap.
528 1404 656 1439 XXX.

263 1480 304 1521 οἵ
322 1477 398 1532 γὰρ
427 1480 582 1528 Φωκέες
607 1483 751 1532 μοῦνοι
770 1495 805 1521 κ.
828 1495 863 1519 τ.

204 1538 259 1586 λ.]
292 1539 361 1587 „Si
382 1551 470 1575 vero
493 1540 626 1575 nititur
649 1538 863 1574 Pausaniae

203 1596 255 1642 X,
290 1597 308 1634 1
339 1593 403 1631 fin.
440 1596 618 1642 narratio,
648 1593 864 1632 Phocenses

203 1664 293 1688 cum
313 1652 440 1700 Persa,
453 1653 672 1689 necessitate
688 1652 865 1702 compul-

202 1710 245 1756 si,
268 1701 331 1747 ὑπ’
354 1703 544 1760 α’νοὲγκης,
573 1709 741 1760 primum
761 1709 866 1745 sece-

203 1771 304 1813 ruut,
324 1772 453 1815 postea
475 1766 523 1802 ad
545 1767 781 1803 Graecorum
801 1778 864 1802 so-

203 1823 381 1859 cietatem
401 1823 551 1861 reversi.
610 1825 696 1859 Non
713 1824 764 1859 ita
783 1824 865 1859 No-

202 1886 278 1916 ster
307 1876 370 1915 hic
399 1886 437 1916 et
467 1879 661 1930 superiore
694 1880 791 1916 libro
829 1893 862 1917 c.

203 1937 285 1976 203
319 1941 356 1972 et
397 1937 517 1977 218.⁴‘
591 1936 864 1985 Wesselz'ng.

203 1990 266 2028 Ad
284 1991 490 2028 formulam
510 1990 565 2039 ὦς
589 1990 663 2044 ἐγώ
688 1994 865 2045 συμβαλ-

204 2042 388 2099 λεὸμενος
439 2046 606 2101 εὑρίσκω
648 2050 748 2087 conf.
782 2051 866 2099 Vn,

204 2102 270 2144 24.

259 2157 360 2199 κατοέ
375 2157 418 2198 δὲ
437 2157 481 2199 τό
498 2158 618 2210 ἔχθος
640 2157 685 2200 τό
716 2162 867 2200 Θεσσα-

204 2217 303 2265 λῶν]
315 2216 480 2253 i.e.nulla
490 2217 565 2254 alia
576 2218 617 2253 cle
629 2230 749 2264 causa,
762 2231 866 2267 quam

205 2275 291 2324 quia
313 2273 457 2311 oderant
480 2273 675 2321 Thessalos,
707 2280 748 2310 ut
769 2275 866 2310 bene

203 2329 328 2367 reddit
370 2327 616 2367 Valckenaer.
674 2332 773 2367 Nam
822 2327 866 2370 τό

205 2385 324 2437 ἔχθος
345 2383 390 2425 τό
411 2387 623 2425 Θεσσαλῶν
652 2386 784 2424 odium
805 2385 866 2423 di-

137 2481 139 2483 ,
207 2444 270 2491 cit,
284 2456 358 2494 quo
371 2441 574 2479 Thessalos
585 2445 865 2496 prosequeban-

207 2507 268 2536 tur
296 2498 524 2547 Phocenses,
563 2506 607 2536 ut
643 2502 711 2547 IX,
739 2503 791 2541 38
819 2498 865 2540 τό

208 2555 326 2607 ἔχθος
345 2553 388 2595 τὸ
409 2556 745 2607 Λακεδαιμονίων
762 2563 798 2593 et
817 2553 862 2596 τό

206 2612 246 2659 ἐς
263 2612 608 2663 Λακεδαιμονίους
625 2615 693 2660 IX,
707 2616 771 2661 37,
797 2614 864 2650 ubi

207 2671 324 2706 citant
359 2669 470 2706 Diod.
511 2669 629 2706 Sicul.
661 2670 781 2718 XVII,
809 2669 863 2711 24

206 2723 280 2777 τὴν
321 2721 548 2777 εὐεργεσίαν
573 2729 644 2777 τῆς
675 2724 865 2778 γυναικός

206 2782 472 2820 ὒεηευοίεηίίαηι
533 2795 621 2832 erga
681 2783 862 2821 mulierem.

207 2837 308 2877 Add.
323 2837 467 2877 Herod.
494 2839 559 2888 Ill,
593 2841 681 2880 136.
739 2840 865 2891 Supra

920 1255 1019 1302 Vm,
1042 1255 1095 1293 22
1115 1254 1250 1290 Noster
1277 1250 1305 1304 ἦ
1336 1251 1458 1304 ἔχθρη
1483 1251 1582 1305 πρός

919 1308 990 1350 τόν
1031 1307 1248 1361 βάρβαρον.
1320 1309 1523 1347 simillima
1561 1324 1581 1345 e

923 1366 1145 1417 Thucydid.
1174 1368 1202 1414 I,
1235 1368 1325 1406 103.
1357 1368 1420 1414 IV,
1442 1369 1477 1404 1.
1499 1367 1579 1414 vll,

923 1424 975 1464 57
994 1425 1079 1461 coll.
1100 1424 1275 1460 Perizon.
1299 1422 1346 1459 ad
1367 1423 1513 1459 Aeliam.
1536 1423 1581 1460 V.

920 1482 967 1521 H.
1002 1482 1048 1528 11,
1078 1480 1131 1521 25
1164 1487 1201 1516 et
1228 1481 1314 1527 ΧΠ,
1344 1478 1396 1520 53
1426 1480 1583 1529 protulit

920 1535 1107 1577 Valcken.
1146 1535 1192 1573 de
1231 1536 1374 1572 Latinis
1402 1538 1520 1573 citans
1550 1537 1579 1574 l.

920 1595 982 1631 Fr.
1013 1595 1181 1632 Gronov.
1214 1592 1262 1629 ad
1284 1594 1368 1630 Liv.
1398 1594 1580 1640 XXXIV,

921 1652 987 1699 26,
1010 1649 1058 1687 de
1080 1651 1215 1702 quibus
1247 1650 1479 1700 Wesseling.
1500 1650 1582 1685 lau-

923 1706 1078 1744 daverat
1105 1708 1208 1744 Cort.
1236 1706 1284 1743 ad
1305 1707 1455 1744 Sallust.
1476 1706 1581 1756 frag-

919 1771 1054 1801 mentt.
1082 1777 1170 1814 pag.
1211 1765 1304 1804 936.
1361 1765 1412 1801 Ut
1433 1761 1481 1800 ad
1500 1765 1581 1799 He—

919 1820 1046 1858 rodoti
1081 1822 1213 1857 locum
1240 1827 1429 1868 revertar,
1479 1816 1580 1858 κριτοὶ

920 1876 983 1915 hio
1003 1879 1103 1916 valet
1123 1879 1174 1925 ob,
1193 1881 1343 1928 propter,
1365 1884 1407 1913 ut
1425 1875 1488 1924 VI,
1513 1877 1579 1916 51.

919 1935 1000 1984 Vll,
1034 1937 1127 1975 136.
1169 1936 1238 1981 IX,
1275 1933 1339 1974 15.
1373 1935 1462 1974 109.
1535 1934 1580 1968 ln

923 1992 1090 2029 clausula
1103 1990 1242 2028 addam
1254 1990 1583 2027 Pseudo—Plutar-

922 2047 985 2086 chi
1006 2050 1136 2085 locum
1166 2046 1220 2098 (ΙΙ
1238 2062 1275 2098 p,
1296 2049 1375 2087 868
1402 2046 1483 2094 (L),
1518 2047 1582 2097 qui

922 2106 1161 2155 probabilem
1186 2103 1373 2140 Herodoti
1386 2105 1583 2139 coniectu-

921 2174 1026 2208 ram,
1059 2173 1156 2211 quae
1175 2160 1288 2196 simul
1307 2160 1430 2196 virum
1456 2158 1583 2209 prodit

922 2230 943 2253 a
977 2218 1142 2268 partium
1168 2215 1293 2253 studio
1326 2216 1492 2251 alienum
1518 2229 1583 2252 ve-

921 2287 1041 2325 roque
1063 2271 1281 2323 indagando
1317 2273 1428 2308 unice
1453 2273 1581 2308 inten-

921 2337 1017 2379 tum,
1039 2328 1307 2367 malevolentia
1322 2336 1487 2365 evertere
1497 2329 1579 2364 fru-

920 2394 995 2424 stra
1015 2388 1158 2424 nititur.
1209 2385 1316 2423 conf.
1347 2384 1580 2423 Dahlmauu.

919 2443 1104 2482 Herodot.
1125 2457 1161 2494 p.
1187 2445 1277 2484 185·

979 2553 1067 2596 οὔτ
1082 2570 1098 2595 ε
1142 2551 1284 2594 δώσειν
1307 2575 1362 2581 -
1395 2552 1579 2604 παρέχειν

919 2613 1004 2663 τε]
1042 2614 1100 2649 De
1122 2609 1327 2652 οὕτε-τε
1356 2609 1431 2648 vid.
1465 2611 1576 2646 allata

919 2669 968 2707 ad
987 2671 1051 2717 VI,
1078 2673 1111 2708 1.
1135 2691 1184 2696 ——-
1207 2669 1376 2706 Verbum
1395 2666 1578 2717 παρέχειν

920 2727 1024 2775 attigi
1051 2724 1099 2762 ad
1119 2725 1278 2774 V111,78.
1308 2726 1365 2761 De
1386 2724 1577 2760 locutione

921 2778 1079 2829 ἑκόντες
1104 2779 1208 2821 εἶναι
1236 2781 1313 2819 vid.
1344 2778 1478 2818 Matth.
1505 2782 1573 2818 Gr.

920 2840 983 2877 Gr.
1006 2840 1043 2885 ᾧ.
1069 2838 1149 2882 545
1170 2851 1258 2891 pag.
1282 2839 1401 2879 1070.

383 535 532 578 Ταῦτά
561 546 640 590 σφι
669 533 979 589 ἐπαγγέλλοντο
1013 536 1055 578 οῖ
1088 536 1308 576 Θεσσαλοί.
1370 535 1412 577 οἱ
1441 533 1523 588 γάρ
1582 524 1820 594 {{„‘.¹1{¹2³;¹,'¹¹³⁰⁰¹¹‘

1990 106 1996 183 ἒ

1990 184 1994 208 l

1989 235 1996 293 L*

1989 302 1993 319 ι
