1879 3222
446 149 530 188 246

838 144 1296 182 HERODOTI

447 253 565 308 „iovi
600 251 953 309 ἀποδεδεγμένον,
992 252 1133 305 ὥσπερ
1173 253 1259 296 ἐστὶ
1295 252 1434 295 πολλά
1473 267 1519 295 τε
1547 251 1620 294 καὶ
1649 246 1751 295 εὗὸο

447 322 652 376 ,,ἒ’χοντα,
683 323 719 364 εἰ
747 321 879 365 τέοισι
907 322 980 365 καὶ
1010 321 1179 363 ἄλλοισι
1202 319 1438 375 Ἑλλήνων,
1487 317 1594 362 otu&
1625 320 1697 362 καὶ
1752 313 1835 356 705

449 387 564 442 ,,άπὸ
595 391 675 430 τοῦ
706 388 752 431 ἐν
781 393 1035 432 Μαραθῶνι
1065 389 1197 442 ἔργου
1219 389 1331 441 ἄξιοί
1353 390 1468 442 εἶμεν
1496 390 1624 431 τοῦτο
1650 386 1699 429 τὸ

450 457 606 511 ,,γέρας
635 455 768 510 ἔχειν,
797 457 869 499 καὶ
895 455 1002 499 ἄλλα
1031 456 1140 508 πρός
1169 455 1331 512 τούτῳ·
1359 458 1517 506 οἵτινες
1545 457 1702 509 μοῦνοι

452 521 693 578 ,,Ἑλλήνων
723 522 773 579 δὴ
802 524 1208 579 μουνομαχήσαντες
1237 528 1297 581 τῷ
1328 525 1496 580 Πέρσῃ,
1538 523 1611 566 καὶ
1641 521 1759 576 ἕρ-85

454 608 543 648 ,,γῳ
557 589 751 646 τοσούτῳ
781 590 1132 646 ἐπιχειρήσαντες,
1154 591 1499 646 περιεγενόμεθα,
1529 590 1601 634 καὶ
1621 591 1705 633 ἐνι-

426 660 678 714 8,,κήσαμεν
710 658 840 701 ἔθνεα
888 658 930 710 ἔξ
974 675 1017 700 τε
1047 659 1120 700 καὶ
1158 656 1482 711 τεσσεράκοντα.

1544 653 1610 710 ἆρ’
1648 655 1702 699 οὐ

452 727 768 781 ,,δίκαιοίείμεν
790 726 899 780 ἔχειν
917 725 1076 781 ταύτην
1097 725 1175 781 τὴν
1195 724 1312 775 τάξιν
1325 723 1408 768 ἀπὸ
1425 725 1581 767 τούτου
1594 723 1704 778 μού-

450 809 561 846 ,,νου
589 797 668 836 τοῦ
698 794 854 849 ἒργους
882 790 984 836 Ἀλλ’
1019 791 1072 836 οὐ
1101 793 1184 848 γὰρ
1216 791 1263 834 ἐν
1291 795 1351 848 τῷ
1385 795 1534 847 τοιῷδε
1563 790 1706 842 τάξιος

451 862 622 916 ,,εῑ’νεκα
662 859 901 912 στασιάζειν
938 861 1100 915 πρέπει,
1142 859 1285 914 ἄρτιοί
1327 861 1444 914 εἰμεν
1477 860 1763 902 πείθεσθαι90

454 928 603 983 ,,ὑμῖν,
638 922 672 970 ὦ
701 927 1051 983 Λακεδαιμόνιοι,
1081 929 1155 971 ἴνα
1195 926 1335 970 δοκέει
1368 924 1709 983 ἐπιτηδειότατον
1763 932 1766 934 ’

398 1122 437 1160 in
449 1125 620 1174 proxime
631 1121 938 1160 antecedentibus
951 1121 1055 1160 haud

400 1193 495 1230 opus
516 1182 718 1217 rescribere
740 1176 876 1231 οἷσπέρ
902 1179 992 1227 ἐστι,
1013 1187 1056 1216 ut

400 1235 608 1273 Abreschio
637 1243 793 1274 venerat
812 1236 851 1271 in
872 1243 1055 1273 mentem.

401 1292 463 1329 Ad
492 1294 612 1343 ipsam
640 1293 866 1329 sententiam
895 1294 942 1329 ab
963 1293 1056 1329 scri-

402 1356 510 1400 ptore
521 1348 582 1385 hic
594 1350 778 1400 prolatam
790 1349 945 1396 faciunt,
959 1362 1056 1401 qnae

401 1404 596 1456 adscripsit
640 1405 696 1442 Va
709 1406 748 1441 lc
765 1405 785 1441 l.-
802 1418 818 1442 e
832 1418 916 1443 nae
930 1408 1053 1442 rius:

402 1462 594 1512 „Campus
622 1461 881 1498 Marathonius
911 1463 1059 1512 praeci-

404 1531 479 1569 pua
499 1532 649 1569 semper
667 1519 738 1554 fuit·
766 1517 1059 1555 Atheniensibus

406 1574 592 1624 gloriandi
622 1575 817 1622 materies,
853 1577 941 1626 quia
962 1574 1060 1611 hano

408 1629 456 1665 de
484 1631 606 1667 Persis
635 1631 831 1667 victoriam
845 1632 914 1666 soli
930 1643 1064 1680 repor-

408 1693 591 1723 taverant.
649 1687 707 1721 Ea
744 1683 790 1721 de
824 1698 864 1721 re
893 1687 1064 1736 loquenti

410 1742 586 1792 Lycurgo
613 1754 647 1778 ο.
675 1743 810 1777 Leocr.
831 1755 869 1791 p.
898 1744 988 1788 162,
1014 1744 1062 1781 13

408 1800 464 1848 (p.
485 1799 567 1838 210
586 1810 664 1848 seq.
689 1799 762 1842 R.)
791 1796 966 1834 dicuntur
992 1793 1065 1836 οὔκ

407 1851 472 1893 ἐπὶ
493 1856 542 1906 τῇ
565 1848 661 1906 δόξῃ
689 1853 786 1904 μέγα
805 1856 1065 1902 φρονοῦντες,

409 1904 486 1948 ἀλλ’
510 1908 574 1949 ἐπὶ
590 1911 642 1962 τῷ
661 1905 806 1959 ταύτης
827 1907 918 1957 ἄξια
939 1905 1065 1960 πράτ-

407 1966 529 2004 τειν.“
588 1966 660 2011 Qui
679 1965 783 2002 idem
802 1967 859 2002 vir
886 1964 974 2002 dein
996 1979 1066 2002 ex-

410 2023 500 2059 citat
550 2023 765 2058 testimonia
804 2022 1066 2073 Aristophanis

412 2079 512 2129 qu.
537 2080 655 2118 1331.
685 2076 923 2129 Thucydidis
951 2080 980 2126 Ι,
1001 2081 1068 2126 73,

414 2135 480 2171 ubi
499 2132 750 2172 Athenienses
770 2148 810 2171 se
824 2135 922 2172 solos
940 2134 1071 2172 dicunt

414 2189 638 2227 Marathone
658 2191 995 2240 προκινδυνεῦσαι
1018 2193 1072 2242 τῷ

416 2243 616 2299 βαρβάρῳ,
649 2247 785 2284 Critiae
814 2247 913 2297 apud
932 2246 1070 2286 Athen.

415 2305 434 2340 1
454 2317 491 2354 p.
513 2306 565 2344 28
586 2303 640 2350 C„
661 2316 783 2355 eoque
799 2305 911 2340 etiam
931 2310 1074 2354 spectat

420 2357 801 2411 Μ”αραθωνομάχων
815 2372 955 2396 nomen
975 2361 1074 2396 Atti-

420 2417 501 2452 ticis
551 2416 703 2453 auribus
759 2415 1074 2453 iucundissimum

421 2470 523 2520 apud
549 2471 739 2522 Aristoph.
768 2473 866 2510 Nub.
888 2476 982 2514 982.
1018 2473 1075 2508 Λ-

422 2525 526 2564 then.
547 2528 597 2565 VI
617 2542 654 2579 p.
674 2529 753 2570 253
775 2530 816 2568 F.

481 2602 717 2657 ἐνικήσαμεν
736 2606 856 2646 ἔθνεα
887 2606 926 2655 ἕξ
952 2622 992 2647 τε
1011 2605 1078 2646 καὶ

426 2658 725 2713 τεσσεράκοντα]
757 2665 882 2712 „Satis
906 2666 1078 2713 gloriose.

426 2717 736 2756 Annunnerantur
767 2721 875 2757 nobis
909 2723 1080 2758 nationes

1111 1123 1224 1160 Dario
1262 1123 1462 1172 vectigales
1489 1124 1553 1171 m,
1583 1125 1636 1166 90
1662 1138 1768 1177 seqq.

1110 1181 1181 1216 isto
1193 1193 1361 1220 ,numero
1382 1180 1519 1230 plures.
1541 1181 1680 1217 Illaene
1700 1195 1769 1218 ve·-

1112 1249 1154 1273 ro
1194 1235 1479 1273 Marathoniam
1518 1238 1557 1272 in
1588 1250 1771 1287 campum

1113 1299 1244 1329 contra
1270 1291 1518 1329 Athenienses
1546 1299 1581 1328 et
1610 1295 1770 1331 navibus

1114 1348 1270 1400 quidem
1291 1351 1477 1385 sexcentis
1511 1348 1592 1397 (vl,
1610 1351 1677 1398 95)
1699 1364 1770 1386 ve·-

1112 1412 1251 1442 nerunt
1263 1402 1282 1441 ?
1302 1407 1436 1442 Iustius
1447 1404 1675 1456 adiungitur,
1692 1419 1772 1443 non

1114 1462 1284 1512 profecto
1315 1461 1448 1498 decere
1477 1459 1611 1509 τάξιος
1639 1462 1772 1502 εἵνεκα

1118 1514 1358 1565 στασιάζεινε
1403 1517 1531 1555 adesse
1560 1520 1682 1567 enim,
1723 1514 1774 1559 οὔ

1117 1578 1200 1620 τοῖς
1226 1571 1446 1625 συμμάχοις
1477 1570 1774 1621 στασιάσοντας,

1120 1626 1218 1668 nil-Ao?
1248 1630 1518 1680 μαχουμένους
1547 1634 1628 1677 τοῖς
1659 1633 1776 1669 πολε-

1121 1685 1238 1735 μίοις,
1280 1687 1335 1722 uti
1379 1683 1571 1722 Plutarch.
1620 1686 1775 1727 Aristid.

1122 1742 1233 1791 [cap.
1266 1742 1345 1790 12]
1376 1755 1414 1792 p.
1437 1744 1532 1782 326.
1551 1743 1626 1779 B.“
1665 1743 1777 1780 Wes-

1122 1798 1214 1835 seli
1222 1811 1243 1833 n
1255 1810 1294 1846 g.

1180 1859 1240 1915 ἆρ’
1267 1859 1316 1903 ov’
1339 1864 1488 1904 δίκαιοί
1514 1865 1650 1916 εἶμεν]
1682 1866 1706 1905 i.
1743 1881 1779 1905 e.

1122 1933 1234 1958 nonne
1251 1922 1380 1957 iustam
1398 1925 1460 1967 est,
1490 1935 1551 1958 nos
1578 1936 1653 1959 eum
1687 1924 1781 1962 obti-

1121 1990 1200 2014 nere
1220 1977 1330 2013 locum
1351 1977 1390 2013 ob
1416 1978 1478 2014 laoc
1500 1991 1605 2015 unum
1618 1979 1781 2030 facinus.

1123 2036 1181 2070 De
1201 2046 1273 2069 usu
1283 2034 1385 2070 vocis
1407 2034 1559 2081 δίκαιος
1571 2036 1670 2072 conf.
1683 2043 1779 2073 nott.

1126 2089 1174 2127 ad
1201 2090 1300 2136 vlu,
1339 2092 1428 2129 137.
1470 2089 1532 2126 Ad
1552 2104 1630 2143 seq.
1653 2088 1781 2141 ἄρτιοί

1128 2146 1233 2196 εἰμεν
1260 2145 1400 2195 (parati
1414 2158 1530 2182 sumus
1545 2147 1592 2183 ad
1608 2147 1700 2184 vobis
1713 2161 1780 2197 pa-

1127 2203 1281 2244 rendum)
1304 2201 1403 2237 conf.
1426 2203 1494 2248 lx,
1514 2201 1658 2244 48.53.
1682 2205 1780 2244 Gaii.

1126 2259 1182 2295 Le
1210 2256 1391 2307 philolog.
1412 2259 1454 2298 V.
1490 2272 1526 2308 p.
1556 2262 1650 2307 217,
1681 2258 1784 2298 huno

1128 2315 1167 2351 in
1195 2312 1354 2349 modunl
1374 2313 1468 2351 haec
1491 2316 1649 2365 intelligi
1681 2318 1779 2355 vult:

1130 2384 1220 2419 „nos
1238 2372 1451 2419 pre'teutions
1463 2384 1502 2409 ne
1514 2385 1599 2408 nous
1617 2373 1782 2410 rendront

1126 2440 1193 2477 pas
1222 2427 1440 2476 imprudens:
1488 2441 1573 2465 nous
1605 2441 1719 2465 serons
1749 2431 1782 2464 et

1128 2497 1214 2520 nous
1224 2495 1363 2520 εοηιηιεε
1373 2497 1470 2522 assez
1481 2497 1584 2532 suges
1599 2497 1688 2533 pour
1697 2496 1782 2522 vous

1130 2540 1263 2578 obe'i'sf‘

1189 2607 1256 2646 ’ἵνα
1281 2603 1445 2659 δοκέει]
1486 2607 1541 2643 lta
1561 2613 1661 2643 recte
1680 2620 1783 2644 nunc

1135 2662 1259 2700 editur
1278 2676 1346 2712 pro
1377 2661 1517 2714 δοκέῃ,
1553 2662 1698 2700 dudum
1724 2664 1786 2699 iu-

1135 2721 1248 2758 bente
1275 2717 1567 2768 Valckeuaerio,
1589 2721 1654 2772 qui
1673 2721 1787 2757 etiam
