1879 3222
75 694 173 741 100

575 175 1034 212 CALLIOPE..
1094 175 1175 214 IX.
1423 175 1508 216 3⁴17

243 292 324 328 θεν
353 283 536 339 μάλιστα
573 281 652 337 τήν
689 281 848 338 χώρην.

214 359 335 403 ὄκεν,
362 353 433 394 ἳνα
462 349 583 401 ἐκτὸς
611 353 691 392 τοῦ
721 349 1019 404 στρατοπέδου
1052 352 1165 397 ἔωσι.

916 283 1090 327 ἐποίευν
1126 285 1171 328 δὲ
1209 283 1371 329 τούτου
1401 286 1509 330 εἵνε-

1225 352 1412 404 τούτους
1432 353 1510 408 μὲν

241 419 420 471 Ἰώνων,
449 421 563 461 τοῖσι
592 418 664 460 καὶ
696 419 956 462 κατεδόκεον
987 420 1173 475 νεοχμόν
1191 420 1246 464 ἄν
1273 438 1314 465 τι
1347 421 1566 465 ποιέειν7ο

241 485 455 541 δυνάμιος
485 484 854 541 ἐπιλαβομένοισι,
891 486 1093 540 τρόποισι
1119 488 1356 533 τοιούτοισι
1385 505 1508 545 προε-

240 553 519 611 φυλάσσοντο
552 555 595 598 οἱ
624 554 802 608 Πέρσαι.
861 553 988 598 αὐτοὶ
1025 555 1071 598 δὲ
1108 555 1418 614 συνεφόρησαν
1454 557 1508 602 τοὶ

237 622 375 678 γέῤῥα
409 621 537 676 ἕρκος
567 619 680 665 εἷναί
710 635 801 679 σφι.

347 689 431 741 θΩς
459 691 506 734 δὲ
536 690 621 744 άρα
642 690 996 745 παρεσκευάδατο
1017 696 1131 735 τοῖσι
1147 691 1346 748 ““’,Ελλησι
1375 705 1504 748 προσ-
1515 698 1594 757 75¹¹·
1579 698 1685 725 term
1666 706 1805 758 domm

234 758 364 813 ἤϊσαν
392 756 503 813 πρὸς
530 759 634 810 τοὺς
664 760 925 817 βαρβάρους.
968 762 1087 804 ἰοῦσι
1117 761 1163 804 δέ
1196 772 1276 817 σφι
1305 760 1428 817 φήμη
1457 777 1501 805 τε
1559 774 1593 792 ²¹⁰
1560 766 1711 826 0‘11tm

233 826 439 870 ἐσέπτατο
475 827 517 879 ές
545 827 595 871 τό
626 828 920 884 στρατόπεδον
948 833 1059 882 πᾶν,
1088 829 1162 874 καὶ
1191 828 1433 886 κηρυκήιον
1460 828 1504 874 ἐ-

233 1028 336 1065 τοῖσι
347 1022 413 1064 καὶ
424 1018 658 1063 κατεδόκεον
669 1017 839 1072 νεοχμόν

175 1078 228 1121 c'c'v
259 1098 296 1121 τι
314 1079 488 1127 ποιέειν,
533 1076 728 1130 δυνάμιος
753 1078 839 1117 ἐπι-

175 1138 443 1190 λαβομένοισι]
478 1137 504 1172 i.
539 1150 572 1173 e.
611 1148 694 1185 quos
731 1136 837 1172 etiam

173 1197 255 1232 novi
274 1196 358 1246 quid
369 1195 549 1232 molituros
560 1206 630 1229 esse
644 1192 835 1242 putabant,

165 1251 380 1302 facultatem
396 1247 542 1302 (rerum
557 1263 609 1286 sc.
631 1250 836 1297 novarum)

171 1309 357 1359 adeptos.“
397 1309 472 1345 Ubi
493 1306 639 1344 dativus
660 1309 762 1345 τοῖσι
781 1328 832 1332 —

167 1363 490 1416 ἐπιλαβομένοισι
531 1365 583 1399 ita
614 1361 836 1399 offendebat

168 1421 489 1458 Valckenaerium
504 1447 515 1469 ‚
541 1426 583 1455 ut
605 1425 689 1469 post
719 1433 834 1457 κατε-

169 1473 307 1517 δόκεον
327 1475 510 1515 excidisse
530 1482 679 1527 putaret
694 1471 831 1514 e'veov:

169 1535 294 1584 quibus
329 1539 362 1572 et
394 1536 505 1571 inesse
539 1533 740 1583 putabant,
790 1535 831 1568 ut

159 1590 377 1641 facultatem
400 1590 524 1640 adepti
547 1602 635 1626 nova
667 1588 832 1625 moliren-

167 1651 239 1684 tur.
297 1649 348 1684 Et
394 1647 569 1697 probavit
606 1643 831 1682 Larcherus.

165 1702 263 1741 Mihi
282 1716 389 1742 secus
401 1701 564 1741 videtur.
592 1703 706 1749 Nam,
727 1699 832 1753 quod

165 1768 268 1798 recte
301 1761 452 1798 monuit
486 1756 833 1809 Schweighaeuse-

167 1831 229 1854 rus
239 1819 425 1868 probante
437 1817 629 1854 Sommer.
641 1816 681 1851 iu
693 1814 833 1853 Schul-

166 1875 252 1911 zeit.
278 1876 398 1914 1833.
427 1887 486 1910 nr.
510 1875 588 1913 133
600 1885 688 1923 pag.
713 1871 832 1912 1057.

165 1930 400 1968 καταδοκεῖν
429 1931 496 1968 vix
523 1930 690 1965 multum
709 1929 831 1978 signi-

165 1986 341 2023 ficatione
364 1985 516 2022 differre
535 1985 719 2023 videtura
739 1986 827 2021 sim-

165 2044 254 2093 plici
274 2043 390 2080 verbo
414 2042 547 2081 δοκεῖν
574 2039 826 2092 (existimare),

162 2100 235 2136 nisi
257 2098 361 2151 quod
381 2096 480 2137 κατοέ
502 2111 611 2135 suam
632 2097 828 2150 quandam

163 2157 324 2193 retineat
366 2156 445 2192 vim
493 2168 536 2192 ac
577 2161 825 2205 potestatem:

163 2217 285 2250 contra
317 2213 470 2262 aliquem
506 2213 724 2259 existimare3
764 2212 826 2248 cui

162 2271 279 2307 verbo
301 2268 471 2305 dativum
493 2267 604 2305 adiici
617 2282 738 2319 posse,
760 2269 826 2305 ubi

165 2327 279 2376 vulgo
298 2327 486 2376 genitivus
503 2324 721 2373 adstruitur,
737 2338 825 2376 pro-

164 2383 254 2419 bant
275 2381 316 2418 hi
335 2383 415 2418 fere
436 2383 534 2419 loci:
564 2383 645 2428 VII,
669 2384 707 2421 9.
734 2381 824 2422 146.

162 2440 205 2487 Ι,
241 2442 336 2479 212.
368 2440 444 2486 ΙΙΙ,
487 2438 578 2479 155.
605 2437 740 2478 Matth.
757 2440 823 2476 Gr.

163 2497 228 2533 Gr.
267 2497 305 2540 ξ.
338 2499 418 2536 378
446 2501 526 2531 not.
549 2498 588 2534 3.
651 2497 701 2532 Et
731 2509 822 2533 sane

161 2554 285 2590 latiori
315 2565 453 2599 sensu,
487 2552 627 2589 ubivis
657 2565 822 2603 praepo—

161 2610 303 2646 sitionis
330 2610 410 2645 fere
442 2609 631 2658 exstingui
658 2608 820 2658 videtur,

164 2667 279 2703 utitur
297 2667 432 2703 Noster
453 2666 569 2703 verbo
587 2666 820 2705 καταδοκεῖν

162 2723 200 2769 Ῑ,
231 2726 297 2763 22.
319 2724 501 2763 79.111.
541 2724 618 2770 ΠΙ,
654 2726 718 2763 27.
756 2724 819 2773 Vl,

170 2780 232 2819 16.
262 2780 360 2827 Vm,
382 2781 447 2821 69.
478 2780 557 2828 IX,
578 2780 645 2821 57·
669 2803 716 2808 -——
741 2782 820 2818 Lo-

894 1021 997 1060 cut10
1017 1021 1187 1076 νεοχμόν
1215 1028 1347 1065 ποιεῖν
1370 1022 1470 1062 redit
1487 1024 1558 1072 IX,

898 1078 995 1125 104,
1035 1095 1148 1132 supra
1168 1083 1239 1131 IV,
1269 1085 1366 1122 201.
1419 1082 1474 1130 V,
1506 1083 1558 1122 19

894 1134 990 1174 dixit
1011 1141 1217 1189 νεοχμοῦν.
1264 1140 1308 1175 In
1338 1139 1420 1189 ipso
1441 1151 1559 1189 argu-

893 1201 1025 1231 mento
1055 1209 1143 1232 cum
1170 1195 1365 1232 Herodoto
1396 1208 1558 1232 cousen-

892 1250 992 1287 tiunt
1007 1251 1166 1290 DIOdor.
1188 1254 1258 1302 XI,
1280 1255 1347 1293 33.
1368 1253 1555 1304 Polyaen.

893 1307 1005 1355 VIII,
1035 1308 1103 1350 45,

950 1375 1042 1402 συνε
1028 1361 1234 1416 εφόρησαν
1268 1379 1316 1402 τα
1344 1363 1466 1417 γε’ρῤα
1497 1363 1556 1416 ε’-ρ

889 1433 961 1466 κος
989 1417 1092 1459 εἶναί
1124 1419 1217 1471 σφι]
1246 1421 1272 1458 i.
1294 1434 1328 1457 e.
1360 1421 1495 1472 clypeos
1521 1435 1554 1459 s.

890 1480 1004 1513 crates
1014 1479 1184 1515 vzmineas
1212 1479 1266 1515 ita
1290 1490 1416 1529 compo·
1409 1481 1554 1516 tar-unt

887 1535 928 1569 ut
955 1535 1043 1584 ipses
1067 1547 1132 1585 pro
1157 1534 1252 1571 vallo
1280 1538 1405 1573 essent.
1439 1534 1554 1573 Conf-

887 1588 969 1639 lx,
989 1593 1055 1631 61.
1078 1593 1144 1631 62.
1168 1593 1261 1630 102.

1126 1680 1219 1732 Cap.
1254 1680 1297 1719 C.

943 1756 1299 1811 παρεσκευάδατο]
1345 1759 1433 1799 vid.
1478 1760 1551 1810 IX,

887 1817 958 1858 97.
998 1815 1201 1854 Bekkerus
1240 1817 1408 1870 quaerit,
1453 1831 1552 1855 num

887 1870 1196 1925 παρεσκεύαστο.

946 1926 1063 1980 φήμη
1083 1945 1122 1969 τε
1141 1928 1346 1980 ἐσέπτατο]
1378 1931 1404 1968 ἰ.
1427 1945 1460 1968 e.
1474 1931 1548 1982 fa-

886 1998 944 2023 ma
963 1987 1158 2035 advolavit,
1183 1988 1296 2024 subito
1314 1991 1347 2025 et
1368 1990 1548 2038 inopinato

884 2044 1038 2082 incessit.
1098 2044 1203 2088 Quae
1222 2042 1260 2080 h.
1280 2045 1305 2080 l.
1336 2051 1390 2081 est
1416 2042 1547 2096 φήμη,

883 2099 980 2134 infra
1006 2112 1066 2149 cp.
1089 2102 1163 2139 101
1187 2107 1345 2137 vocatur
1372 2097 1547 2155 κλῃδών.

883 2155 970 2192 Vid.
979 2163 1076 2192 nott.
1088 2155 1136 2192 ad
1151 2156 1195 2204 V,
1207 2158 1261 2196 72
1273 2158 1358 2196 coll.
1370 2159 1436 2206 111,
1455 2158 1545 2199 153,

882 2212 1162 2263 VVesselingius
1196 2214 1374 2251 citaverat
1398 2215 1546 2252 Proco-

881 2269 935 2319 pii
964 2270 1084 2319 Epist.
1114 2271 1183 2306 LII
1212 2277 1248 2307 et
1268 2270 1447 2308 Aeschin.
1486 2273 1545 2309 De

881 2326 964 2363 fals.
986 2327 1120 2377 Legat.
1147 2339 1234 2377 pag.
1256 2326 1309 2367 47
1335 2329 1439 2379 [pag.
1462 2330 1540 2369 311

880 2384 927 2423 R.
945 2397 973 2421 s.
1001 2385 1037 2428 ξ.
1061 2381 1147 2431 41].
1169 2384 1338 2421 Verbum
1355 2385 1542 2424 ε’σεπτᾶτο

880 2447 1003 2476 exstat
1024 2453 1178 2492 quoque
1206 2442 1284 2488 IX,
1316 2445 1407 2481 101.
1456 2443 1542 2479 Alia

880 2495 1026 2533 dabunt
1051 2495 1099 2533 ad
1130 2496 1310 2548 Aeschyl.
1341 2498 1540 2538 Prometh.

879 2556 960 2595 622
992 2553 1094 2601 (665
1114 2554 1273 2599 Blomf.)
1307 2556 1540 2606 interpretes.

877 2632 932 2637 -—
953 2609 1015 2646 Ad
1036 2623 1171 2647 vocem
1193 2615 1428 2664 κυματωγῆς
1439 2613 1539 2650 conf.

877 2674 972 2703 nott.
994 2666 1041 2702 ad
1073 2668 1144 2715 IV,
1179 2670 1268 2708 196.
1323 2671 1402 2706 Nec
1432 2671 1539 2707 aliter

878 2723 924 2760 de
946 2722 1018 2760 hoo
1047 2723 1131 2761 loco
1163 2726 1276 2762 sensit
1304 2727 1538 2777 VVesseling.

875 2781 972 2820 Diss.
994 2780 1136 2819 Herod.
1159 2783 1216 2818 IX
1235 2795 1324 2834 pag.
1345 2786 1448 2835 207,
1473 2784 1538 2821 ubi

1790 736 1801 758 t
1805 740 1839 758 us

1716 766 1835 826 Μιὲπὲο
1788 766 1835 791 ι-Ιο

1558 833 1603 859 tia
1637 833 1675 860 vin
1669 834 1735 860 nei.
1778 841 1836 867 quo

1559 866 1687 895 militum
1711 867 1802 895 animi
