1996 3238
0 0 10 93 ⁶4³.-

172 1104 219 1121 am
239 1095 403 1121 circumve-

174 1128 279 1155 benten
301 1126 431 1154 confrin-

173 1163 228 1197 git.

503 281 554 316 18
896 274 1355 310 HERODOTI

498 385 701 441 Ἀφέτας,
732 382 806 425 καὶ
834 382 935 437 περί
962 399 1006 427 τε
1034 383 1113 434 τὰς
1143 381 1324 436 πρώρας
1352 384 1441 424 τῶν
1460 384 1574 424 νεῶν
1603 380 1760 424 εἱλέον-

472 460 574 503 2το,
614 450 686 493 καὶ
716 449 957 504 ἐτάρασσον
993 451 1100 503 τούς
1130 450 1320 504 ταρσοὺς
1349 453 1438 492 τῶν
1467 448 1658 492 κωπέων.
1717 450 1760 492 οἱ

500 519 545 562 δὲ
576 521 834 572 στρατιῶται
864 520 907 561 οἱ
934 519 1081 575 ταύτῃ,
1113 517 1349 568 ἀκούοντες
1365 520 1513 569 ταῦτα,
1545 517 1586 568 ἐς
1615 514 1762 572 φόβον

500 585 775 636 κατιστέατο,
828 586 1067 639 ἐλπίζοντες
1107 586 1249 641 πάγχυ
1289 583 1573 636 ἀπολέεσθαι,
1614 584 1656 634 ἐς
1688 581 1817 626 οἶα65

469 653 612 696 3κακοὶ
650 647 772 708 ἧκον.
830 654 934 707 πρὶν
962 654 1047 708 γάρ
1078 652 1105 709 ἢ
1133 654 1207 696 καὶ
1247 651 1520 695 ἅναπνεῦσαί
1550 662 1685 707 σφεας
1715 651 1762 694 ἐκ

498 735 542 762 τε
581 723 656 775 τῆς
689 723 900 777 ναυηγίης
942 722 1013 764 καὶ
1050 725 1130 764 τοῦ
1171 723 1379 776 χειμῶνος
1407 723 1486 762 τοῦ
1523 719 1762 774 γενομένου

498 787 609 831 κατὰ
642 787 821 844 Πήλιον,
856 788 1043 844 ὑπέλαβε
1066 789 1282 844 ναυμαχίη
1301 786 1509 843 καρτερή·
1541 786 1587 829 ἐκ
1617 786 1662 829 δὲ
1683 789 1761 841 τῆς

499 857 759 910 ναυμαχίης,
793 854 958 912 ὄμβρος
987 872 1030 899 τε
1061 857 1246 912 λάβρος,
1284 855 1357 898 καὶ
1387 854 1579 910 ῥεύματα
1607 852 1761 910 ἰσχυροὶ

502 922 546 973 ἐς
574 924 804 966 θάλασσαν
844 922 1100 979 ὡρμημένα,
1140 925 1322 979 βρονταί
1361 939 1406 965 τε
1437 923 1630 977 σκληραί.

377 994 440 1039 13
498 988 693 1032 τούτοισι
717 991 795 1044 μὲν
810 991 985 1048 τοιαύτη
1007 991 1088 1043 νύξ
1110 991 1282 1047 ἐγίνετο.

173 1064 202 1088 et
221 1067 310 1087 naves
329 1059 445 1087 Euboe-

1688 938 1761 964 και

1347 994 1469 1033 Τοῖσι
1499 991 1544 1033 δὲ
1573 994 1818 1045 ταχθεῖσι71

505 1055 649 1100 αὐτῶν
677 1059 936 1112 περιπλώειν
973 1059 1173 1116 Εὔβοιαν
1201 1059 1228 1116 ἡ
1263 1058 1371 1114 αὐτή
1410 1073 1490 1112 περ
1523 1058 1658 1101 ἐοῦσα
1686 1055 1766 1108 νὺξ

504 1126 666 1170 πολλόν
695 1120 749 1182 ἦν
779 1127 839 1170 ἔτι
870 1128 1133 1186 α’γριωτέρη,
1162 1127 1357 1185 τοσούτῳ
1387 1126 1476 1183 ὅσῳ
1516 1126 1562 1170 ἐν
1590 1123 1766 1180 πελάγεϊ

446 1289 504 1326 ril.
525 1287 627 1340 apud
646 1286 787 1325 Athen.
816 1289 872 1324 XI
896 1302 934 1339 p.
955 1289 1034 1329 464
1059 1291 1104 1328 B.

445 1346 533 1382 coll.
555 1347 676 1382 Clem.
696 1344 904 1383 Alexandr.
936 1345 1104 1395 Paedng.

446 1402 481 1437 11
501 1415 539 1451 p.
564 1403 653 1448 179,
677 1403 744 1441 29.
802 1403 859 1436 De
888 1402 1032 1451 Aphetl's
1054 1402 1104 1439 cf.

446 1465 542 1494 nott.
573 1456 622 1494 ad
651 1457 732 1504 VII,
756 1459 832 1497 193
866 1464 902 1494 et
923 1457 968 1493 de
989 1459 1106 1495 verbo

447 1513 710 1563 ἕκφορεῖσθαι
728 1514 837 1550 allata
859 1513 1106 1554 a‹lv11.138.

448 1572 530 1606 Hoc
558 1570 644 1606 loco
673 1570 774 1605 male
806 1569 961 1621 qnidam
992 1570 1104 1610 codd.

446 1624 677 1677 ἐξεφέροντο
722 1638 790 1675 pro
835 1625 1105 1677 ἐξεφορέοντο.

448 1683 492 1718 Iu
530 1696 636 1733 seqq.
678 1680 847 1721 εἱλέοντο
888 1684 1031 1734 accipio
1070 1697 1105 1720 se

448 1739 640 1785 volvebant,
681 1750 702 1774 a
734 1739 850 1775 verbo
872 1741 1027 1792 antiquo
1050 1740 1106 1778 εἷ-

449 1794 522 1834 λέω
556 1795 665 1842 volvo,
701 1798 920 1844 constring03
962 1796 1008 1833 de
1031 1809 1105 1847 quo

449 1851 551 1888 conf.
570 1852 794 1888 Buttmann.
818 1854 991 1904 Lexilog.
1011 1854 1047 1888 11
1067 1867 1106 1904 p.

453 1906 686 1948 141—159.

504 1959 723 2015 ἐτάρασσον
741 1961 1107 2015 τούςταρσοῦςτοῖν

447 2019 631 2068 κωπέων]
663 2021 687 2057 i.
708 2033 742 2057 e.
771 2022 1003 2071 impediebant
1020 2022 1106 2070 pal-

447 2077 561 2113 mulas
578 2089 759 2113 remorum.
799 2080 896 2114 Citat
917 2077 1053 2114 Suidas
1074 2091 1105 2118 s.

448 2146 485 2169 v.
505 2130 648 2184 ταρσός
667 2134 720 2168 ΙΙΙ
740 2147 778 2183 p.
799 2132 892 2181 432,
924 2135 988 2170 ubi
1010 2133 1105 2170 haec

448 2189 648 2239 leguntur,
688 2202 786 2240 quae
802 2189 937 2226 eadem
958 2197 1106 2227 exstant

451 2218 1105 2298 5110g10ss.'}1er0(lot.:vapoognv-

451 2307 547 2351 ρίως
566 2303 646 2340 τῶν
659 2297 839 2370 ὀρνίθων
858 2318 883 2353 '¹2
901 2302 1105 2353 πτέρωσις,

453 2353 524 2407 αφ’
554 2352 603 2397 οὗ
631 2357 698 2396 καὶ
730 2373 750 2397 ο
780 2373 859 2396 των
889 2373 1036 2398 κωπων
1059 2355 1105 2397 ὅ-

452 2429 564 2464 μοιος
595 2430 616 2453 0
656 2410 935 2465 σχηματισμός.
964 2435 1019 2442 ——
1060 2416 1105 2451 In

451 2483 558 2521 seqq.
591 2469 639 2506 ad
681 2472 845 2507 somnam
882 2469 1105 2510 κατιστέατο

450 2527 499 2562 cf.
513 2525 646 2563 Matth.
666 2527 731 2564 Gr.
746 2528 811 2566 Gr.
832 2541 868 2578 p.
883 2529 976 2568 378.
997 2527 1106 2566 ἐλπί-

452 2584 582 2628 ζοντες
603 2590 679 2619 est:
709 2588 896 2633 putantes,
920 2584 1106 2621 arbitran-

453 2642 513 2684 tes,
528 2645 567 2674 nt
584 2640 730 2688 saepius
741 2640 842 2690 apud
859 2639 1108 2678 Herodotum.

457 2694 512 2729 Ad
535 2695 764 2731 locutionem
785 2696 824 2743 ἐς
848 2692 913 2736 οἶα
932 2694 1034 2736 κακὰ
1056 2698 1107 2734 si-

455 2752 558 2787 ιιιὶΙῑῖι
581 2751 767 2802 quaedam
789 2754 993 2790 attulerunt
1017 2754 1108 2790 Val-

456 2805 632 2844 ckenaer.
653 2806 700 2843 ad
719 2809 890 2859 Euripid.
912 2808 1110 2848 Phoeniss-

460 2866 564 2904 1633
595 2870 631 2901 et
658 2864 853 2903 Heindorf.
875 2866 922 2903 nd
942 2868 1110 2905 Platonis

1162 1287 1361 1326 Phaedon.
1383 1300 1472 1338 pag.
1498 1289 1592 1328 262.
1639 1287 1696 1324 Ita
1717 1286 1821 1322 euim

1162 1344 1219 1382 his
1240 1346 1330 1382 locis
1350 1346 1505 1395 ponitur
1521 1339 1598 1390 οἷα,
1619 1350 1661 1380 ut
1681 1356 1748 1394 pro
1760 1339 1821 1382 ὅτι

1161 1404 1324 1441 τοιαῦτα
1347 1403 1438 1451 poni
1468 1401 1671 1437 existimes.

1218 1456 1391 1508 ὑπέλαβε
1410 1457 1610 1519 ναυμαχίη
1631 1451 1821 1506 καρτερη]

1161 1513 1224 1550 Ad
1243 1515 1404 1551 verbum
1425 1506 1599 1563 υπέλαβε
1632 1511 1734 1549 cons.
1763 1512 1823 1547 al·-

1160 1572 1236 1607 lata
1266 1569 1314 1606 ad
1334 1571 1396 1616 w,
1418 1573 1486 1609 27.
1535 1570 1628 1605 Mox
1649 1567 1825 1605 revocavi

1162 1640 1251 1664 cum
1273 1624 1493 1675 Schweigh.
1523 1632 1560 1662 et
1593 1625 1708 1661 Gaisf.
1729 1639 1824 1675 καρ-

1162 1680 1254 1734 τερή
1272 1696 1340 1734 pro
1361 1678 1542 1733 κρατερή,
1574 1681 1678 1733 quod
1700 1682 1823 1717 eFlo-

1163 1741 1311 1776 reutino
1341 1740 1492 1790 afioque
1521 1739 1617 1775 libro
1652 1739 1823 1775 retinue-

1161 1803 1250 1833 runt
1273 1795 1482 1844 Schaefer„
1499 1793 1632 1834 Matth.
1655 1802 1692 1832 et
1715 1792 1826 1830 Bek-

1162 1852 1244 1891 ker.
1292 1854 1402 1890 Conf.
1434 1851 1576 1889 Herod.
1604 1853 1633 1899 1,
1663 1854 1729 1892 76.
1757 1851 1821 1898 VI,

1167 1912 1258 1949 101.
1285 1911 1353 1958 ΙΧ,
1393 1911 1432 1948 9.
1490 1910 1554 1946 Sic
1590 1921 1743 1960 quoque
1782 1908 1823 1943 in

1163 1967 1337 2016 proxime
1365 1979 1471 2017 seqq.
1504 1978 1572 2017 pro
1604 1962 1754 2016 ὄμβρος
1783 1978 1823 2003 τε

1163 2019 1310 2073 λάβρος
1352 2023 1392 2058 in
1424 2035 1500 2058 uno
1541 2023 1636 2058 libro
1672 2027 1821 2058 vetusto

1163 2087 1283 2116 exstat
1302 2076 1502 2129 κρατερός,
1530 2080 1568 2114 in
1591 2079 1663 2114 alio
1684 2091 1823 2127 καρτε-

1162 2132 1256 2184 ρόςτ
1289 2134 1392 2187 qnod
1424 2142 1630 2185 utrumque
1652 2148 1672 2171 e
1697 2135 1822 2184 glossa

1162 2191 1320 2228 ductum
1341 2198 1446 2242 puto.
1504 2191 1647 2227 Vocem
1675 2186 1822 2241 λαβρος

1161 2249 1267 2297 attigi
1297 2247 1346 2284 ad
1374 2249 1402 2293 Ι,
1423 2249 1490 2287 87,
1549 2245 1822 2284 Add.B10m-

1160 2303 1262 2342 field.
1292 2305 1330 2340 in
1364 2303 1527 2340 Glossar.
1558 2302 1606 2340 ad
1640 2301 1821 2354 Aeschyl.

1159 2361 1263 2396 Pers.
1288 2358 1378 2399 114.
1398 2381 1453 2386 —
1482 2361 1526 2395 In
1546 2360 1620 2396 fine
1633 2373 1716 2411 cap.
1731 2372 1822 2396 cum

1160 2423 1316 2454 recentt.
1361 2415 1447 2452 edd.
1479 2417 1623 2453 restitui
1657 2411 1821 2467 τοιαύτη

1161 2470 1233 2520 νύξ
1255 2472 1415 2523 ἐγίνετο,
1438 2473 1502 2509 ubi
1523 2472 1750 2512 Schaeferus
1772 2471 1821 2510 de

1160 2542 1229 2566 suo
1251 2529 1404 2566 dederat
1425 2528 1453 2580 ἦ
1472 2526 1556 2577 νύξ.

1379 2619 1472 2670 Cap.
1495 2620 1602 2656 XIII.

1218 2694 1391 2750 τοσούτῳ
1415 2694 1494 2751 ὅσῳ
1518 2714 1555 2740 κ.
1573 2713 1604 2738 τ.
1625 2697 1678 2746 λ.]
1717 2698 1820 2734 Atti-

1163 2756 1218 2806 git
1249 2754 1429 2792 Matthiae
1460 2757 1526 2792 Gr.
1562 2755 1627 2791 Gr.
1660 2755 1698 2799 ξ.
1735 2753 1819 2795 455

1164 2819 1245 2849 not.
1270 2815 1295 2853 7
1315 2826 1353 2862 p.
1371 2811 1452 2853 852
1473 2818 1509 2848 et
1529 2810 1610 2852 480
1630 2817 1709 2847 not.
1732 2813 1757 2850 2
1778 2824 1818 2861 p.

1163 2870 1258 2909 899.
1325 2867 1427 2908 Add.
1468 2866 1650 2906 Schaefer
1685 2868 1819 2919 Appa-

1847 943 1929 985 625
