1996 3238
440 257 496 296 30
836 253 1294 290 HERODOTI

444 367 554 417 ,,νῦν
583 364 628 407 ἐκ
657 365 738 406 τοῦ
768 362 904 417 μέσου
932 361 1037 418 ἡμῖν
1067 361 1212 415 ἕζεσθε
1243 362 1315 405 καὶ
1345 360 1483 414 αὐτοὶ,
1513 360 1585 403 καὶ
1611 362 1699 403 τῶν

413 435 636 485 4,,Καρῶν
667 430 816 474 δέεσθε
843 430 896 472 τὰ
927 429 1036 472 αὐτὰ
1066 427 1171 484 ὑμῖν
1193 429 1368 472 ποιέειν.
1427 431 1464 471 εἰ
1499 429 1544 471 δὲ
1575 427 1698 482 μηδέ-

441 516 593 553 ,,τερον
621 497 790 540 τούτων
819 495 916 541 οἶόν
935 514 978 540 τε
995 498 1205 551 γίνεσθαι,
1237 494 1322 538 ἀλλ’
1354 494 1432 538 ὑπ’
1466 495 1701 552 ἀναγκαίης

443 567 646 623 ,μέζονος
684 567 933 620 κατέζευχθε
977 563 1005 618 ἢ
1036 564 1142 607 ὥστε
1175 563 1463 614 ἀπίστασθαι,
1499 563 1627 619 ’ὑμέες
1653 570 1754 619 γε85

443 637 516 687 ,,ἐν
529 639 587 692 τῷ
603 635 723 693 ἔργῳ,
743 634 869 678 ἐπεὰν
878 634 1195 688 συμμίσγωμεν,
1209 631 1517 683 ἐθελοκακέετε,
1541 648 1701 687 μεμνη-

442 704 590 759 ,,μένοι
617 702 683 745 ὅτι
713 701 783 744 ἀπ’
813 700 957 756 ἡμέων
985 698 1202 754 γεγόνατε,
1231 699 1304 742 καὶ
1338 698 1405 742 ὅτι
1443 698 1634 755 ἀρχῆθεν
1670 697 1697 755 ἡ

441 772 602 827 ,,έ’χθρη
632 769 740 822 πρὸς
767 766 844 811 τὸν
865 767 1092 823 βάρβαρον
1111 764 1179 809 ἀπ’
1207 765 1353 822 ὑμέων
1373 765 1479 822 ἡμῖν
1506 768 1699 822 γέγονε.“

414 848 436 881 5
452 837 759 895 Θεμιστοκλέης
789 837 834 880 δὲ
854 839 989 878 ταῦτα
1012 835 1183 890 ἔγραφε,
1215 835 1382 878 δοκέειν
1400 834 1506 889 ἐμοὶ,
1538 833 1599 877 ἐπ’
1622 833 1699 890 οἷμ-

442 907 607 963 «ponpa
635 904 794 948 νοέων·
824 905 909 954 ἵνα,
941 902 969 959 ἢ
996 903 1191 946 λαθόντα
1221 902 1273 946 τοὶ
1312 901 1543 958 γράμματα
1582 905 1756 957 βασι-90

441 976 535 1023 λέα,
564 973 718 1022 Ἴωνας
759 970 920 1027 ποιήσῃ
949 970 1226 1026 μεταβαλέειν
1254 970 1328 1013 καὶ
1356 969 1561 1025 γενέσθαι
1589 969 1702 1023 πρὸς

442 1042 645 1093 ἑωυτῶν,
690 1038 730 1095 ἢ,
768 1038 859 1082 ἐπεί
887 1054 931 1081 τε
960 1037 1206 1095 ἀνενειχθῇ,
1239 1038 1311 1081 καὶ
1349 1040 1566 1094 διαβληθῇ
1594 1036 1703 1091 πρὸς

443 1112 613 1166 Ξέρξεα,
642 1105 850 1159 ἀπίστους
878 1105 1038 1162 ποιήσῃ
1068 1104 1349 1159 τούςἼωνας,
1379 1106 1561 1149 καὶτῶν
1591 1122 1702 1149 ναυ-

387 1274 495 1311 solam
520 1285 578 1309 vos
609 1271 689 1320 ipsi,
719 1270 954 1306 verumetiam
975 1267 1045 1305 Ca-

387 1331 484 1367 ribus
512 1334 551 1366 ut
583 1329 672 1365 idem
693 1325 858 1375 saciant,
899 1337 1046 1374 persua-

389 1387 478 1424 dete.
518 1384 739 1421 Formulam
770 1381 812 1420 ἐκ
831 1381 903 1419 τοῦ
925 1380 1046 1432 μέσου

386 1442 544 1490 ἕζεσθαι
564 1442 670 1490 attigi
691 1437 737 1474 ad
758 1439 823 1485 ΙΙΙ,
846 1439 912 1478 83.
970 1438 1049 1474 Vo-

386 1500 473 1536 cula
502 1496 544 1537 δὲ
575 1497 614 1534 h.
636 1498 661 1534 l.
684 1508 762 1531 non
795 1496 874 1531 sine
895 1494 932 1530 vi
954 1506 1048 1545 qua-

388 1555 475 1593 dam
487 1555 618 1605 posita,
629 1557 862 1589 monstrante
877 1551 1044 1587 VVerser.

387 1614 427 1649 in
455 1613 556 1648 Actt.
591 1608 738 1662 philon.
767 1609 939 1646 monaco,
966 1609 985 1647 1
1008 1620 1044 1658 p.

388 1671 454 1709 93.

445 1752 528 1796 ἄλλ’
551 1751 619 1795 ’ὑπ’
640 1749 859 1805 ἅναγκαῖης
887 1750 1046 1804 μέζονος

387 1813 638 1863 κατέζευχθε]
658 1813 683 1848 i.
701 1825 734 1848 e.
755 1810 813 1847 secl
839 1812 872 1846 si
886 1811 1048 1858 graviori

388 1872 591 1908 necessitate
629 1881 732 1918 quam
757 1871 797 1904 ut
842 1866 881 1915 (a
903 1867 1044 1912 Persis)

389 1928 533 1977 deficere
565 1927 731 1976 possitis,
775 1925 856 1960 estis
880 1923 1050 1960 adstricti

387 1997 417 2020 s.
441 1984 563 2020 coacti.
594 1981 655 2018 Ad
675 1982 907 2018 locutionem
927 1981 1048 2017 Wes-

388 2041 522 2086 seling.
563 2039 660 2074 bene
709 2037 817 2073 affert
863 2034 1043 2086 Aeschyl.

387 2094 585 2133 Prometh.
619 2096 710 2134 108.
742 2091 922 2143 Sophocl.
952 2092 1048 2129 Phi-

388 2154 478 2192 loct.
504 2153 620 2192 1022.
642 2151 703 2186 Αἰ.
730 2153 820 2190 123.
871 2151 948 2185 Nec
968 2148 1048 2186 dis-

387 2209 518 2246 similis
544 2208 684 2244 locutio
697 2206 797 2257 apud
808 2205 1047 2242 Herodotum

388 2268 418 2312 l,
443 2268 488 2305 11
514 2264 597 2301 coll.
620 2265 688 2310 lX,
714 2266 776 2303 16.
796 2285 852 2290 —
879 2263 924 2298 In
940 2275 1045 2314 seqq.

390 2321 506 2373 ἔργον
536 2320 581 2357 de
602 2321 679 2370 ipsa
696 2333 823 2369 pugna
855 2320 1045 2369 accipien-

390 2377 496 2423 dum,
517 2384 559 2414 ut
570 2378 729 2427 saepius.
761 2376 929 2412 Verbum
947 2387 1047 2426 συμ-

391 2436 544 2487 μίσγειν
564 2434 669 2483 afligi
697 2431 745 2468 ad
765 2433 845 2479 VII,
867 2431 934 2472 85.

448 2511 609 2561 ἔγραφε]
632 2513 687 2548 Ita
708 2524 795 2547 cum
827 2507 1046 2560 Schweigh.

393 2575 429 2605 et
460 2569 575 2605 Gnisl'.
608 2569 777 2618 rescripsi
796 2580 864 2617 pro
886 2567 1044 2619 ἔγραψε,

393 2624 496 2677 quod
520 2638 540 2658 e
563 2623 707 2660 duobus
718 2623 828 2662 codd.
845 2630 1046 2660 tenuerunt

393 2680 585 2719 senneser.
608 2687 643 2716 et
664 2679 795 2716 Matth.
818 2704 867 2708 —-
890 2676 947 2719 ἐπ’
971 2675 1048 2731 α’μ-

393 2737 544 2785 φότερα
582 2735 706 2775 νοέων
754 2735 973 2787 Schweigh.
1006 2737 1045 2772 in

391 2792 675 2831 Lemnon-odon
688 2791 830 2829 reddit:
853 2795 890 2829 in
911 2797 1047 2830 utram-

390 2864 455 2901 ‹Juc
482 2854 619 2901 partem
652 2851 826 2898 cogitans,
862 2862 932 2887 rem
959 2849 1046 2888 cleli-

1101 1267 1236 1306 berans.
1285 1269 1362 1304 Pro
1383 1267 1559 1319 βασιλῆα
1577 1264 1666 1303 dedi
1685 1267 1759 1319 βα·-

1103 1323 1224 1365 σιλέα.

1159 1380 1244 1420 ἐπεί
1271 1394 1311 1419 τε
1340 1374 1558 1433 ἀνενειχθῇ
1576 1376 1643 1417 καὶ
1671 1378 1761 1417 δια-

1104 1437 1244 1491 βληθῇ
1276 1432 1378 1488 πρός
1420 1435 1588 1485 Ξέρξεα]
1628 1448 1680 1472 sc.
1711 1431 1761 1473 τοὶ

1103 1491 1334 1545 γράμματας
1374 1497 1417 1527 ut
1450 1490 1545 1528 haec
1580 1491 1696 1528 verba
1729 1491 1761 1528 si

1103 1552 1309 1587 renunciata
1331 1561 1360 1585 s.
1387 1548 1503 1585 relata
1515 1551 1625 1586 essent
1640 1548 1761 1597 (xer-

1101 1607 1161 1657 xi)
1183 1610 1214 1643 et
1237 1607 1273 1642 in
1298 1604 1512 1641 calumniam
1538 1607 1611 1641 sive
1643 1605 1761 1641 crimi-

1102 1665 1160 1699 nis
1204 1663 1430 1712 suspicionem
1471 1661 1628 1697 adducta
1662 1659 1760 1711 apud

1101 1721 1228 1768 ipsum,
1258 1719 1358 1755 lones
1389 1720 1562 1767 suspectos
1585 1718 1663 1754 sive
1681 1717 1761 1766 fide

1103 1775 1225 1812 dubios
1244 1774 1423 1811 redderent
1445 1787 1583 1825 eosque
1598 1786 1617 1809 a
1630 1786 1758 1824 pugna

1101 1832 1226 1869 navali
1247 1837 1476 1868 amoverent.
1522 1829 1634 1867 Haud
1653 1831 1761 1866 aliter

1101 1887 1317 1925 Herodotus
1346 1888 1386 1923 iu
1412 1887 1524 1924 simili
1556 1900 1597 1923 re
1616 1887 1684 1933 IX,
1706 1888 1759 1927 98

1101 1946 1169 1982 sm.
1239 1947 1419 1981 Nostrum
1448 1944 1578 1980 locum
1615 1944 1761 1979 excita-

1102 2003 1155 2038 vit
1165 2003 1211 2038 G.
1222 2003 1430 2037 Hermann.
1444 2001 1604 2050 Opuscc.
1614 1997 1762 2036 Acadd.

1102 2059 1154 2095 IV
1173 2072 1210 2108 p.
1238 2061 1314 2098 103
1343 2056 1390 2093 de
1410 2058 1546 2094 vocula
1576 2055 1659 2095 ἐπεὶ
1690 2068 1761 2092 ex-

1102 2128 1270 2165 ponens,
1321 2126 1419 2165 quae
1443 2111 1505 2150 hic
1532 2113 1664 2149 fortius
1698 2125 1761 2148 ur-

1103 2179 1190 2222 geat
1210 2169 1481 2216 conditionem,
1518 2182 1607 2205 cum
1626 2169 1656 2205 si
1688 2167 1759 2207 ἐπ-

1104 2225 1174 2266 εοέν
1194 2226 1345 2264 dixisset
1371 2224 1596 2272 Herodotus,
1616 2224 1669 2260 nil
1687 2225 1759 2260 nisi

1103 2285 1291 2320 incertum
1313 2296 1391 2319 esse
1410 2280 1622 2328 indicasset,
1651 2281 1758 2317 futu-

1102 2353 1238 2376 rumne
1259 2338 1354 2375 illud
1374 2345 1469 2375 esset
1490 2351 1560 2374 nec
1591 2350 1661 2385 ¹¹03
1699 2338 1758 2373 in-

1101 2396 1225 2447 deque
1246 2394 1389 2432 reddit:
1419 2397 1453 2432 si
1485 2393 1609 2446 (quod
1628 2401 1759 2430 tamen

1101 2455 1131 2490 si
1152 2453 1231 2488 fieri
1251 2459 1386 2502 posset,
1407 2451 1545 2488 evitare
1564 2450 1759 2502 cupiebat)

1101 2511 1314 2558 cognovisset
1354 2507 1501 2545 Xerxes.
1558 2509 1615 2543 De
1659 2507 1760 2543 cou-

1102 2567 1290 2613 iunctis-o,
1342 2566 1408 2617 qui
1439 2563 1500 2601 hic
1534 2564 1758 2614 particulam

1103 2621 1188 2661 ἐπεὶ
1228 2622 1389 2672 excipit,
1427 2622 1577 2657 monuit
1604 2632 1757 2671 quoque

1102 2676 1425 2729 Hartung,Lehre
1444 2691 1480 2716 v.
1505 2676 1542 2714 d.
1564 2674 1758 2713 Partik.d.

1103 2737 1168 2774 Gr.
1193 2733 1352 2786 Sprach.
1371 2736 1407 2770 11
1426 2747 1465 2785 p.
1496 2735 1592 2773 296.
1612 2754 1668 2760 —
1697 2733 1755 2768 De

1102 2793 1217 2829 verbo
1235 2787 1461 2842 διαβάλλειν
1482 2790 1582 2827 conf.
1602 2787 1755 2826 nomed

1101 2849 1147 2898 V,
1169 2849 1235 2890 50.
1258 2850 1324 2889 97.
