1996 3238
596 206 629 242 U
660 207 943 245 RANIA.
1002 208 1132 246 VIII.
1310 213 1317 220 *
1422 208 1503 249 137

237 316 349 360 λάδα
377 315 404 370 ἢ
436 313 570 357 αὐτὸν
599 318 739 366 καλῶς
769 319 1016 371 τελευτῆσαι
1045 316 1122 360 τὸν
1151 316 1263 372 βίον,
1295 314 1404 370 ὑπὲρ
1428 333 1502 397 με-

237 384 380 440 γάλων
411 381 708 438 αἰωρηθέντα·
739 384 871 426 πλέον
895 383 1041 438 μέντοι
1064 384 1192 439 ε’φερέ
1223 386 1266 427 οί
1293 383 1320 441 ἦ
1349 383 1501 441 γνώμη

235 449 583 505 κατεργάσασθαι
602 451 680 507 τὴν
703 450 911 496 Ελλάδα·
944 451 1232 507 λογισάμενος
1256 456 1318 495 ὠν
1349 457 1557 503 ταῦτα,75

207 518 479 573 Ξπροσέφερε
510 519 587 562 τὸν
616 519 749 575 λόγον
767 519 913 564 τόνδε·
947 520 1192 574 ,,Δε’σποτα,
1223 520 1326 576 μήτε
1347 521 1498 574 λυπέο,

233 585 365 641 ,,μήτε
396 587 630 642 συμφορὴν
663 590 879 645 μηδεμίαν
908 587 1099 644 μεγάλην
1128 592 1255 631 ποιεῦ
1275 592 1404 632 τοῦδε
1422 592 1503 632 τοῦ

232 653 490 709 ,,γεγονότος
521 656 684 698 εἵνεκεν
715 656 981 712 πρήγματος.
1014 654 1068 700 οὐ
1098 656 1183 711 γάρ
1214 655 1358 707 ξύλων
1381 655 1501 712 ἀγών

233 721 289 775 ,,ὁ
329 720 377 765 τὸ
419 726 506 764 πᾶν
546 724 695 777 φέρων
736 725 822 768 ἐστὶ
854 723 980 780 ἡμῖν,
1028 723 1120 768 ἀλλ’
1146 723 1324 778 ἀνδρῶν
1354 740 1398 767 τε
1428 724 1502 767 καὶ

206 790 429 841 3,,ἴππων.
475 790 542 833 σοὶ
584 791 629 834 δὲ
670 790 768 835 οὔτε
808 809 871 843 τις
901 792 1071 835 τούτων
1100 796 1187 836 τῶν
1216 792 1266 835 τὸ
1306 795 1395 834 πᾶν
1427 800 1560 848 σφι80

232 858 343 914 ,μὴ’δη
375 857 618 913 δοκεόντων
649 861 944 916 κατεργάσθαι
974 860 1143 916 ἀποβὰς
1173 858 1260 904 άπὸ
1283 862 1372 903 τῶν
1390 865 1504 902 νεῶν

233 925 508 982 ,,πειρη’σεται
528 924 810 984 ἀντιωθῆναι,
843 928 932 973 οὔτ’
963 929 1009 973 ἐκ
1039 933 1114 985 τῆς
1143 928 1329 986 ἠπείρου
1359 929 1501 984 τῆσδε·

203 995 284 1037 4οἳ
308 1011 352 1037 τε
382 992 486 1049 ἡμῖν
514 994 809 1052 ἠντιώθησαν,
840 997 998 1040 ἔδοσαν
1028 1000 1165 1049 δίκας.
1224 998 1281 1039 Εἰ
1310 996 1390 1050 μέν
1419 1013 1504 1040 νυν

230 1062 417 1116 ,,δοκέει,
456 1061 610 1106 αὐτίκα
656 1065 911 1121 πειρώμεθα
941 1069 1013 1122 τῆς
1052 1062 1421 1119 Πελοποννήσου·
1467 1065 1504 1106 εἰ

233 1130 308 1183 ,,δὲ
332 1130 404 1173 καὶ
437 1130 577 1175 δοκέει
606 1132 813 1189 ἐπισχεῖν,
852 1134 1026 1189 παρέχει
1058 1134 1223 1177 ποιέειν
1252 1137 1403 1176 ταῦτα.
1443 1131 1501 1189 μὴ
1517 1140 1560 1173 85

233 1197 308 1250 ,,δὲ
340 1199 580 1257 δυσθύμει·
612 1201 666 1246 οὐ
700 1200 783 1258 γάρ
807 1201 895 1246 ἐστι
912 1201 1093 1258 Ἕλλησι
1124 1200 1307 1258 οὐδεμία
1327 1201 1502 1252 ἔκδυσις

174 1381 275 1425 δω’σ
290 1401 332 1426 ει
357 1409 410 1415 ——
430 1385 499 1426 καί
512 1385 553 1426 οἱ
574 1384 739 1438 κρέσσον
759 1386 837 1438 εἴη

172 1441 250 1481 vid.
267 1444 344 1481 citt.
366 1443 414 1480 ad
430 1444 483 1491 V,
515 1445 579 1483 97.

231 1497 334 1552 ’ὑπὲρ
361 1496 542 1553 μεγάλων
564 1497 837 1551 αἰωρηθέντα]

173 1556 198 1592 i.
229 1570 261 1596 e.
304 1569 507 1608 suspensum
536 1557 577 1593 de
614 1559 778 1605 magnis,
809 1571 838 1597 s.

176 1614 240 1650 cui
255 1612 302 1649 de
316 1616 466 1665 magnis
487 1614 598 1650 rebus
617 1615 663 1650 sit
685 1614 839 1664 pericli—

174 1669 349 1719 tandum,
371 1685 436 1723 spe
448 1672 605 1707 incerta.
637 1669 840 1721 Schweig-

174 1725 380 1766 haeuserus
433 1727 577 1765 reddit:
628 1739 840 1777 magnarum

177 1797 291 1821 rerum
326 1798 383 1835 spe
410 1785 540 1822 elatum
551 1799 564 1830 ,·
603 1797 680 1836 quo
701 1784 839 1821 eodem

179 1848 364 1891 spectant,
379 1855 478 1894 quae
494 1841 563 1878 We
574 1842 811 1890 sselingiu
823 1856 839 1878 s

180 1897 230 1934 ad
259 1897 300 1935 h.
329 1899 356 1935 l.
392 1898 608 1949 adscripsit:
641 1900 841 1947 „Nimium

179 1967 260 1991 sese
308 1967 351 1991 ac
399 1956 607 1992 insolenter
653 1957 841 1993 extulerat

178 2009 400 2049 Mardonius
422 2042 431 2060 ,
489 2007 728 2061 φυσώμενος
775 2012 844 2052 καὶ

184 2066 381 2118 μετέωρον
435 2063 630 2123 ᾖωρηκώς
680 2066 842 2117 ἑαυτὸν,

180 2125 237 2161 uti
256 2123 370 2161 Philo
400 2124 484 2161 Iud.
515 2126 573 2160 De
603 2126 774 2162 Insomn.
806 2139 844 2175 p.

181 2182 290 2221 1110
310 2183 355 2219 Ε.
381 2182 499 2218 Tali·
489 2182 644 2231 lngenio
666 2180 842 2218 homines

180 2233 396 2288 ἅνθρωποι
420 2242 554 2284 κεναῖς
575 2235 844 2290 αἰωρούμενοι

179 2289 312 2341 δόξαις
342 2296 382 2332 in
414 2294 583 2332 eiusdem
620 2296 729 2333 libro.
785 2297 843 2331 De

178 2351 336 2388 Temul.
357 2365 445 2403 pag.
458 2351 552 2393 245.
570 2352 613 2389 C.
618 2353 640 2372 ‘⁶
672 2353 844 2389 Verbum

179 2407 419 2457 αἰωρεῖσθαι
464 2410 616 2459 proprie
655 2410 845 2460 navigan-

180 2465 278 2501 tium
295 2472 348 2502 est
363 2492 374 2510 ,
405 2467 470 2517 qui
490 2467 529 2501 in
553 2466 628 2502 aito
649 2473 847 2503 versantur

179 2522 277 2558 mari
319 2529 433 2574 atque
476 2522 662 2559 fluctuant
698 2524 846 2571 incerti,

180 2576 259 2615 huc
297 2579 387 2615 illuc
430 2580 578 2627 iactati·
608 2578 712 2616 unde
751 2593 847 2617 mox

182 2633 232 2671 ad
255 2648 318 2672 eos
334 2636 587 2685 translatum,
623 2637 689 2688 qui
709 2638 844 2675 animis

182 2691 368 2729 fluctuant
417 2694 552 2730 incerti
598 2695 845 2746 suspensique

181 2744 258 2785 huc
278 2749 368 2786 illuc
387 2750 586 2790 iactantur.
620 2750 729 2788 conf.
749 2757 846 2789 nott.

185 2803 235 2842 ad
284 2805 479 2845 Piuta'rch.
518 2806 708 2845 Alcibiad.
756 2821 847 2859 pag.

895 1388 976 1427 219
1006 1398 1087 1437 seq.
1107 1383 1156 1422 ad
1176 1381 1313 1436 Pyrrh.
1334 1398 1373 1435 p.
1394 1385 1489 1433 226,
1512 1382 1560 1420 ad

894 1442 1138 1494 Philopoem.
1159 1454 1245 1492 pag.
1268 1442 1335 1482 58.

953 1495 1003 1539 ου’
1023 1515 1097 1569 γάρ
1110 1495 1238 1547 ξύλων
1256 1493 1402 1549 άγωνο
1419 1511 1462 1534 το
1478 1496 1564 1534 ποῖν

896 1571 1031 1607 φερων
1063 1555 1144 1596 ἐστὶ
1175 1554 1292 1606 ημῖν]
1324 1553 1563 1602 Wesseling.

894 1619 1091 1664 comparat
1128 1612 1328 1663 epistolam
1370 1581 1563 1645 MardoiiDii

896 1669 945 1707 ad
958 1672 1122 1707 Graecos
1143 1667 1246 1720 apud
1258 1664 1455 1705 Plutarch.
1472 1666 1564 1702 Ari-

895 1726 982 1765 stid.
1008 1741 1067 1778 cp.
1102 1729 1153 1767 10
1181 1739 1270 1777 pag.
1296 1721 1379 1766 324
1406 1723 1463 1766 C.⁷
1496 1723 1564 1760 ubi

894 1785 1077 1835 leguntur
1124 1784 1262 1822 verba:
1329 1775 1564 1831 νενικήκατε

897 1841 1137 1887 θαλασσίοις
1182 1836 1315 1888 ξύλοις
1354 1836 1564 1888 χερσαίους

897 1894 1212 1950 άνθρώπους-
1233 1893 1275 1935 τὸ
1288 1896 1369 1934 πᾶν
1399 1893 1536 1945 φέρειν
1549 1906 1564 1930 -·

899 1953 1286 2005 Schweighaeuserus
1336 1963 1564 2001 comparans

898 2011 1042 2049 Herod.
1064 2012 1163 2058 VIII,
1190 2013 1255 2058 62,
1273 2011 1564 2059 interpretatur:

901 2071 1016 2105 omnia
1073 2067 1185 2104 alicui
1218 2065 1391 2116 conferre,
1442 2064 1565 2101 maxi-

900 2138 994 2162 mum
1023 2128 1055 2160 et
1089 2123 1170 2174 fere
1208 2126 1320 2159 totum
1360 2125 1565 2157 momentum

900 2182 1068 2232 conferre.
1087 2200 1140 2208 --
1172 2179 1216 2214 In
1239 2191 1346 2230 seqq.
1368 2190 1437 2228 pro
1458 2177 1566 2226 vulg.

900 2233 1223 2290 κατεργάσασθαι
1250 2265 1262 2283 ,
1311 2233 1416 2285 quod
1475 2246 1566 2270 cum

901 2294 1110 2333 Schaefero
1150 2293 1272 2330 tenuit
1303 2289 1513 2338 Matthiae,
1544 2303 1566 2326 e

900 2352 1120 2390 Florentino
1145 2351 1302 2401 aliisque
1339 2347 1466 2398 recepi
1494 2361 1568 2385 κα-

901 2404 1142 2461 τεργάσθαι,
1174 2405 1279 2459 quod
1302 2404 1407 2442 idem
1435 2404 1568 2440 fecisse

902 2466 1016 2506 video
1038 2463 1280 2501 Bekkerum.

960 2517 1276 2572 πειρώμεθατῆς
1300 2512 1570 2566 Πελοποννή-

905 2581 996 2629 σου]
1013 2577 1096 2617 vid.
1112 2578 1222 2614 allata
1233 2575 1280 2612 ad
1289 2574 1352 2623 IV
1365 2577 1419 2616 80
1428 2581 1465 2611 et
1477 2572 1567 2611 add.

901 2638 971 2685 IX,
1002 2635 1156 2676 46.18
1213 2605 1384 2671 Verbuin
1405 2629 1568 2682 παρέχει

904 2694 1097 2758 attigimus
1128 2703 1241 2742 supra
1262 2688 1310 2726 ad
1330 2689 1438 2736 VIII,
1469 2691 1509 2728 8.

962 2745 1012 2790 ου’
1043 2744 1119 2800 γάρ
1154 2746 1234 2787 ἔστι
1251 2743 1420 2796 Ἐλλησι
1451 2741 1571 2784 ουδε-

904 2804 977 2860 μία
1017 2804 1195 2854 ε’κδυσις,
1242 2820 1297 2857 μη
1342 2797 1392 2843 ov'
1428 2797 1572 2847 δόντας
