1879 3222
227 200 310 240 522
744 201 774 238 1.
804 201 961 239 INDEX
990 202 1178 242 RERUM.

274 307 362 349 vias,
386 308 441 348 lv,
464 306 530 341 181
555 310 622 341 not.
646 318 687 342 ex
698 310 940 353 opinionem·

271 353 400 393 rodon,
425 354 480 393 IV,
505 353 568 387 181
594 358 662 386 not.
686 357 765 389 coll.
792 356 850 397 IV,
872 357 939 391 197

275 404 344 433 not.
367 401 482 433 cultus
509 405 542 432 et
563 410 675 440 sacra,
699 402 756 443 lV,
778 402 844 436 188
868 407 935 436 not.

273 450 392 489 gentes
404 446 563 478 nomades
577 458 587 487 3
611 448 857 481 commercium
870 460 936 491 qno

273 491 389 530 modo,
412 491 470 532 lv,
490 492 556 524 196
580 495 648 526 not.
683 494 722 536 *)
756 495 937 538 Aegyptiis

274 537 461 578 montibus,
483 537 531 580 ΙΙ,
555 536 600 570 17
624 542 693 572 not.
715 543 749 573 et
761 541 861 573 Casio
871 541 935 584 Sy-

271 582 346 617 riae
376 586 494 616 monte
516 584 560 616 ab
587 583 668 617 Asia
692 585 937 626 disterminata,

273 628 320 672 ΙΙ,
346 627 423 662 158.
448 632 594 672 quatuor
615 631 768 665 nationes
785 643 862 665 eam
885 632 936 665 in-

273 675 410 708 colunt:
441 675 638 718 Aethiopes,
679 688 796 711 versus
832 677 938 710 meri-

273 721 366 754 diem
386 720 449 764 (cs.
472 720 515 760 ΙΙ,
543 721 588 753 29
611 725 679 756 not.
703 722 840 764 11¹‚114
858 723 936 755 coll.

274 766 319 807 ΙΙ,
352 766 399 800 29
432 770 500 800 not.
533 766 597 807 ΙΙΙ,
622 766 666 800 17
696 774 731 802 et
754 769 814 806 lv,
849 768 936 810 1323)

271 812 403 857 Libyes
428 812 472 845 ad
494 813 768 854 septentrionem,
802 813 934 857 indige-

270 868 356 898 nae,
379 862 414 892 et
436 858 624 891 Phoenices
646 864 679 891 et
704 858 848 899 Graeci,
873 859 936 891 ad-

271 915 400 944 venae,
424 903 482 944 IV,
506 902 572 935 197
596 904 641 935 cf.
666 904 711 943 ΙΙ,
735 904 790 936 32.
817 910 850 937 et
873 905 934 943 IV,

271 948 340 982 15⁰
372 952 442 982 not.
473 959 579 992 supra
613 949 735 993 Libyes
766 950 936 983 Nomades

271 996 346 1028 fera
377 994 488 1038 Libya
523 999 573 1027 est
600 991 643 1037 (ἡ
662 993 853 1039 θηριώδης
871 999 936 1029 Λι-

271 1037 391 1084 βύη),
425 1044 457 1072 et
476 1051 580 1083 snpra
601 1041 690 1073 hanc
714 1041 935 1084 supercilium

269 1096 454 1119 arenosum
489 1083 632 1129 (οφρύη
650 1084 832 1131 ψάμμης),
872 1088 935 1130 IV,

270 1131 337 1165 181
371 1136 441 1164 not.
473 1131 596 1175 Libya,
628 1135 814 1166 sea-undum
837 1145 934 1166 mare

269 1177 557 1211 mediterraneum
588 1178 778 1223 porrigitur
799 1180 843 1213 ab
866 1180 935 1213 Ae-

268 1227 379 1267 gypto
409 1234 516 1266 usque
546 1224 589 1256 ad
622 1224 820 1258 Soio'etntem
856 1237 934 1268 pro-

268 1269 491 1310 montorium,
519 1269 563 1309 11,
587 1269 643 1305 32.
668 1271 794 1315 Libyes
805 1271 933 1305 Noma-

268 1316 327 1348 des
359 1325 456 1348 mare
489 1315 651 1349 adcolunt
689 1317 732 1350 ab
775 1317 934 1362 Aegypto

268 1372 378 1403 usqne
402 1361 445 1394 ad
469 1360 685 1395 Tritonidem
708 1363 840 1396 laeum:
875 1375 935 1396 eo-

267 1418 348 1440 rum
376 1406 531 1440 instituta
569 1413 601 1440 et
645 1408 831 1450 sacrificiu,
871 1410 932 1451 IV,

267 1452 459 1487 1864-190.
486 1452 614 1497 singuli
639 1454 765 1497 populi,
790 1455 848 1496 IV,
866 1454 934 1488 168

267 1498 393 1532 —180.
434 1498 538 1542 primi
562 1500 715 1532 omnium
741 1500 934 1543 Neptunum

268 1545 459 1587 coluerunt,
493 1545 537 1585 ΙΙ,
561 1543 616 1578 50.
650 1546 725 1579 Soli
759 1551 792 1579 et
815 1548 934 1580 Lunae

269 1591 478 1630 sacrificant,
518 1591 578 1631 1V,
622 1591 701 1626 188.
741 1593 933 1633 Minervae,

268 1635 450 1677 indigenae
467 1636 550 1668 deae
571 1647 672 1669 saera
696 1637 838 1677 faciunt,
872 1639 934 1678 lv,

267 1680 346 1714 180.
370 1682 414 1714 ab
438 1680 480 1713 iis
504 1681 629 1715 Graeci
652 1689 854 1725 acceperunt
865 1684 934 1715 Mi-

268 1737 395 1760 nervae
438 1726 593 1769 aegides,
631 1731 665 1760 et
708 1728 932 1769 quadriiugos

267 1783 373 1814 equos
404 1771 559 1815 iungere,
590 1772 648 1813 lv,
681 1773 758 1806 189.
783 1775 829 1806 cf.
855 1773 933 1815 VH,

267 1817 347 1851 184.
380 1835 427 1841 —-
473 1817 599 1860 Libyes
636 1819 833 1860 Agricolae,
870 1819 932 1859 lv,

267 1862 333 1897 191
366 1874 460 1905 seqq.
492 1862 629 1906 Libyes,
661 1864 821 1906 Aegypto
855 1864 933 1897 fini-

266 1908 356 1949 timi,
383 1908 512 1951 Apriae
534 1909 609 1952 rogi
634 1920 670 1942 se
693 1910 842 1950 tradunt,
871 1910 933 1951 IV,

269 1950 345 1988 159.
376 1955 423 1988 cl'.
446 1954 491 1994 ΙΙ,
516 1954 596 1988 161.
620 1954 787 1999 Cambysi
809 1967 845 1987 se
868 1956 932 1987 de-

267 2001 362 2041 dunt,
405 2004 438 2034 et
470 2000 562 2035 dona
592 2001 744 2043 mittunt,
782 2001 843 2040 ΙΙΙ,
885 2000 929 2033 13

266 2050 338 2080 not.
363 2045 469 2079 Dario
493 2045 662 2081 tributum
687 2046 846 2090 pendunt,
870 2046 932 2087 ΙΙΙ,

266 2091 312 2124 91
335 2096 403 2126 not.
428 2103 545 2125 eorum
577 2097 754 2126 armatura
785 2093 819 2125 in
846 2094 933 2126 Xer-

267 2137 320 2171 xis
343 2137 506 2180 exercitu,
529 2137 607 2180 VH,
628 2138 673 2171 71
696 2142 766 2174 not.
793 2138 849 2174 86.
865 2137 932 2171 184

267 2187 337 2217 not.
363 2184 404 2228 (i.
422 2195 451 2216 e.
475 2187 594 2228 gentes
619 2184 744 2218 Poenis
762 2184 932 2227 subditae)

267 2229 397 2273 Libyes
419 2241 498 2262 cum
523 2230 866 2274 Carthaginiensibus
896 2229 932 2264 in

265 2275 390 2310 Sicilia
414 2275 576 2319 militant,
601 2277 679 2320 Vll,
704 2274 770 2309 165
793 2282 862 2311 not.

995 311 1139 356 Libycus
1165 322 1272 352 mons,
1296 312 1459 346 terminus
1480 313 1631 358 Aegypti
1653 317 1697 350 ab

1039 369 1173 397 occasu,
1197 359 1242 400 ΙΙ,
1267 358 1290 391 8
1314 364 1382 393 not.

993 403 1112 436 Lichcs
1143 404 1334 446 Spar-tiata,
1365 415 1450 437 unus
1473 415 1515 438 ex
1538 405 1698 438 beneme-

1037 448 1124 489 ritis,
1153 450 1282 484 Orestis
1314 461 1391 485 ossa
1425 450 1562 494 reperit,
1600 451 1631 493 I,
1653 451 1699 485 67

1038 499 1105 527 not.
1131 493 1187 528 68.

991 539 1104 579 Leda,
1138 551 1235 574 mons
1268 540 1415 584 Cariae,
1455 541 1484 584 Ι,
1516 540 1597 576 173.
1631 540 1700 576 175

1038 589 1108 617 not.

990 631 1144 674 Ligncus
1166 641 1224 672 pes
1246 630 1475 675 {legesistrati
1507 632 1615 674 vatis,
1638 632 1700 673 lx,

1036 675 1092 708 37.
1129 675 1246 717 lignea
1277 677 1357 710 urbs
1381 677 1606 720 Badium-um,
1638 678 1700 719 IV,

1037 720 1115 754 108.
1149 721 1226 754 123.
1260 721 1329 756 vid.
1359 723 1483 756 Domus
1507 729 1540 757 et
1563 725 1698 758 Murus.

1037 767 1189 811 Ligneae
1224 769 1357 800 statuae
1391 769 1561 812 Mycerini
1593 769 1698 814 regis,

1038 812 1082 852 ΙΙ,
1114 812 1181 845 130
1215 823 1284 855 seq.
1329 813 1397 846 duo
1442 814 1612 859 imagines
1657 826 1700 848 ex

1037 858 1135 900 ligno
1166 858 1319 902 sculptae
1336 859 1507 893 Amasidis
1529 860 1635 905 regis,
1654 861 1699 905 11,

1038 904 1116 937 182.

990 949 1120 993 LIgyes
1140 960 1242 993 supra
1261 948 1452 983 Massiliam
1475 949 1645 992 habitant,
1657 950 1700 990 V,

1035 997 1058 1028 9
1083 998 1151 1028 not.
1190 1007 1268 1028 cum
1299 994 1642 1040 Carthaginiensibus
1663 996 1700 1029 in

1038 1041 1161 1074 Sicilia
1183 1041 1345 1083 militant,
1366 1042 1440 1079 VH,
1460 1040 1528 1075 165
1549 1045 1620 1076 not.
1637 1041 1698 1084 **)

991 1087 1118 1131 Ligyes
1150 1087 1291 1120 Asiatici
1324 1088 1358 1121 in
1390 1086 1514 1121 Xerxis
1535 1086 1700 1130 exercitu,

1036 1133 1110 1172 vll,
1132 1132 1177 1166 72
1201 1138 1270 1166 not.

989 1179 1114 1212 Lilaea
1138 1179 1231 1222 urbs,
1257 1177 1351 1219 v111,
1374 1176 1420 1212 35
1442 1181 1512 1212 not.

990 1225 1098 1266 Lilia,
1120 1225 1207 1258 rosis
1229 1224 1370 1266 similia,
1394 1224 1430 1257 in
1453 1224 1532 1258 Nilo
1554 1233 1699 1258 nascun-

1034 1275 1103 1311 tur,
1134 1274 1168 1304 et
1199 1271 1281 1312 alia,
1310 1281 1457 1313 quorum
1479 1269 1578 1304 radix
1603 1281 1701 1305 escu-

1034 1316 1139 1356 lenta,
1163 1316 1208 1358 Il,
1231 1316 1286 1349 92.

989 1362 1185 1395 Limeneum
1227 1363 1246 1404 s
1256 1360 1495 1405 Λιμενήϊον),
1540 1359 1700 1395 Milesiae

1035 1408 1203 1451 regionis,
1226 1408 1254 1447 1,
1278 1407 1323 1441 18
1346 1413 1416 1442 not.

989 1452 1134 1494 Lindus,
1159 1453 1378 1487 Doriensium
1403 1451 1538 1494 civitas,
1570 1451 1599 1494 Ι,
1620 1450 1700 1485 144.

1034 1499 1085 1533 ibi
1124 1499 1292 1542 ternplum
1326 1499 1513 1539 Minervae,
1544 1497 1588 1538 ΙΙ,
1618 1497 1698 1531 182.

1034 1545 1097 1587 ΙΙΙ,
1120 1545 1166 1578 47
1188 1550 1258 1578 not.
1282 1545 1394 1579 Lindii
1418 1556 1458 1578 ex
1484 1543 1611 1577 Rhodo
1629 1543 1699 1576 Ge—

1032 1591 1102 1623 lam
1127 1592 1161 1624 in
1184 1591 1305 1625 Sicilia
1326 1591 1484 1630 condunt,
1509 1587 1675 1629 v11‚l53.

988 1636 1132 1679 Lingua
1163 1636 1282 1669 ionica
1317 1640 1465 1679 quatuor
1494 1635 1601 1668 habet
1621 1645 1698 1667 mo-

1033 1681 1257 1721 dificationes,
1279 1681 1309 1721 Ι,
1334 1681 1411 1714 142.
1439 1680 1580 1723 linguae
1612 1680 1698 1712 Per-

1033 1726 1125 1759 sicae
1148 1726 1287 1759 nomina
1312 1726 1345 1759 iu
1369 1726 1511 1758 eandem
1541 1723 1698 1759 desinunt

1034 1771 1184 1812 literam,
1207 1771 1234 1812 Ι,
1258 1770 1338 1806 139.
1361 1772 1406 1804 cl'.
1429 1774 1500 1804 not.

988 1816 1113 1850 Linum
1147 1817 1346 1850 Colchicum
1380 1815 1642 1859 (Sardonicum)
1662 1818 1697 1850 et

1033 1862 1298 1906 Aegyptiacum,
1321 1862 1365 1902 ΙΙ,
1390 1860 1458 1894 105
1480 1866 1551 1895 not.
1588 1861 1697 1895 linum

1034 1908 1070 1942 in
1096 1908 1256 1947 Paeonia,
1283 1908 1321 1948 V,
1345 1907 1400 1941 12.
1433 1907 1542 1940 linum
1563 1910 1597 1941 et
1617 1907 1697 1940 lana

1033 1953 1117 1997 quid
1141 1953 1278 1987 differat
1301 1954 1335 1987 iu
1359 1952 1476 1994 sacris,
1501 1952 1547 1993 11,
1557 1951 1601 1986 81
1625 1956 1696 1986 not.

1033 2001 1144 2033 linum
1174 2004 1253 2032 nent
1284 2000 1373 2033 inter
1406 1998 1556 2031 eundum
1587 1999 1697 2033 Paeo-

1033 2047 1131 2079 nicae
1152 2045 1324 2086 mulieres,
1350 2045 1391 2086 V,
1414 2044 1470 2078 12.
1495 2043 1574 2087 ***)

989 2093 1107 2132 Linus,
1124 2091 1293 2125 cantilena
1315 2091 1350 2124 in
1373 2089 1562 2124 Phoenicia
1583 2090 1697 2134 etCy-

1033 2149 1097 2182 pro
1129 2142 1275 2178 cantata,
1299 2135 1476 2180 Aegyptiis
1513 2134 1697 2178 Μανέρως

1033 2183 1238 2223 nominatur,
1260 2182 1305 2223 ΙΙ,
1327 2183 1384 2218 79.
1408 2181 1478 2214 vid.
1500 2186 1572 2217 not.
1594 2183 1640 2225 †)

988 2230 1153 2306 Ιιίραέυε,
1186 2228 1350 2273 oppidum
1385 2228 1585 2270 Cressaeae,
1618 2227 1696 2269 VII,

316 2490 344 2532 '')
381 2490 471 2527 Add.
501 2489 674 2524 Hirscher.
694 2490 737 2524 ad
753 2490 927 2524 Hannonis
945 2486 1216 2533 peripl.,Ehing.
1234 2487 1321 2523 1832
1335 2498 1370 2532 p.
1388 2488 1421 2523 7.

314 2546 359 2589 ”)
382 2547 468 2581 Λᾱᾶ.
486 2547 599 2581 Kruse
615 2548 650 2580 in
669 2547 863 2592 Buscbing's
880 2546 1059 2581 weichentl.
1075 2545 1277 2581 Nachricht.
1293 2546 1351 2588 IV,
1369 2543 1391 2579 4
1409 2556 1443 2588 p.
1462 2542 1539 2578 254.
1558 2542 1634 2576 298.

313 2603 377 2645 ⁸⁰)
401 2604 635 2638 Iudeeundem
645 2606 821 2638 mulierum
839 2604 1009 2637 moremin
1019 2603 1151 2644 Serbia,
1169 2600 1426 2645 Transylvania,
1450 2600 1601 2632 moravia
1624 2599 1690 2632 ad-

223 2648 289 2683 huc
307 2649 514 2682 obtinentem
536 2652 661 2694 repetit
680 2652 848 2695 Schottky
867 2651 901 2683 in
919 2649 1089 2693 Busching
1107 2647 1306 2684 W6chent1.
1329 2644 1526 2679 Nachricht.
1545 2645 1690 2680 s.Kunst

224 2706 258 2729 u.
277 2695 400 2729 Gesch.
420 2695 453 2728 d.
471 2697 643 2730 Mittclalt.
665 2698 721 2738 lV,
741 2699 757 2731 1
778 2710 812 2742 p.
833 2698 887 2732 57.

315 2752 358 2794 ἦ)
387 2753 437 2783 ])(·
459 2753 547 2784 Lino
564 2754 641 2786 add.
659 2756 813 2786 Crenzt’r.
834 2754 867 2785 in
888 2753 1018 2786 Annall.
1044 2752 1166 2788 Vienn.
1201 2751 1283 2784 LX!
1302 2761 1336 2793 p.
1357 2748 1420 2783 173
1440 2758 1511 2792 seq.
1532 2753 1567 2780 et
1586 2746 1690 2783 Wel-

226 2799 307 2831 cker
325 2799 359 2831 iu
378 2798 615 2842 Schulzcituug
638 2800 723 2833 1832
744 2801 773 2833 ll
794 2812 843 2832 nr.
857 2801 878 2833 2
894 2811 986 2843 seqq.
