1879 3222
96 787 271 815 Amestridin
317 797 367 815 re—

148 830 183 848 ae
211 826 296 850 atrox
320 831 367 850 ze-

157 855 216 890 pia,

94 822 143 882 5⁵0⁶?

421 144 506 182 860

817 143 1277 180 HERODOTI

422 248 510 294 κατ’
541 247 643 292 ἄλλο
675 250 754 305 μὲν
784 249 933 302 οὐδὲν,
974 250 1242 306 φοβεόμενος
1269 253 1310 295 δὲ
1329 251 1587 308 Ἄμηστριν,
1618 255 1675 310 μὴ

423 318 495 359 καὶ
529 318 628 369 πρὶν
657 317 966 374 κατεικαζούσῃ
997 319 1049 361 τὰ
1078 319 1305 374 γινόμενα,
1352 319 1466 362 οὕτω
1507 319 1734 374 ἐπευρε-4ο

423 389 486 441 θῇ
517 384 744 440 πρήσσων·
776 384 883 429 ἀλλὰ
909 385 1031 436 πόλις
1062 402 1104 428 τε
1136 387 1303 436 ἐδίδου,
1345 388 1416 429 καὶ
1447 387 1610 441 χρυσὸν
1627 385 1677 428 ἅ-

426 457 595 504 πλετον,
625 455 696 496 καὶ
727 454 911 507 στρατόν
938 458 1017 496 τοῦ
1048 453 1190 506 ἔμελλε
1222 451 1363 504 οὐδεὶς
1377 454 1518 506 ἄρξειν
1551 452 1678 509 ἀλλ’ἢ

397 524 417 558 5
430 520 567 575 ἐκείνη
581 536 588 544 ’

661 521 879 576 Περσικὸν
930 522 974 563 δὲ
1028 520 1166 573 κάρτα
1214 518 1237 562 ὁ
1285 522 1464 575 στρατός
1522 523 1678 574 δώρου.

426 586 514 630 ἀλλ’
545 587 599 631 ου’
627 589 709 644 γὰρ
741 590 903 636 ἔπειθε,
936 590 1053 631 διδοῖ
1079 588 1127 628 τὸ
1159 590 1310 641 φᾶρος.
1360 587 1386 641 ἡ
1419 589 1484 639 ὁὲ,
1515 592 1735 643 περιχα-45

427 655 506 709 ρής
536 657 668 699 ἐοῦσα
698 661 759 714 τῷ
789 656 937 710 δώρῳ,
980 653 1130 709 ἐφόρεέ
1161 670 1203 696 τε
1230 655 1302 695 καὶ
1339 653 1562 709 ἀγάλλετο·
1607 656 1681 698 καὶ

265 724 364 768 110
420 724 447 779 ἡ
467 722 699 779 ’Ἄμηστρις
729 723 997 767 πυνθάνεταί
1026 737 1100 775 μιν
1131 720 1328 775 ἔχουσαν.
1377 726 1604 765 Μαθοῦσα
1623 724 1669 765 δὲ

424 790 472 833 τό
505 792 777 847 ποιεύμενον,
810 794 863 845 τῇ
892 789 970 844 μὲν
997 788 1171 845 γυναικὶ
1211 786 1346 844 ταύτῃ
1378 787 1461 831 οὐκ
1505 786 1586 843 εἶχε
1617 789 1680 843 ἔγ-

425 873 577 901 κοτον·
615 861 643 912 ἦ
673 858 718 901 δὲ
748 857 975 910 ἐλπίζουσα
1004 855 1084 911 τὴν
1114 855 1274 910 μητέρα
1309 855 1441 911 αὐτῆς
1472 853 1583 899 εἶναι
1614 857 1680 897 αἰ-

422 927 518 980 τίην
548 926 621 968 καὶ
649 929 788 968 ταῦτα
823 925 990 980 ἐκείνην
1019 921 1236 979 πρήσσειν,
1266 927 1318 979 τῇ
1343 925 1575 966 Maolateco
1602 939 1681 976 γυ-

395 993 545 1036 evam}
584 993 786 1050 ἐβούλευε
833 992 1030 1045 ὄλεθρον.

1089 989 1314 1046 φυλάξασα
1362 992 1406 1034 ὁὲ
1437 991 1514 1034 τὸν
1545 989 1684 1044 ἄνδρα
1697 997 1742 1031 50

426 1059 506 1103 τόν
545 1060 708 1116 ἑωυτῆς
747 1061 912 1116 Ξέρξην
951 1058 1182 1114 βασιλήϊον
1224 1061 1401 1102 δεῖπνον
1429 1057 1686 1113 προτιθέμε-

425 1143 528 1171 νον·
561 1133 701 1180 (τοῦτο
733 1128 779 1172 δὲ
804 1129 852 1171 τὸ
884 1130 1061 1171 δεῖπνον
1089 1128 1582 1180 παρασκευάζεταιᾶπαξ
1604 1128 1687 1169 τοῦ

429 1194 657 1246 ἐνιαυτοῦ,
710 1196 758 1239 ἐν
787 1194 926 1252 ἡμέρῃ
957 1198 1011 1251 τῇ
1050 1193 1215 1250 ἐγένετο
1247 1196 1467 1250 βασιλεύς·
1518 1196 1689 1249 οὔνομα

428 1263 474 1306 δὲ
503 1267 562 1319 τῷ
593 1265 754 1320 δείπνῳ
784 1263 925 1320 τούτῳ
957 1262 1163 1316 Περσιστὶ
1191 1262 1280 1316 μὲν,
1312 1263 1473 1316 τυκτά,
1503 1262 1611 1306 κατὰ
1642 1263 1687 1306 δὲ

427 1329 508 1385 τήν
534 1328 762 1387 “Ελλήυων
791 1335 1010 1388 γλῶσσαν,
1050 1329 1235 1372 τέλειον·
1277 1329 1372 1372 τότε
1400 1333 1472 1374 καὶ
1512 1330 1591 1387 τὴν
1620 1346 1688 1373 κε-

407 1397 573 1454 φαλὴν
601 1403 760 1455 σμᾶται
788 1403 958 1456 μοῦνον
980 1396 1210 1456 βασιλεὺς,
1248 1398 1320 1441 καὶ
1353 1397 1527 1454 Πέρσας
1557 1398 1686 1453 δωρέ·
1699 1404 1743 1441 56

372 1597 432 1630 tur
450 1594 542 1631 talia
565 1608 685 1643 agens.
705 1615 761 1622 -—
794 1596 838 1631 In
859 1608 965 1647 seqq.
988 1595 1026 1635 ἒ-

371 1650 484 1688 &mov
517 1657 571 1687 est
601 1650 748 1697 obtulit,
790 1664 825 1687 se
860 1651 1027 1688 (laturum

364 1706 548 1755 pollicitus
579 1710 641 1752 est,
671 1713 760 1742 nota
781 1708 886 1743 verbi
916 1707 1026 1744 huius

372 1769 570 1810 potestate.
616 1761 678 1798 Ad
698 1763 834 1799 verba:
858 1759 881 1801 οἷ
897 1760 957 1802 λλ’
977 1759 1025 1803 οὗ

372 1814 448 1868 γαρ
481 1817 615 1856 ἔπειθε
643 1818 744 1855 conf.
785 1819 918 1857 matth.
961 1822 1027 1858 Gr.

373 1873 440 1909 Gr.
469 1874 507 1918 ξ.
539 1874 619 1915 615
651 1887 738 1924 pag.
769 1874 876 1914 1242
909 1883 945 1912 et
983 1878 1031 1913 G.

371 1931 580 1966 Hermann.
612 1930 660 1967 ad
681 1931 805 1980 VIger.
828 1944 916 1982 pag.
938 1935 1033 1973 811.

373 1984 475 2022 Add.
505 1986 688 2023 Herodot.
719 1988 788 2037 IX,
811 1990 879 2029 93.
936 1990 1033 2027 Ver-

373 2042 467 2078 bum
519 2039 762 2095 ἆγάλλεσθαι
817 2045 924 2096 attigi
983 2043 1032 2082 ad

374 2099 437 2147 IV,
459 2097 527 2140 64.

609 2190 702 2240 cap.
724 2190 808 2227 CX.

431 2263 507 2306 οὐκ
538 2263 614 2319 εἶχε
652 2267 839 2320 ἔγκοτον]
874 2271 931 2305 De
961 2268 1032 2306 hac

372 2324 564 2360 locutione
597 2326 697 2362 conf.
730 2327 794 2373 111,
823 2327 887 2367 59.
931 2325 1030 2362 Add.

373 2380 588 2417 Blomfield.
611 2383 773 2418 Glossar.
793 2381 841 2418 ad
854 2381 1032 2432 Aeschyl.

376 2435 592 2489 Choephor.
621 2440 687 2478 37.
743 2439 787 2473 In
816 2452 923 2489 seqq.
945 2452 1032 2474 ver-

378 2492 469 2528 bum
491 2490 701 2541 φυλάξασα
735 2495 823 2531 citat
844 2494 980 2532 Snidas
1001 2508 1031 2531 s.

377 2560 412 2582 v.
435 2550 484 2583 111
509 2564 542 2598 p.
565 2550 657 2590 642.
714 2549 799 2588 vid.
816 2553 847 2599 1,
867 2552 920 2591 49
940 2552 1031 2603 ibiq.

379 2611 471 2639 nott.
491 2606 589 2649 vlu,
609 2608 648 2645 9.

434 2659 476 2698 ἐν
505 2659 632 2712 ἡμέρῃ
666 2666 716 2716 τῇ
745 2661 892 2714 ἐγένετο
918 2664 1032 2714 βασι-

379 2713 495 2766 λεπὶς]
534 2718 633 2752 Male
666 2718 707 2757 ἐν
732 2720 772 2756 in
803 2719 1031 2771 quibusdam

1085 1596 1277 1632 omissum.
1307 1593 1431 1632 Affert
1452 1593 1669 1632 Herodotea
1688 1596 1746 1632 A-

1084 1652 1266 1688 thenaeus
1293 1652 1357 1698 lv,
1388 1653 1440 1690 27
1470 1664 1557 1701 pag.
1591 1650 1668 1691 146
1699 1653 1746 1688 Β.

1083 1707 1168 1746 vid.
1204 1705 1251 1743 de
1284 1705 1345 1742 die
1377 1709 1474 1755 regis
1506 1707 1621 1743 natali
1647 1715 1746 1744 nott.

1085 1763 1133 1800 ad
1154 1765 1182 1806 1,
1210 1765 1298 1802 133.
1356 1764 1485 1812 Ipsum
1506 1764 1587 1799 festi
1603 1776 1746 1800 nomeu

1093 1815 1223 1858 Τυκτοῖ
1245 1817 1336 1870 quid
1346 1820 1479 1866 valeat,
1502 1821 1581 1855 aliis
1603 1818 1747 1871 disqui-

1088 1875 1252 1912 rendum
1283 1876 1515 1925 permittam.
1575 1876 1745 1926 Scaliger

1090 1933 1236 1969 Canon.
1269 1933 1366 1980 lsag.
1387 1933 1438 1968 111
1459 1946 1497 1982 p.
1519 1933 1600 1971 260
1626 1946 1748 1983 expo-

1089 1995 1213 2025 suerat
1234 1988 1408 2024 thronum.
1437 1989 1513 2025 Alii
1533 1988 1651 2027 aliter.
1688 1989 1748 2027 Cf.

1089 2043 1249 2083 Relaud.
1272 2043 1424 2081 Diss.de
1445 2051 1517 2082 vet.
1539 2044 1748 2095 ling‚Pers,

1089 2115 1126 2152 p.
1141 2101 1236 2141 257.
1268 2101 1457 2137 Creuzerus
1489 2099 1582 2136 haec
1603 2101 1747 2139 adscri-

1089 2159 1182 2208 psit:
1224 2158 1466 2206 „Attigerunt
1495 2155 1598 2194 hunc
1619 2159 1747 2195 locum

1089 2216 1311 2263 interpretes
1334 2212 1513 2264 Hesychii
1533 2214 1568 2248 11
1588 2229 1625 2265 p.
1642 2217 1746 2256 1360

1090 2277 1126 2306 et
1158 2282 1245 2319 pag.
1274 2269 1392 2310 1432.
1423 2268 1581 2307 Photius
1601 2285 1639 2322 p.
1655 2272 1746 2318 {526

1088 2327 1206 2363 Dobr.
1223 2332 1259 2361 et
1278 2327 1381 2375 Lips.
1404 2322 1576 2365 Τυκτόν·
1618 2341 1744 2378 χειρο-

1088 2383 1270 2431 ποίητον,
1309 2382 1412 2432 quod
1451 2381 1498 2418 ad
1529 2382 1660 2434 Odyss.
1697 2378 1741 2432 ρ’,

1089 2442 1169 2478 206
1183 2437 1293 2474 trahit
1304 2437 1544 2476 Schlensner.
1556 2441 1592 2474 in
1610 2439 1742 2474 Anim-

1088 2494 1251 2532 adverss.
1274 2508 1360 2546 pag.
1381 2496 1476 2536 463.
1532 2496 1616 2544 Ego
1646 2493 1741 2530 nihil

1088 2553 1272 2601 expu10.“

1145 2609 1306 2656 σμᾶται]
1335 2608 1358 2644 ἰ,
1384 2621 1418 2643 e.
1455 2610 1636 2654 smegmate
1681 2607 1741 2644 ‹le-

1087 2667 1208 2712 fergit.
1269 2662 1356 2700 Vid.
1381 2664 1456 2698 citt.
1478 2662 1524 2698 ad
1545 2664 1604 2709 lv,
1626 2665 1677 2703 73
1704 2670 1741 2701 et

1088 2721 1298 2758 casaubon.
1319 2719 1366 2755 ad
1381 2716 1520 2756 Athen.
1541 2719 1564 2755 l.
1579 2720 1604 2756 l.
1626 2720 1741 2757 Plura

1744 1337 1829 1379 742
