1879 3222
445 153 529 193 338
862 149 1320 186 HERODOTI

105 257 233 285 diamur.
249 256 380 286 Euenius

104 292 139 317 ob
151 292 317 326 neglectam
333 300 381 319 eo-

104 333 167 364 rugn
185 325 380 353 customamn

103 358 165 384 suis
192 358 306 386 civibus
331 367 379 386 ex-

104 395 262 418 emeatus
296 391 379 419 ideo-

104 433 161 463 que
179 424 220 451 dii
232 425 380 465 Apolloni-

106 458 162 485 atis
181 458 261 487 irati.

441 263 488 305 ἐκ
502 259 740 314 Λάκμωνος
767 258 921 312 οὔρεος
946 257 1029 312 ῥέει
1041 256 1111 300 δια
1142 260 1216 312 τῆς
1242 256 1527 310 Ἀπολλωνίης
1554 257 1695 312 χώρης

437 328 479 379 ἐς
506 328 759 378 θάλασσαν,
796 324 1115 380 παρ”Ώρικον
1147 325 1319 380 λιμένα·
1353 325 1428 374 τὰς
1457 323 1503 366 δὲ
1531 322 1694 375 νύκτας

435 395 719 451 ἀραιρημένοι
746 394 899 448 ἄνδρες
928 395 970 436 οἱ
994 393 1165 448 πλούτῳ
1195 409 1238 435 τε
1267 392 1340 435 καὶ
1368 392 1485 447 γένεϊ
1512 389 1695 445 δοκιμώ-
1750 392 1831 435 734

437 479 560 505 τατοι
587 466 676 505 τῶν
707 460 872 512 ἀστῶν,
920 456 1044 504 οὗτοι
1074 458 1345 514 φυλάσσουσι
1375 458 1576 502 ἐνιαυτόν
1605 457 1698 501 ἕκα-

405 538 427 572 2
437 542 549 581 στος.

607 531 703 585 περὶ
732 534 897 573 πολλοῦ
925 529 1006 585 γὰρ
1041 526 1092 583 δι)
1113 531 1339 570 ποιεῦνται
1364 526 1698 582 Ἀπολλωνιῆται
1711 531 1754 566 55

433 597 487 641 τὰ
531 597 728 653 πρόβατα
767 602 928 650 ταῦτα,
973 597 1019 639 ἐκ
1059 596 1332 648 θεοπροπίου
1371 594 1501 646 τινός.

435 664 579 723 ἄντρῳ
612 664 880 718 αὐλίζονται,
928 663 1014 706 ἀπὸ
1045 667 1119 717 τῆς
1149 661 1300 713 πόλιος
1338 662 1450 713 ἑκάς.

409 733 536 776 3τότε
566 731 589 778 ὁ
623 731 818 788 Εὐήνιος
849 727 976 782 οὗτος
1017 729 1306 786 ἀραιρημένος
1342 728 1569 783 ἐφύλασσε.

1567 594 1614 637 ἐν
1652 596 1677 638 δ
1681 595 1698 638 ὲ

1508 663 1616 706 ἔνθα
1646 662 1698 717 δὴ

1626 732 1700 775 καί

440 817 538 845 κοτε
570 799 708 843 αὐτοῦ
736 797 1136 855 κατακοιμησαντος
1166 797 1246 854 τήν
1275 796 1497 852 φυλακὴν,
1537 803 1701 852 παρελ-

388 942 498 980 detur
534 954 612 977 esse
642 951 726 990 pars
757 950 935 974 occasum
958 951 1045 975 ver-

387 1012 449 1036 sus
470 996 517 1034 ad
537 1010 642 1033 mare
666 996 894 1046 prominens.
932 990 1046 1034 Acin-

390 1070 465 1107 μον
485 1061 595 1091 vocat
616 1053 751 1090 Strabo
768 1052 834 1088 VII
856 1065 943 1102 pag.
966 1053 1046 1091 316

389 1124 525 1162 §.pag
547 1112 627 1150 486
649 1110 694 1145 Β.
744 1107 822 1145 Sed
849 1121 937 1144 cum
966 1109 1043 1144 He-

391 1167 526 1205 rodoto
554 1165 674 1217 (apud
705 1178 820 1216 quem
842 1167 956 1202 etiam
978 1176 1047 1214 pro

391 1220 616 1274 Λακμωνος
644 1229 717 1259 tres
748 1221 859 1258 codd.
881 1216 1050 1271 Λάκμο-

357 1301 359 1304 <
391 1284 480 1327 νος)
509 1280 597 1315 facit
619 1277 751 1329 Steph.
773 1280 935 1331 Byzant.
962 1290 992 1314 s·
1013 1290 1050 1314 v.

392 1350 480 1388 pag.
503 1336 598 1376 506.

407 1426 409 1430 .
450 1407 528 1443 παρ
586 1388 788 1442 ’Ώρικον]
853 1388 1050 1441 Stephano

393 1451 489 1501 Β)Ζ.
519 1462 549 1485 s.
573 1461 612 1485 v.
653 1460 741 1498 pag.
787 1449 866 1488 769
900 1453 1052 1483 auctore

395 1504 602 1543 dicendum
623 1502 646 1543 ό
663 1498 833 1572 Ὠρικός,
855 1503 916 1540 vel
939 1504 1053 1540 etiam

395 1561 424 1612 ἦ
441 1560 608 1611 ’Ώρικος
629 1566 665 1596 et
684 1558 728 1599 τὸ
749 1555 926 1609 Ὠρικόν.
966 1560 1056 1609 Egit

400 1618 447 1656 de
477 1616 534 1653 his
568 1617 703 1665 Poppo
751 1614 798 1650 ad
830 1614 1056 1666 Thucydid.

397 1675 471 1711 1.1.
501 1685 587 1723 pag.
614 1674 704 1711 129.
761 1672 890 1721 Ipsum
907 1678 1058 1721 portum

399 1734 617 1767 memorant
638 1727 773 1764 Strabo
791 1756 800 1774 ,
829 1726 1058 1777 Stephanus,

400 1784 572 1823 Eustath.
602 1783 650 1819 ad
671 1784 827 1834 Dionys.
849 1785 928 1823 393
943 1813 952 1831 ,
984 1784 1061 1819 alii.

402 1843 533 1880 Prima
560 1840 632 1876 fuit
651 1841 758 1889 Epiri
785 1840 872 1875 urbs
893 1840 961 1876 sita
980 1852 1061 1876 non

403 1901 519 1948 longe
540 1910 561 1934 a
581 1896 775 1933 Cerauniis
795 1897 1000 1943 montibus,
1021 1897 1061 1931 in

404 1967 511 1993 mare
569 1966 689 2004 usque
744 1954 1063 2001 procurrentibus.

404 2010 530 2049 Hodie
549 2015 688 2046 vocant
706 2007 830 2049 Erico.
872 2011 971 2045 Nam
994 2022 1065 2045 ex-

406 2076 504 2107 stare
525 2065 703 2103 dicuntur
714 2066 845 2101 ruinae
861 2064 1063 2117 quaedam,

407 2131 562 2162 auctore
580 2122 831 2173 Pouqueville
853 2123 897 2172 (l.
923 2123 979 2159 1.1
1000 2135 1061 2172 cp.

408 2184 459 2222 21
484 2194 523 2231 p.
546 2180 624 2219 193
645 2191 726 2230 seq.
756 2191 852 2216 vers.
877 2179 1063 2225 vernam),

409 2250 487 2274 uno
512 2235 665 2272 milliari
698 2234 923 2286 alteriusque
952 2234 1066 2272 dimi-

412 2293 475 2331 dio
505 2298 675 2329 remotae
707 2303 730 2327 a
755 2293 918 2328 Ducates
947 2303 1066 2342 prope

412 2349 519 2388 Porto
552 2348 740 2397 Ruguseo,
778 2349 842 2398 qui
862 2350 939 2399 ipse
960 2355 1067 2384 vete-

413 2408 460 2443 ris
481 2406 579 2443 Orici
606 2411 735 2455 portus
761 2404 873 2442 fuisse
904 2411 1068 2455 putatur.

414 2463 524 2499 Conf.
553 2463 742 2498 Mannert.
762 2461 832 2498 VII
865 2474 950 2512 pag.
972 2462 1068 2501 407.

414 2516 632 2555 Tzschuck.
654 2516 703 2554 ad
721 2517 810 2554 Mel.
827 2519 883 2565 11,
916 2520 940 2558 3
963 2518 1000 2562 ξ.
1021 2519 1071 2557 12

414 2581 509 2610 nott.
532 2586 667 2625 exegg.
688 2574 773 2615 Vol,
794 2576 845 2611 111
863 2575 907 2612 P.
928 2575 963 2610 11
983 2585 1070 2624 pag.

418 2629 517 2670 345.

476 2682 724 2734 φυλάσσουσι
763 2682 946 2726 ἐνιαυτόν
985 2683 1071 2724 ἕκα-

421 2741 523 2792 στος]
565 2741 807 2790 „custodiunt
847 2755 908 2793 per
942 2754 1071 2780 annum

1100 937 1260 986 singuli,
1283 949 1417 972 eorum
1435 949 1594 987 nempe,
1628 935 1694 987 qui
1713 933 1761 972 ad

1101 994 1195 1031 illud
1217 1006 1355 1030 munus
1390 1006 1457 1044 per
1488 994 1588 1030 vices
1617 994 1762 1029 obeun-

1103 1050 1195 1088 dum
1217 1056 1338 1087 essent
1360 1050 1483 1096 electi,
1516 1051 1656 1086 civium
1678 1049 1764 1099 opi-

1103 1109 1172 1144 bus
1194 1114 1229 1144 et
1257 1120 1396 1157 genere
1429 1107 1690 1157 potentissimi.
1719 1106 1764 1141 In

1103 1165 1302 1234 Excerptis
1343 1176 1363 1199 e
1399 1164 1558 1200 Conone
1601 1163 1763 1212 legitur·

1105 1223 1184 1260 τῶν
1205 1217 1245 1259 δ’
1268 1219 1474 1269 ἐπιφανων
1497 1234 1550 1270 ην
1571 1217 1594 1258 ὁ
1611 1213 1765 1268 Πειθή-

1106 1292 1193 1323 νιος
1213 1292 1278 1316 και
1289 1288 1376 1315 οσοι
1391 1273 1536 1314 ἄλλοι’
1520 1291 1561 1315 εκ
1574 1275 1763 1325 διαδοχῆς

1107 1336 1187 1373 τῶν
1238 1333 1355 1381 ἱερῶν
1395 1329 1500 1382 εἶχον
1548 1327 1763 1382 προβάτων

1107 1404 1181 1441 την
1235 1387 1469 1438 επιμέλειαν.
1473 1390 1499 1409 “
1568 1386 1766 1424 Valcke-

1107 1459 1228 1484 naer.
1285 1447 1343 1481 De
1378 1445 1495 1482 verbo
1536 1440 1766 1491 αὐλίζεσθαι

1108 1503 1209 1541 conf.
1231 1502 1342 1549 VIII
1373 1504 1412 1543 8,

1168 1531 1561 1609 κατακοιμήσαντος]
1594 1557 1651 1592 Ita
1679 1567 1767 1593 om-

1112 1629 1178 1651 nes
1191 1614 1315 1661 codd„
1339 1616 1402 1665 qui
1423 1613 1537 1650 iidem
1550 1613 1647 1648 infra
1669 1624 1768 1663 quo-

1114 1684 1189 1722 que
1227 1665 1622 1719 κατακοιμήσαντα,
1663 1665 1768 1719 quod

1115 1725 1293 1778 equidem
1314 1739 1401 1762 cum
1422 1732 1578 1764 recentt.
1600 1725 1769 1760 retinen-

1117 1782 1211 1820 dum
1243 1783 1347 1819 duxi.
1407 1783 1510 1818 Unus
1544 1779 1770 1818 Schaeferus

1119 1838 1291 1876 exhibuit
1309 1852 1474 1876 κατακοι
1484 1853 1509 1887 μ
1523 1837 1537 1875 ί
1550 1849 1589 1875 σε
1602 1851 1692 1884 ντος
1712 1842 1772 1873 at—

1117 1909 1190 1948 que
1228 1908 1430 1944 κατακοιμ
1444 1894 1608 1940 ίσαντα,
1668 1890 1773 1945 quod

1116 1954 1193 1989 iam
1214 1950 1368 1988 Reiskio
1396 1957 1509 2002 atque
1534 1947 1774 1987 Valckenae-

1116 2010 1171 2045 rio
1192 2014 1348 2045 venenat
1367 2007 1405 2043 in
1425 2013 1594 2043 mentem
1615 2007 1668 2043 sic
1686 2018 1775 2043 ver-

1118 2066 1233 2102 tenti:
1267 2065 1330 2113 qui
1364 2076 1480 2100 somno
1501 2064 1635 2112 sopitus
1660 2064 1774 2099 ovium

1118 2121 1321 2170 neglexerat
1342 2119 1557 2165 custodiam,
1595 2117 1775 2170 quodque

1121 2179 1235 2215 etiam
1296 2177 1429 2227 probat
1483 2175 1774 2225 Wesselingius‚

1122 2247 1210 2271 cum
1231 2234 1345 2270 verbo
1361 2231 1650 2283 κατακοιμίζειν
1670 2232 1776 2268 locus

1122 2291 1167 2328 sit
1196 2290 1258 2326 ubi
1284 2289 1431 2339 vigiliae
1465 2287 1665 2325 dormiendo
1695 2291 1776 2324 tra-

1122 2348 1321 2393 mittuntur,
1340 2352 1433 2382 teste.
1452 2345 1600 2382 Aeliau.
1620 2345 1665 2381 Ν.
1677 2344 1724 2380 Α.
1744 2343 1775 2390 1,

1127 2402 1191 2443 15.
1231 2403 1316 2449 XII,
1338 2405 1403 2442 22.
1425 2403 1489 2449 111,
1509 2400 1572 2450 15,
1590 2400 1775 2437 ubiiuve-

1124 2460 1226 2495 nitur
1267 2459 1551 2509 κατακοιμίζειν
1583 2453 1657 2506 τήν
1695 2470 1776 2503 φυ-

1126 2511 1265 2565 λακήν.
1274 2517 1407 2566 Neque
1418 2527 1520 2559 vero,
1531 2519 1572 2549 ut
1583 2513 1678 2549 bene
1689 2523 1777 2548 mo-

1125 2573 1209 2609 nuit
1229 2570 1446 2622 Schweigh.
1464 2600 1473 2617 ‚
1495 2568 1583 2605 hino
1602 2566 1776 2616 efficitur,

1126 2628 1362 2666 Herodotum
1375 2628 1426 2664 uti
1438 2638 1513 2663 uon
1524 2625 1685 2675 potuisse
1695 2637 1778 2662 ver-

1128 2686 1176 2722 bo
1197 2684 1440 2734 κατακοιμᾶν
1471 2680 1604 2717 eadem
1627 2681 1704 2717 sere
1725 2681 1777 2718 si-

1129 2742 1368 2792 gnificatione
1389 2738 1463 2791 quai
1478 2737 1775 2789 κατακοιμίζειν.
