1996 3238
570 170 924 210 URANIA.
980 173 1105 211 VIII.

1368 173 1452 214 201

205 279 397 337 ,ζΈλλησι
431 279 704 335 Ἀθηναίους,
753 277 957 335 οὐδαμῶς
994 281 1252 339 ἀνασχετόν·
1300 282 1508 334 οῖ’τινεςίο

173 355 194 389 5
203 349 313 401 „alsi
340 348 412 392 καὶ
440 346 489 390 τὸ
519 346 652 391 πάλαι
682 348 891 401 φαίνεσθε
911 350 1102 402 πολλούς
1131 349 1452 405 ἐλευθερώσαν-

201 432 296 468 „teg
323 414 582 467 άνθρῶπων.
642 415 965 471 Πιεζευμένοισι
994 418 1144 472 μέντοι
1182 420 1287 474 ύμῖν
1317 430 1452 462 συνα-

197 480 443 537 ,,χθο’μεθα,
481 482 554 526 καὶ
593 482 661 526 ὅτι
689 487 870 537 καρπῶν
899 483 1152 541 ἐστερήθητε
1188 487 1318 537 διξῶν
1347 484 1449 542 ἤδη,
1506 488 1586 529 689

167 550 296 601 6,,καὶ
337 549 403 593 ὅτι
447 549 778 606 οἰκοφθόρησθε
815 550 978 607 χρόνον
1012 551 1094 608 ἤδη
1119 553 1295 596 πολλόν.
1355 552 1509 597 ἀντὶ15

194 615 390 671 ,,τούτων
421 618 467 661 δὲ
495 617 600 674 ὑμῖν
619 618 958 674 Λακεδαιμόνιοί
985 636 1030 663 τε
1057 620 1132 663 καὶ
1162 622 1206 663 οἱ
1234 619 1452 676 σύμμαχοι

193 684 550 740 »ἐπαγγέλλονται
577 686 787 742 γυναῖκάς
814 703 858 730 τε
872 687 944 731 καὶ
969 686 1022 730 τά
1051 687 1094 738 ἐς
1113 686 1303 743 πόλεμον
1326 687 1451 742 ἄχρη.

193 763 303 803 ,,στα
333 753 533 797 οἰκετέων
562 755 741 810 ἐχόμενα
770 753 914 799 πάντα
958 754 1234 809 ἐπιθρέψειν,
1277 753 1363 797 ἔστ’
1395 754 1453 798 ἂν

163 818 246 873 7,,ὁ
277 820 463 876 πόλεμος
501 820 575 865 ὅδε
605 822 858 879 συνεστήκῃ.
917 821 995 878 Μή
1028 822 1074 865 δὲ
1102 820 1237 877 ὑμέας
1263 821 1452 873 Ἀλέξαν-

190 889 326 941 ,,δρος
363 888 386 932 ὁ
408 889 639 933 ’Μακεδών
669 888 920 946 ἀναγνώσῃ,
959 889 1114 946 λεῄνας
1149 889 1227 934 τὸν
1257 891 1451 943 ΛΜαρδο-

189 959 319 1010 ,,νιόυ
349 956 494 1012 λόγον.
551 957 692 1014 τούτῳ
722 959 801 1012 μὲν
829 959 914 1013 γὰρ
949 961 1087 1000 ταῦτα
1127 957 1309 1014 ποιητέα
1339 957 1507 1000 έστί·20

159 1024 431 1078 8,,τύραννος
450 1023 535 1079 γάρ
554 1025 656 1077 ἐῶν,
682 1024 882 1083 τυράννῳ
904 1025 1300 1082 συγκατεργάζεται.
1343 1023 1451 1080 ὑμῖν

187 1093 262 1145 ,,δέ
291 1108 338 1148 γε
370 1091 423 1136 ου’
453 1092 657 1149 ποιητέα,
688 1095 826 1146 εἴπερ
857 1089 908 1136 εὖ
935 1094 1162 1150 τυγχάνετε
1184 1091 1448 1149 φρονέοντες

185 1159 531 1218 ,,έπισταμένοισι
549 1158 606 1213 ῶς
621 1161 884 1220 βαρβάροισί
911 1161 999 1207 ἐστι
1017 1161 1117 1208 οὔτε
1137 1159 1313 1216 πιστὸν,
1346 1158 1447 1204 οὔτε

130 1417 205 1457 que
214 1406 314 1443 vocis
326 1403 430 1444 haud
440 1406 671 1459 infrequenti
680 1407 789 1459 plura

125 1462 283 1513 profert.
341 1463 450 1508 Quod
485 1464 665 1515 equidem
687 1464 786 1513 dedi,

124 1518 166 1556 id
186 1518 318 1556 Matth.
344 1521 407 1558 Gr.
432 1522 495 1559 Gr.
526 1522 564 1566 §.
586 1519 679 1569 634,
705 1525 723 1562 1
747 1535 784 1572 p.

124 1577 246 1623 1306,
275 1578 368 1627 poni
401 1578 452 1614 ait
490 1589 582 1628 pro:
631 1575 784 1618 τούτων

122 1629 314 1671 ἁπάντων
364 1634 515 1680 αἰτίους
543 1631 680 1683 ὄντας,
720 1633 786 1674 αἰ-

120 1688 232 1736 τίους
250 1688 453 1741 γενέσθαι.

179 1745 222 1785 οἵ
252 1761 356 1794 τινες
387 1746 465 1787 αἰεὶ
485 1745 553 1786 καὶ
578 1743 623 1786 τό
657 1742 782 1786 πάλαι

120 1822 178 1830 ·-
201 1798 463 1854 άνθριόπων]
537 1806 657 1852 „Hoc
702 1810 782 1842 erat

119 1856 415 1897 Atheniensibus
431 1891 441 1909 ‚
473 1861 610 1911 quibus
631 1874 782 1911 semper

120 1915 254 1952 Noster
273 1917 375 1954 favet
397 1917 515 1966 [conf.
527 1924 620 1954 nott.
638 1916 778 1966 advll,

125 1970 225 2021 139]
258 1968 435 2023 ἥδιστον,
458 1981 499 2010 ut
520 1975 696 2022 arbitror,
732 1969 780 2013 ά-

118 2022 291 2078 κρόαμα.
325 2030 425 2065 Eam
442 2030 482 2065 in
499 2042 580 2066 rem
602 2031 779 2080 exempla

121 2096 276 2136 quoque
303 2092 451 2133 vetera,
473 2085 667 2123 Herodoto
688 2093 779 2123 nota

120 2146 234 2191 atque
267 2142 333 2178 illo
372 2144 581 2179 recentiora
611 2143 779 2193 college-

118 2204 208 2234 runt
227 2198 266 2235 iu
283 2197 575 2236 Panathenaicis
597 2200 672 2236 suis
698 2202 780 2236 130-

119 2261 238 2292 crates
277 2261 314 2291 et
352 2254 555 2302 Aristide53
615 2268 780 2307 quorum

117 2323 244 2348 mores
264 2325 421 2349 suorum
439 2313 680 2363 popularium
694 2326 778 2349 mo-

115 2368 220 2406 ribus
240 2381 435 2419 opponens
450 2368 779 2406 Lacedaemonio-

116 2436 204 2464 rum
225 2438 247 2461 a
267 2439 304 2476 p.
324 2425 404 2466 240
428 2426 530 2476 [089.
555 2429 604 2467 13
627 2428 665 2472 §·
687 2424 776 2476 35]‚

116 2480 274 2519 tandem
312 2481 506 2520 concludit
535 2496 572 2533 p.
609 2485 690 2526 283
729 2484 777 2521 B.

116 2537 218 2589 [cap.
241 2537 293 2580 95
316 2540 352 2584 ξ.
375 2537 490 2588 241].
527 2536 778 2583 Athenienses

116 2601 263 2632 veteres
291 2596 404 2633 fuisse
443 2592 673 2648 εἰρηνικοΰς
708 2595 774 2636 καὶ

118 2650 353 2703 φιλέλληνας
387 2650 455 2695 καὶ
489 2654 561 2702 τῆς
596 2648 778 2704 ἰσότητος

117 2709 190 2758 τῆς
209 2707 252 2748 ἐν
284 2712 371 2756 ταῖς
391 2709 609 2755 πολιτείαις
636 2706 776 2761 ἡγεμό-

119 2772 213 2812 νας·
269 2761 522 2822 &concitas
568 2763 611 2807 δὲ
653 2764 778 2820 ’ὑπερ-

846 1401 1035 1452 οπτὶκοῦς
1059 1403 1127 1444 καὶ
1155 1399 1395 1457 πολεμικοΰς
1434 1401 1504 1443 καὶ

842 1457 1155 1508 πλεονεκτικούς.
1173 1462 1198 1484 “
1289 1460 1505 1499 Valcken-

843 1519 955 1566 Quod
993 1520 1162 1571 sequitur
1200 1516 1504 1569 πιεζευμένοισι,

841 1578 947 1614 cuius
966 1577 1051 1613 loco
1083 1576 1323 1612 Florentinus
1351 1575 1447 1612 liber
1467 1580 1505 1611 et

840 1633 982 1670 Aldina
1003 1630 1266 1681 πιεζομένοισι
1288 1634 1349 1681 (ut
1369 1643 1504 1667 omnes

841 1689 951 1727 codd.
974 1691 1003 1736 Ι,
1030 1688 1120 1728 142.
1150 1689 1218 1733 ΙΧ,
1243 1690 1309 1728 20.
1333 1688 1418 1736 60),
1439 1700 1504 1724 sa·-

838 1748 885 1785 tis
914 1752 1078 1793 *tuentur
1103 1743 1144 1781 hi
1172 1745 1267 1781 loci:
1315 1745 1378 1792 VI,
1411 1746 1501 1785 108.

837 1805 903 1851 ΙΙΙ,
930 1802 1026 1850 146;
1049 1803 1185 1853 quibus
1205 1799 1315 1849 adde,
1338 1813 1435 1852 quae
1451 1798 1502 1838 ad

841 1865 876 1910 1,
897 1859 976 1901 142
996 1859 1138 1896 notavi.
1196 1859 1368 1894 Verbum
1390 1856 1502 1897 οἶκο-

838 1920 1013 1968 φθορεῖν
1043 1915 1151 1966 attigi
1174 1913 1222 1952 ad
1239 1916 1282 1962 V,
1304 1915 1371 1954 29.

893 1969 940 2012 τὰ
972 1971 1011 2018 ἐς
1038 1968 1214 2022 πόλεμον
1242 1969 1416 2021 ἄχρηστα
1438 1968 1502 2008 οἷ-

836 2029 977 2069 κετέων
1001 2024 1193 2078 ἐχόμενα]
1229 2026 1359 2064 Servos
1385 2026 1500 2063 ‹lome-

837 2088 1006 2134 sucosque
1045 2084 1130 2120 bello
1160 2083 1305 2120 inutiles
1334 2083 1499 2133 explicat

835 2141 1066 2190 VVesseliug.
1089 2138 1176 2186 adl,
1194 2141 1284 2187 120,
1306 2139 1392 2176 coll.
1408 2138 1499 2175 Ari-

835 2197 921 2237 stid,
943 2199 977 2233 11
999 2210 1033 2246 p.
1050 2199 1145 2236 217.
1190 2195 1256 2232 Tu
1277 2195 1378 2232 conf.
1398 2201 1498 2233 nott.

835 2254 885 2292 ad
915 2252 1059 2293 Herod.
1092 2253 1118 2289 l.
1146 2252 1173 2289 l.
1205 2258 1241 2288 et
1272 2250 1405 2299 adm,
1427 2249 1498 2303 25,

834 2313 878 2349 In
901 2324 1005 2362 seqq.
1027 2307 1075 2346 ad
1097 2304 1317 2363 συνεστήκῃ
1350 2309 1398 2345 cf.
1414 2308 1497 2353 VII,

839 2367 918 2409 144
944 2375 980 2404 et
1001 2365 1050 2403 ad
1069 2361 1215 2420 λεήνας
1236 2372 1328 2402 nott.
1350 2363 1398 2402 ad
1415 2365 1495 2413 V11,

835 2427 860 2465 9
882 2425 919 2470 §-
941 2427 978 2465 3.
1000 2420 1219 2472 Schweigh.
1240 2423 1280 2457 iu
1300 2423 1393 2458 Lex.
1413 2423 1497 2459 He·-

835 2480 920 2522 rod.
953 2480 1131 2531 exponit:
1177 2478 1384 2527 „laevigare
1408 2491 1495 2516 ora-

834 2540 962 2575 tionem
986 2537 1139 2574 alicuius
1158 2548 1186 2572 s.
1209 2534 1346 2573 laevam
1367 2537 1399 2572 et
1408 2534 1495 2584 gla-

835 2595 933 2632 bram
976 2592 1131 2638 reddere,
1172 2604 1248 2643 quo
1288 2591 1433 2635 facilius
1452 2592 1494 2628 iu

834 2653 1008 2689 animum
1032 2649 1147 2685 intret
1167 2647 1385 2686 auditorum
1406 2661 1493 2685 eos-

835 2722 909 2761 que
931 2712 1172 2744 commoveat
1198 2704 1366 2758 ideoque
1385 2718 1494 2744 com-

832 2763 1018 2804 mendare
1039 2775 1127 2801 eam
1146 2753 1422 2815 audi-toribus&
