1996 3238
452 236 508 276 94
849 232 1305 270 HERODOTl

452 347 538 399 τῆς.
594 341 706 384 Ἐπεὶ
746 341 792 385 δὲ
832 339 1147 400 ἀνηνείχθησαν
1186 344 1232 386 αἱ
1257 344 1426 397 γνῶμαι
1463 341 1505 393 ές
1535 341 1707 397 Ξέρξεα,

454 413 591 465 κάρτα
619 426 663 453 τε
691 410 808 466 ἥσθη
837 414 888 467 τῇ
906 411 1056 468 γνώμῃ
1084 417 1160 468 τῆς
1185 411 1465 464 Ἀρτεμισίης·
1492 410 1564 453 καὶ
1592 410 1763 464 νομί-35

455 484 538 532 ζων
567 478 628 522 ἔτι
656 477 872 534 πρότερον
895 480 1138 535 σπουδαίην
1158 476 1285 530 εἶναι,
1314 475 1408 519 τότε
1425 480 1572 536 πολλῷ
1603 481 1709 531 μᾶλ-

427 551 540 589 3λον
570 547 697 589 αἴνεε.
743 545 861 600 ὅμως
891 547 936 590 δὲ
965 551 1079 589 τοῖσι
1109 545 1259 589 πλέοσι
1287 547 1517 587 πείθεσθαι
1545 544 1709 588 ἐκέλευε

453 614 578 667 τάδε,
616 614 855 667 καταδόξας
893 614 1002 669 πρὸς
1032 614 1110 669 μὲν
1141 612 1307 668 Εὐβοίῃ
1347 612 1481 667 σφέας
1511 612 1710 655 ἐθελοκα-

453 683 579 735 κέειν,
613 682 671 733 ὠς
699 682 750 725 οὐ
780 682 1019 736 παρεόντος
1050 679 1199 723 αὐτοῦ·
1227 678 1322 723 τότε
1351 680 1398 723 δὲ
1428 677 1563 731 αὐτὸς
1575 695 1709 734 παρε·

455 749 665 794 σκεύαστο
703 748 950 805 θεήσασθαι
988 748 1325 802 ναυμαχέοντας.

324 819 391 864 Ἳθ
559 817 727 873 Ἐπειδὴ
759 818 804 860 δὲ
833 815 1130 872 παρήγγελλον
1150 815 1409 865 οἷναπλώειν,
1445 814 1609 871 ἀνῆγον
1638 814 1766 866 vobs-40

121 883 397 953 ξιξέᾚᾟζᾞὴζξῐ·
455 888 563 939 νῆας
601 885 668 927 ἐπὶ
701 886 780 940 τήν
819 889 1074 940 Σαλαμῖνα,
1105 885 1178 927 καὶ
1206 885 1532 938 παρεκρίθησαν
1563 886 1710 926 διατα-

425 954 634 1009 9χθέντες
663 951 752 995 κατ’
783 953 977 1009 ἡσυχίην.
1036 951 1132 995 τότε
1161 953 1241 1007 μέν
1278 967 1362 994 νυν
1401 949 1482 994 οὐκ
1519 950 1711 1006 ἐξέχρησέ

456 1033 536 1076 σφι
572 1020 599 1075 ἡ
629 1019 765 1077 ἡμέρη
795 1021 1038 1077 ναυμαχίην
1076 1019 1367 1076 ποιήσασθαι·
1396 1019 1474 1071 νὺξ
1503 1018 1586 1074 γάρ
1618 1019 1713 1062 έπε-

452 1088 627 1144 γένετο·
675 1090 718 1131 οἱ
760 1089 805 1132 δὲ
845 1086 1217 1142 παρεσκευάζοντο
1259 1087 1302 1139 ές
1346 1087 1425 1143 τὴν
1467 1088 1708 1142 ὑστεραίην.

460 1156 573 1207 Τοὺς
589 1155 632 1199 δὲ
653 1155 863 1213 ”Ἐλληνας
877 1154 958 1213 εἶχε
976 1157 1071 1207 δέος
1083 1172 1126 1199 τε
1149 1156 1222 1199 καὶ
1241 1155 1548 1211 ἁῤῥωδίη,οὐκ
1563 1155 1768 1211 ἥκιστα45

423 1224 508 1267 3δὲ
538 1223 644 1274 τούς
674 1224 757 1269 ἀπὸ
792 1224 1143 1280 Πελοποννήσου.
1202 1222 1430 1279 ἆρὁδεον
1459 1223 1517 1276 δὲ,
1547 1222 1613 1267 ὅτι
1636 1221 1713 1266 αὕ-

452 1293 521 1335 τοὶ
549 1294 625 1347 μὲν
655 1290 702 1335 έν
729 1297 950 1348 Σαλαμῖνι
976 1292 1209 1349 κατήμενοι
1239 1292 1347 1346 ὑπὲρ
1377 1296 1456 1348 γῆς
1491 1295 1568 1346 τῆς
1591 1289 1714 1347 Ἀθη-

451 1361 590 1403 ναίων
618 1361 879 1416 ναυμαχέειν
907 1361 1122 1415 μέλλοιεν·
1151 1359 1401 1417 νικηθέντες
1428 1376 1484 1412 τε,
1517 1359 1564 1402 έν
1592 1359 1713 1416 νήσῳ

453 1426 817 1484 ἀπολαμφθέντες
859 1428 1223 1485 πολιορκήσονται
1271 1425 1449 1478 ἀπέντες
1487 1427 1566 1482 τὴν
1610 1426 1714 1470 ἑωυ-

599 1681 692 1732 cap.
722 1682 844 1720 LXX.

455 1757 591 1811 ἐπειδή
626 1756 931 1812 παρήγγελλον]
979 1759 1055 1795 Pro

398 1814 536 1867 ἐπειδή
551 1818 589 1853 iu
610 1818 776 1855 Florent.
799 1818 955 1868 aliisque.
971 1813 1056 1854 ἐπεὶ

399 1874 462 1923 δὲ,
494 1873 598 1926 quod
617 1874 760 1924 recepit
779 1872 946 1910 Bekker.
992 1873 1058 1907 Tu

399 1932 501 1968 conf.
531 1932 591 1979 11,
623 1933 663 1970 2.
710 1931 798 1977 vll,
842 1932 908 1970 36.
947 1927 1056 1965 Idem

398 1988 636 2025 Florentinus
655 1999 749 2023 mox
769 1985 883 2023 habet
903 1981 1059 2037 παρήγ-

399 2046 549 2097 γειλον,
584 2044 648 2080 ubi
667 2041 852 2081 Valcken.
873 2043 1059 2079 maluerat

398 2096 678 2152 παρήγγελλεν,
700 2099 803 2152 quod
819 2099 866 2136 ad
889 2101 1061 2136 Xerxem

400 2158 597 2194 referatur.
626 2156 819 2209 Equidem
841 2155 889 2193 ad
905 2151 1061 2208 παρήγ-

403 2216 539 2264 γελλον
607 2227 628 2250 e
673 2214 901 2265 praegressis
948 2226 1061 2263 repe-

400 2278 438 2307 to
460 2270 501 2310 οἴ
519 2269 749 2323 στρατηγοὶ,
769 2269 816 2306 ad
837 2268 941 2322 quod
957 2268 1060 2306 idem

401 2328 588 2377 pertinent
609 2322 758 2378 ἀνῆγον
783 2326 851 2373 (de
871 2327 952 2377 ipso
972 2339 1062 2362 ver-

401 2385 451 2420 bo
470 2379 633 2436 α’νάγειν
655 2383 754 2420 conf.
776 2390 872 2419 nott.
893 2381 941 2419 ad
957 2383 1057 2429 vm,

400 2442 452 2479 60
474 2441 510 2484 ξ.
527 2442 567 2489 1)
589 2447 625 2476 et
645 2439 948 2492 παρεκρίθησαν
969 2438 1059 2477 δια-

399 2494 607 2545 ταχθέντες
631 2497 655 2534 i.
679 2510 712 2534 e.
743 2498 852 2533 aciem
881 2495 1059 2545 explicue-

400 2556 482 2588 runt
509 2565 568 2600 per
600 2555 727 2601 otium,
769 2560 810 2589 ut
838 2550 1058 2602 Schweigh.

401 2607 586 2656 reddidit,
631 2611 732 2646 sive:
788 2609 960 2659 explicati
1003 2608 1061 2644 illi

401 2668 480 2701 sunt
497 2665 536 2700 in
564 2667 639 2701 acie
655 2695 664 2713 ‚
707 2679 767 2701 suo
809 2668 951 2716 quisque
986 2665 1059 2701 Ioco

405 2721 567 2770 dispositi
590 2733 652 2769 per
684 2722 830 2759 ordines.
891 2722 1059 2759 Verbum

403 2776 720 2828 παρακρίνεσθαι
741 2777 787 2813 de
804 2779 908 2815 classi
929 2793 958 2815 s.
981 2779 1061 2814 acie

402 2847 441 2871 se
480 2834 691 2884 explicante
744 2841 863 2871 exstat
907 2847 1060 2887 quoque

1111 1649 1190 1693 IX,
1212 1649 1290 1693 983
1320 1642 1605 1686 διατάσσεσθαι
1632 1647 1772 1698 legitur

1110 1705 1147 1752 Ι,
1169 1706 1236 1744 80.
1271 1704 1361 1750 vll,
1384 1701 1450 1743 34.
1478 1703 1568 1743 124.
1597 1706 1686 1744 178.

1167 1754 1253 1798 τότε
1279 1759 1350 1808 μέν
1378 1774 1453 1798 νυν
1487 1756 1560 1798 οὐκ
1592 1758 1772 1811 ἐξέχρησέ

1112 1831 1149 1855 κ.
1169 1831 1201 1854 τ.
1227 1815 1281 1865 λ.]
1315 1817 1341 1853 i.
1375 1829 1405 1852 e.
1436 1820 1508 1852 tum
1530 1816 1663 1867 quidem
1698 1817 1772 1855 dies

1112 1886 1178 1909 non
1200 1872 1351 1922 suffecit,
1373 1886 1437 1923 quo
1456 1874 1626 1923 proelium
1648 1874 1772 1912 navale

1114 1931 1374 1967 committerent.
1436 1930 1545 1967 Conf.
1580 1931 1653 1978 111,
1694 1933 1775 1971 137

1113 1987 1242 2037 ibique
1261 1993 1358 2023 nott.
1394 1987 1487 2023 Mox
1518 2001 1537 2023 e
1557 1987 1776 2024 Florentino

1115 2044 1271 2095 aliisque
1285 2056 1373 2081 cum
1392 2050 1547 2081 recentt,
1560 2039 1777 2095 dedinom'-

1117 2103 1289 2148 σασθαι,
1309 2101 1374 2136 ubi
1395 2098 1603 2139 ποιέεσθαι
1624 2101 1776 2137 eWes-

1116 2157 1266 2207 seliugii
1324 2156 1489 2193 editione
1537 2158 1775 2193 retinuerunt

1118 2212 1310 2251 Schaefer.
1332 2220 1369 2250 et
1386 2211 1581 2252 Matthiae.

1174 2266 1250 2320 εἶχε
1283 2268 1370 2314 δέος
1399 2283 1438 2307 τε
1469 2267 1535 2307 καὶ
1571 2264 1771 2319 α’ῤῥωδίη]

1117 2325 1229 2362 Haud
1283 2327 1390 2362 aliter
1418 2324 1613 2362 Plutarch.
1663 2326 1776 2362 The-

1117 2382 1276 2419 mistocl.
1311 2386 1374 2422 11.
1411 2381 1546 2421 ἔννοια
1575 2380 1644 2421 καὶ
1686 2380 1776 2428 δέος

1115 2438 1199 2489 ἔσχε
1236 2435 1306 2477 τᾶν
1335 2433 1611 2489 Εὐρυβιάδην.
1645 2459 1701 2466 ——
1730 2439 1773 2474 ln

1112 2496 1407 2546 seqq.voculan1
1426 2510 1464 2534 τε
1482 2502 1565 2546 post
1585 2492 1773 2545 νικηθέν-

1114 2566 1176 2598 τες
1197 2550 1415 2602 Schweigh,
1437 2553 1485 2588 ob
1510 2563 1773 2602 praegressum

1115 2603 1238 2655 αὕτός
1259 2606 1345 2659 μέν
1365 2614 1554 2645 mutatum
1566 2609 1644 2644 vult
1664 2609 1702 2643 in
1716 2605 1771 2646 δέ.

1117 2664 1193 2701 Sed
1216 2665 1437 2715 particulam
1450 2679 1487 2704 τε
1499 2671 1646 2715 praeter
1660 2664 1772 2700 libros

1116 2722 1272 2771 scriptos
1318 2723 1404 2759 satis
1451 2722 1546 2758 tueri
1583 2719 1772 2766 videnlur,

1117 2791 1214 2828 quae
1237 2778 1283 2815 ad
1304 2779 1394 2826 vll,
1435 2780 1512 2819 188
1539 2777 1657 2814 attuli.
1714 2777 1773 2812 De

1118 2834 1320 2873 indicativo
1341 2830 1683 2886 πολιορκήσονται,
1707 2834 1773 2885 qui
