1879 3222
84 392 284 428 Attaginusst.
297 393 354 428 15.]

104 426 200 453 uidem
218 426 355 461 aufugit:

102 459 294 494 ‘imagenidas
315 461 352 494 [c.

80 494 137 527 38.]
150 501 215 520 cum
225 495 352 522 caeteris

80 527 179 588 ῒιειιιρίῑε
187 526 321 563 plectun-

277 1066 345 1111 89

76 1129 240 1169 Astabazus
272 1138 333 1165 qna.

73 1170 125 1191 vna
151 1172 269 1199 quoque
286 1173 333 1192 mo

415 155 498 195 8:32

811 157 1267 197 HERODOTI

411 263 565 318 σανίην
595 264 639 306 οἱ
664 265 860 318 Θηβαῖοι,
891 264 1096 317 θέλοντες
1124 267 1343 312 ἐκδιδόναι
1358 270 1462 320 τούς
1489 269 1661 325 ἄνδρας.
1675 280 1718 314 70

285 318 352 363 88
408 332 481 380 Ὡς
511 329 556 373 δὲ
586 328 871 386 αἱμολόγησαν
907 333 972 376 ἐπὶ
1000 335 1205 387 τούτοισι,
1234 336 1472 393 Ἀτταγῖνος
1502 338 1578 392 μὲν
1601 338 1662 381 ἐκ-

415 397 636 453 διδρήσκει
674 398 720 440 ἐκ
755 403 837 442 τοῦ
873 398 1053 452 ἄστεως·

408 467 588 523 χθέντας
625 468 875 523 Παυσανίης
907 467 1091 512 ἀπέλυσε
1133 475 1205 526 τῆς
1245 474 1405 526 αἰτίης,
1447 472 1532 527 φάς
1581 477 1660 515 τοῦ

383 536 635 590 Ξμηδισμοῦ
674 536 831 585 παῖδας
861 534 988 580 οὐδὲν
1019 536 1126 580 εἶναι
1155 541 1406 593 μεταιτίους.

1110 406 1266 454 παῖδας
1307 406 1351 448 δὲ
1391 404 1526 448 αὐτοῦ
1558 404 1662 448 ἅπα-

1467 540 1568 590 τοὺς
1615 540 1659 583 δὲ

409 601 569 653 ἄλλους
609 601 772 655 ἄνδρας
805 602 908 654 τούς
949 604 1151 655 ἐξέδοσαν
1187 608 1230 648 οἱ
1262 610 1457 661 Θηβαῖοι,
1506 609 1550 648 οἱ
1578 606 1655 661 μὲν
1671 612 1713 646 75

408 670 584 714 ἐδόκεον
630 669 871 725 ἀντιλογίης
914 687 957 713 τε
993 671 1217 726 κυρήσειν,
1267 673 1339 715 καὶ
1378 672 1430 727 δὴ
1473 674 1657 728 χρήμασι

406 737 694 781 ἐπεποίθεσαν
735 738 1018 781 διωθέεσθαι·
1051 737 1073 781 ὁ
1110 739 1154 781 δὲ
1185 739 1243 789 ὦς
1272 740 1510 794 παρέλαβε,
1547 741 1655 784 αὐτὰ
1714 748 1794 786 732

405 809 542 849 ταῦτα
573 804 821 858 ὑπονοέων,
860 805 941 860 τήν
970 806 1174 861 στρατιὴν
1205 807 1282 862 τὴν
1311 810 1398 849 τῶν
1427 806 1661 862 συμμάχων

405 873 581 917 ἅπασαν
621 871 774 927 ἀπῆκε,
824 872 895 915 καὶ
927 871 1117 924 ἐκείνους
1147 871 1321 928 ἀγαγών
1350 873 1391 922 ἐς
1421 872 1659 931 Κόρινθον,

405 941 635 996 διέφθειρε.

403 1011 505 1065 βῃσι
534 1009 757 1066 γενόμενα.

492 1397 585 1450 cap.
609 1399 859 1437 Lxxxvm.

402 1478 549 1525 παῖδας
591 1473 709 1518 ου’δὲν
738 1474 840 1518 εἶναι
866 1491 999 1529 μεται-

343 1533 472 1583 τίους]
518 1536 690 1582 „Delicta
718 1537 903 1572 scelerum
932 1547 997 1570 au-

344 1596 464 1626 ctores
495 1592 626 1638 luunt3
670 1590 832 1627 infantes
854 1591 998 1627 consilii

343 1647 502 1683 absolvit
520 1646 748 1683 innocentia.
779 1648 909 1682 Cicero
930 1659 999 1681 ve-

341 1702 486 1738 rissime
515 1703 560 1738 N.
590 1703 638 1738 D.
667 1703 733 1749 111,
755 1705 821 1743 38.
877 1702 997 1737 Multa

338 1758 460 1794 Faber
489 1758 650 1796 Semest.
678 1759 744 1804 111,
774 1759 841 1799 8.“
877 1758 945 1794 We
957 1771 997 1793 s-

337 1828 354 1851 s
365 1828 382 1851 e
395 1814 459 1851 lin
470 1827 509 1862 g.
538 1815 570 1850 E
583 1826 686 1851 sacra
705 1815 888 1864 scriptura
900 1816 997 1850 Lar-

338 1869 474 1907 cherus
490 1869 565 1907 huc
585 1877 793 1921 spectantes
809 1869 917 1906 affert
936 1870 997 1905 lo-

340 1939 404 1963 cos
433 1929 637 1963 Deuteron.
660 1927 801 1974 XXIV,
828 1929 889 1966 16.
939 1927 996 1961 E-

339 1981 446 2020 zech.
466 1984 603 2030 XVIII,
618 1986 685 2024 20.
734 1981 906 2019 Produnt
925 1979 996 2018 au-

338 2045 416 2075 tem
438 2038 531 2076 haec
551 2051 671 2089 aeque
691 2045 804 2091 atque
818 2051 873 2086 ea,
897 2051 994 2089 quae

337 2096 406 2144 lx,
429 2097 482 2135 79
512 2094 743 2145 produntur,
783 2096 993 2130 Pausaniae

338 2153 509 2188 animum
540 2165 628 2188 vere
658 2152 860 2188 sublimem
889 2157 925 2186 et
945 2151 991 2187 ab

339 2221 383 2244 ea
404 2209 589 2258 superbia,
613 2209 716 2244 cuius
733 2214 815 2257 post
836 2220 991 2243 accusa-

339 2265 460 2312 batur,
481 2265 661 2304 alienum.
685 2285 731 2291 -
794 2262 856 2299 Ad
883 2276 988 2314 seqq.

336 2322 566 2357 accusativos
605 2316 697 2366 τούς
740 2317 881 2365 ἄλλους
917 2317 991 2357 ἐίν-

337 2376 454 2428 δρας,
483 2373 576 2423 τούς
594 2383 666 2413 etc.
686 2377 786 2412 cons.
802 2376 846 2422 V,
870 2378 961 2415 103.

392 2449 563 2505 χρήμασι
595 2453 862 2494 ἐπεποίθεσαν
896 2453 990 2492 διω-

337 2509 522 2562 θέεσθαι]
554 2509 843 2558 ἐπεποίθεσαν,
886 2508 990 2561 quod

337 2566 471 2602 Portus
515 2574 739 2617 correxerat,
789 2566 989 2613 Sancrosti,

337 2622 496 2657 aliorum
517 2623 626 2662 codd.
650 2625 869 2660 auctoritate
886 2636 988 2659 nuuc

336 2678 434 2713 bene
463 2679 673 2715 restitutum
708 2681 745 2716 in
767 2687 866 2716 tanta
885 2678 986 2716 codi-

335 2746 424 2771 cum
454 2733 693 2773 dissensione.
750 2738 798 2773 Et
841 2735 986 2772 dudum

711 943 855 982 Ταῦτα
892 940 971 995 μὲν
1007 941 1060 983 τὰ
1102 940 1149 984 ἐν
1189 943 1434 995 Πλαταιῇσι
1466 941 1540 984 καὶ
1575 941 1712 998 Θή-8ο

507 1074 763 1131 Ἀρτάβαζος
802 1078 848 1121 δὲ
879 1076 901 1121 ὁ
942 1075 1214 1133 Φαρνάκεος,
1254 1075 1428 1132 φεύγων
1464 1074 1511 1118 ἐκ
1541 1079 1656 1119 Πλα-

405 1143 583 1197 ταιέων,
621 1145 693 1190 καὶ
723 1145 775 1201 δὴ
803 1146 875 1189 καὶ
905 1145 1052 1203 πρόσω
1083 1145 1256 1202 ἐγίνετο.
1311 1144 1589 1201 Ἀπικόμενον
1610 1142 1656 1187 δέ

1055 1364 1109 1401 ita
1134 1363 1290 1401 iusserat
1317 1362 1592 1413 Wesselingius
1611 1361 1712 1399 Diss.

1055 1419 1198 1457 Herod.
1218 1421 1274 1456 IX
1301 1433 1340 1470 p.
1366 1423 1457 1460 137.

1111 1494 1210 1538 αὐτοὶ
1234 1500 1357 1537 ταῦτα
1373 1495 1603 1546 ν’πονοέων]
1627 1495 1653 1533 i.
1670 1508 1706 1536 e.

1053 1569 1127 1593 eam
1142 1557 1252 1605 ipsam
1263 1556 1451 1603 concipiens
1467 1555 1704 1603 suspicionem,

1052 1612 1149 1648 velle
1170 1612 1247 1648 scil.
1270 1623 1331 1647 eos
1351 1610 1511 1660 pec-uui&
1527 1607 1650 1646 oblata
1663 1619 1704 1644 se

1052 1666 1285 1703 subtrahere.

1207 1755 1299 1806 cap.
1318 1753 1539 1790 Lxxxlx.

1107 1833 1174 1873 καὶ
1202 1831 1251 1884 δή
1280 1831 1347 1871 καὶ
1377 1831 1508 1883 πρόσω
1532 1827 1702 1882 ἐγίνετο]

1051 1891 1225 1927 Alterum
1244 1888 1324 1935 καὶ,
1338 1887 1440 1939 quod
1460 1887 1574 1936 vulgo
1587 1885 1703 1932 deest,

1051 1949 1175 1997 recepi
1197 1959 1284 1983 cum
1305 1942 1703 1993 Scllweigb.itemq.ue

1051 2002 1209 2055 ἐγίνετο,
1240 2003 1344 2038 cuius
1373 2002 1456 2037 loco
1486 2000 1599 2048 vulgo
1620 1996 1703 2048 ἐγέ-

1050 2074 1148 2098 νετο.
1211 2059 1351 2095 Sensus
1380 2057 1433 2093 nil
1452 2055 1609 2092 dubius:
1641 2057 1702 2090 at·-

1050 2128 1113 2164 que
1131 2117 1200 2151 iam
1231 2115 1369 2162 longius
1390 2116 1465 2149 erat
1481 2123 1698 2161 progressus.

1047 2173 1108 2207 Ex
1129 2169 1320 2207 Herodoto
1349 2175 1476 2205 autem
1509 2179 1575 2204 sua
1597 2179 1700 2203 sum-

1047 2228 1134 2264 sisse
1153 2228 1334 2275 Polyaen.
1352 2226 1432 2271 VII,
1450 2226 1500 2263 33
1523 2225 1559 2268 ξ.
1583 2225 1606 2262 3
1629 2223 1699 2259 ob·-

1047 2290 1169 2320 servat
1194 2282 1241 2318 ad
1270 2280 1307 2318 li.
1336 2283 1361 2318 l.
1381 2279 1626 2318 Valckenaer.
1646 2300 1694 2306 —-

1047 2339 1109 2376 Ad
1137 2352 1297 2390 sequens
1315 2338 1438 2384 ξείνια
1459 2336 1558 2373 conf.
1574 2335 1618 2381 V,
1635 2336 1695 2374 18·

1046 2397 1109 2443 IV,
1148 2396 1237 2434 ¹155.
1285 2395 1403 2430 Paulo
1434 2393 1529 2429 infra
1564 2390 1695 2439 reliqui

1048 2465 1135 2488 cnm
1157 2449 1388 2500 Schweigh„
1407 2449 1524 2486 Gaisf.
1545 2454 1581 2484 et
1590 2444 1695 2483 Bek-

1046 2507 1138 2544 kero
1153 2506 1302 2551 ἐθέλοι,
1315 2508 1419 2544 cuius
1429 2507 1513 2542 loco
1529 2504 1588 2540 alii
1603 2499 1692 2540 ἐθέ-

1045 2568 1124 2612 λεις
1164 2565 1330 2615 itemque
1351 2558 1565 2613 ἐξηγόρευε,
1587 2559 1650 2594 ubi
1671 2571 1691 2593 e

1044 2622 1261 2657 Florentino
1274 2632 1393 2670 nuper
1402 2623 1592 2666 receptum
1614 2621 1691 2651 erat

1043 2673 1259 2729 ἐξαγόρευε.
1296 2678 1423 2726 Ipsum
1453 2673 1610 2709 verbum
1638 2677 1689 2706 at-

1043 2734 1110 2784 figi
1139 2732 1185 2770 ad
1211 2734 1258 2781 11,
1289 2734 1377 2772 170.
1436 2730 1553 2766 Usum
1574 2728 1689 2779 parti-
