1996 3238
607 203 905 241 UBANIA.
963 204 1098 242 VIII.

1395 202 1479 243 143

225 325 270 358 σι
311 312 504 358 τούτοισι
545 312 716 356 τοιόνδε
760 312 1025 367 συμφέρεται
1053 313 1227 369 πρῆγμα
1265 312 1478 368 γίνεσθαι.

223 381 351 426 ἐπεὰν
377 384 491 424 τοῖσι
520 378 776 439 ἀμφικτίοσι
802 383 921 433 πᾶσι,
951 384 1066 424 τοῖσι
1093 379 1206 437 ἀμφὶ
1226 379 1386 438 ταύτης
1414 383 1479 427 οἰ-

162 590 233 638 rit,
262 587 310 626 ad
331 591 528 642 exemplar
545 590 704 628 Homeri
728 602 820 641 pro-

160 645 370 699 pemodum
384 659 394 684 :
409 643 641 697 οἷμφικτίοσι
652 669 707 676 -
719 650 820 686 τοῖσι

161 699 269 755 ἆμφὶ
295 725 350 731 -
381 703 568 743 οἰκέουσι.
621 705 696 742 Ubi
737 716 819 740 me-

159 761 273 798 minit
288 760 470 813 Thucyd.
491 763 693 811 111,104
733 761 820 797 Deli

160 831 243 856 των
282 815 542 869 περικτιόνων
591 819 821 869 νησιωτῶνέ

161 871 602 941 801101,Περικτίονες
618 903 630 922 ,
681 875 818 927 inquit

162 929 239 970 εἶσὶ
260 929 326 969 καὶ
360 926 638 982 ἄμφικτίονες,
678 931 720 971 οἵ
748 945 820 970 πε-

161 990 417 1039 ριοικοῦιᾝτες
448 988 478 1023 1
486 987 711 1025 alckenae
725 1001 754 1024 r.
771 986 819 1024 de

158 1056 254 1081 voce
276 1040 536 1095 ἆμφικτίονες
557 1052 751 1096 praeterea
769 1046 820 1082 ci-

158 1106 242 1138 tans
263 1102 427 1138 Pausan.
466 1103 525 1150 X,
566 1101 614 1152 [8
632 1103 669 1148 §.
696 1102 735 1150 1]
779 1115 818 1152 p.

159 1156 254 1198 815.
294 1158 501 1206 Tzetzem‚
540 1160 607 1210 qui
635 1161 821 1196 contermi-

157 1226 219 1251 nos
246 1214 298 1251 ita
331 1217 473 1252 vocarit
498 1216 603 1252 iuxta
623 1216 747 1252 Vales.
782 1216 821 1252 in

156 1272 380 1322 Harpocrat.
391 1286 429 1323 p.
442 1275 522 1313 276
538 1271 595 1323 [p.
606 1273 680 1313 461
699 1272 816 1324 Lips.]

158 1334 195 1364 et
215 1328 370 1366 Stobaei
388 1330 563 1380 Florileg.
584 1343 620 1380 p.
639 1332 730 1370 197.
760 1331 818 1366 Ac

155 1385 387 1422 nounaeum
419 1386 484 1422 ille
511 1385 640 1422 laudat
665 1384 787 1422 haec
778 1399 817 1422 m

155 1441 471 1492 splendidioribus
499 1441 685 1480 Herodoti
705 1455 820 1479 men-

157 1497 272 1536 daciis
291 1506 523 1550 ponentem,
553 1501 725 1552 quamvis
747 1512 819 1536 au-

156 1562 239 1592 ctor
258 1569 302 1592 ac
334 1558 437 1593 testis
469 1556 654 1593 Herodoti
683 1557 818 1593 citetur

154 1613 386 1662 Aristoteles,
408 1611 456 1649 ad
476 1613 509 1661 l,
536 1615 612 1655 175
631 1612 817 1651 laudatus.

153 1668 368 1721 Equidem,
422 1683 658 1722 quamquam
707 1677 818 1707 acute

153 1724 251 1764 haec
284 1739 305 1762 a
324 1725 599 1764 Valckenaerio
630 1726 817 1778 disputata

154 1790 243 1821 sunt
264 1782 431 1836 indeque
459 1785 575 1820 etiam
600 1785 817 1821 VVesselin-

154 1841 208 1890 gii
261 1847 375 1892 atque
419 1839 601 1878 Lai-cheri
647 1841 817 1878 tulerunt

155 1897 404 1947 applausum,
435 1899 501 1935 vix
519 1905 649 1934 tamen
676 1899 720 1935 iis
740 1897 815 1936 hoc

156 1952 257 1990 effici
277 1953 442 1999 credam,
461 1961 503 1991 ut
524 1956 705 1992 continuo
720 1953 815 1993 haec

156 2010 274 2046 verba
311 2009 507 2047 Herodoto
539 2011 814 2060 abiudiceutur‚

155 2065 238 2103 viro
257 2067 337 2104 seni
348 2094 362 2114 ‚
394 2079 510 2118 quem
531 2067 579 2104 ad
600 2075 817 2105 extremum

154 2121 234 2159 fere
256 2121 358 2160 diem
378 2124 418 2158 iu
449 2136 563 2174 opere
597 2137 666 2161 suo
687 2125 818 2161 elabo-

153 2178 274 2217 rando
296 2187 545 2230 occupatum,
587 2193 665 2217 non
688 2182 817 2218 omnia

152 2248 305 2288 prorsus
329 2235 510 2288 perficere
542 2244 658 2289 atque
688 2238 817 2275 absol-

153 2305 243 2330 vere
275 2295 440 2345 potuisse
468 2294 577 2344 plura
612 2307 816 2332 commou-

153 2356 292 2397 strant,
336 2363 528 2402 quemque
563 2353 677 2388 etiam
707 2350 816 2400 haec,

155 2407 311 2457 opinor,
341 2408 371 2444 si
391 2407 467 2444 fata
487 2407 676 2456 tulissent,
709 2408 815 2445 dele-

153 2464 250 2501 visse
289 2462 468 2500 credibile
507 2471 582 2513 est3
617 2464 734 2502 modo
773 2466 813 2502 iu

155 2531 270 2571 opere
308 2520 556 2572 pei-poliendo
609 2528 645 2558 et
682 2523 814 2572 perlu-

154 2575 308 2614 strando
329 2590 374 2614 eo
395 2589 516 2629 usque
553 2578 733 2629 progredi
766 2580 814 2616 li-

155 2634 304 2671 cuisset.
344 2634 429 2682 Sic,
454 2635 521 2687 qui
539 2635 710 2686 Assyrias
730 2636 816 2687 pol-

155 2689 290 2728 licetur
319 2688 510 2739 historias,
550 2693 617 2743 qui
636 2693 706 2728 alia
735 2693 815 2730 aliis

156 2745 247 2784 locis
267 2760 306 2784 se
326 2749 589 2799 expositurum
617 2750 815 2799 promittit,

156 2799 260 2840 haud
286 2811 384 2842 stare
403 2805 597 2856 promissis
616 2807 815 2858 reperitur,

875 587 1116 640 praematuris
1153 588 1234 628 scil.
1267 595 1390 626 morte
1422 588 1535 626 abre-

874 653 974 697 ptus,
1044 644 1216 697 Indeque
1266 658 1344 682 non
1384 658 1537 696 prorsus

873 703 999 739 facere
1018 715 1172 754 possum
1204 714 1292 739 cum
1314 700 1535 753 Schweigh.

873 758 1091 797 Herodotea
1128 758 1270 795 haecce
1306 760 1358 795 ita
1390 766 1535 809 tuente,

876 823 919 853 ut
939 816 1172 868 imprudenti
1192 816 1363 867 scriptori
1384 817 1453 852 ista
1466 829 1537 853 ex-

877 872 1056 922 ciderint,
1096 872 1200 910 haud
1221 872 1435 910 recordanti
1462 874 1536 910 alio

876 931 960 968 loco
982 943 1003 967 a
1022 944 1062 968 se
1082 932 1151 968 ista
1162 931 1239 967 iam
1253 943 1332 967 esse
1353 931 1537 981 exposita.

876 987 987 1033 Quod
1015 987 1064 1025 ad
1083 988 1382 1038 interpolationis
1404 988 1538 1025 attinet

875 1043 1015 1082 indicia
1048 1058 1068 1081 e
1089 1043 1274 1096 loquendi
1301 1057 1372 1080 usu
1394 1045 1537 1095 repeti-

875 1108 936 1149 ta,
968 1100 1071 1139 haud
1093 1100 1279 1149 diffiteor,
1310 1102 1377 1137 vix
1399 1114 1536 1139 sanum

875 1157 971 1195 mihi
994 1166 1029 1195 et
1049 1160 1119 1210 ipsi
1148 1157 1269 1195 videri
1301 1157 1397 1195 illud
1417 1156 1537 1210 φέρε·

877 1231 940 1254 ται
974 1215 1120 1266 fertur,
1153 1216 1295 1263 dz'cunt3
1327 1216 1432 1252 cuius
1464 1228 1536 1266 ge-

877 1274 1029 1309 minum
1059 1274 1124 1309 vix
1151 1273 1287 1324 opinor
1314 1273 1403 1309 alibi
1422 1286 1537 1323 repe·

875 1330 982 1366 ritur.
1040 1330 1173 1381 Itaque
1201 1330 1353 1379 reposui
1382 1327 1538 1380 συμφέ-

876 1401 1001 1435 ρεται,
1038 1385 1140 1438 quod
1172 1386 1280 1437 probi
1308 1385 1456 1423 codices
1477 1386 1537 1424 af-

874 1443 1001 1480 ferunt
1023 1442 1204 1495 quodque
1232 1442 1418 1480 Herodoti
1446 1456 1536 1481 usus

874 1500 1088 1537 confirmat.
1125 1501 1255 1552 Atque
1283 1500 1398 1537 etiam
1425 1503 1537 1550 χαλε-

874 1554 954 1596 πόν
976 1558 1142 1608 positum
1172 1569 1241 1607 pro
1273 1552 1537 1608 ἀνεπιτήδεον

873 1615 1001 1651 nescio
1015 1627 1082 1651 cur
1091 1612 1263 1665 displicet
1275 1614 1432 1666 vimque
1448 1627 1536 1652 ora-

873 1671 985 1708 tionis
1005 1670 1157 1708 videtur
1184 1670 1406 1721 infringere.
1454 1673 1535 1709 Nec

875 1727 1041 1781 denique
1061 1728 1274 1794 suspicione
1297 1734 1427 1766 carent
1445 1742 1535 1766 ver-

873 1785 954 1822 ba:
1012 1788 1155 1824 τοῖσι
1215 1779 1535 1835 α’μφικτίοσι

872 1843 970 1881 πᾶσι
987 1845 1124 1881 τοῖσι
1145 1836 1276 1892 ἀμφὶ
1295 1838 1441 1892 ταύτης
1463 1842 1535 1882 οἶ-

872 1898 1047 1938 κέουσι
1067 1901 1138 1948 τῆς
1155 1895 1329 1946 πόλεωςς
1358 1900 1425 1936 ubi
1453 1913 1535 1937 ser-

871 1957 997 1993 monis
1015 1957 1078 1992 illa
1101 1954 1333 1993 abundantia
1359 1955 1535 1993 offende-

871 2020 949 2059 ret,
976 2014 1048 2050 nisi
1075 2014 1114 2049 in
1136 2013 1273 2049 talibus
1294 2012 1535 2051 Herodotum

872 2070 1077 2106 verborum
1098 2070 1257 2105 minime
1279 2082 1439 2120 parcum
1454 2084 1533 2108 esse

873 2133 1074 2166 constaret,
1114 2127 1241 2162 Minus
1261 2124 1401 2163 haereo
1423 2127 1533 2178 equi-

874 2181 962 2219 dem
987 2183 1024 2217 in
1058 2182 1249 2218 locutione
1271 2178 1366 2231 φύει
1393 2182 1535 2235 πώγω·

872 2255 944 2283 να,
983 2240 1089 2275 cuius
1110 2240 1245 2275 similia
1285 2246 1433 2276 exstant
1464 2241 1534 2288 lx,

875 2298 966 2337 122.
996 2297 1053 2344 II,
1086 2298 1139 2337 68
1169 2296 1255 2333 coll.
1281 2303 1379 2334 nott.
1410 2295 1459 2334 ad
1486 2298 1532 2346 V,

871 2353 940 2393 91.

929 2403 1176 2459 Πηδάσοισι]
1194 2410 1250 2446 Ita
1270 2421 1359 2446 cum
1375 2417 1533 2448 recentt.

870 2466 1026 2518 reliqui,
1058 2466 1230 2518 quamvis
1248 2478 1363 2516 supra
1383 2467 1454 2515 VI,
1478 2469 1533 2508 20

871 2523 1127 2573 Πηδασεῦσι,
1166 2521 1270 2559 haud
1289 2523 1367 2560 scio
1396 2536 1445 2560 an
1470 2537 1534 2561 re-

872 2580 981 2620 ctius.
1039 2580 1116 2615 Alii
1141 2577 1408 2630 Πηδασέοισις
1428 2581 1533 2619 Leo-

870 2635 976 2687 pard.
1016 2634 1210 2673 Emendd.
1236 2636 1328 2685 Vll,
1360 2639 1406 2677 11
1441 2640 1534 2688 Πη-

871 2691 1064 2733 δασέεσσι.
1133 2694 1209 2730 Pro
1266 2691 1459 2734 τουτέοισι
1491 2696 1531 2732 in

870 2763 974 2801 seqq.
1007 2748 1096 2787 dedi
1123 2763 1215 2787 cum
1242 2748 1463 2801 Schweigb.
1494 2758 1532 2789 et

872 2806 989 2844 Gaisf.
1008 2803 1195 2848 τούτοισι.
1216 2828 1268 2837 -
1290 2808 1368 2845 Pro
1390 2806 1470 2856 δὶς
1488 2808 1530 2845 in
