1879 3222
91 442 157 485 20

538 188 1000 226 CALLIOPE.

1058 190 1075 225 1
1084 190 1134 226 X.
1383 189 1468 229 233

213 299 354 353 θράς,
385 296 551 354 ἔμαθόν
586 312 630 340 τε
661 295 715 351 δή
744 294 849 345 τοὺς
878 296 1131 352 βαρβάρους
1161 297 1229 341 ἐπὶ
1257 300 1318 356 τῷ
1345 296 1467 341 'Aem-

216 369 285 424 πῷ
315 363 802 420 στρατοπεδευομένους,
833 366 1103 419 φρασθέντες
1133 365 1180 409 δὲ
1209 369 1363 418 τοῦτο,
1395 363 1467 409 οἷν-

213 434 468 479 τετοίσσοντο
491 433 559 476 ἐπὶ
579 436 653 488 τῆς
674 431 892 487 ὑπωρείης
914 437 997 475 τοῦ
1018 437 1310 488 Κιθαιρῶνος.
1342 438 1465 488 Μαρ-

215 502 359 552 δόνιος
390 501 453 554 δὲ,
496 500 555 552 ὦς
587 499 641 543 ου’
670 499 930 556 κατέβαινον
960 500 1221 556 οί”Ἐλληνες
1251 501 1292 552 ές
1321 501 1370 545 τό
1400 516 1470 545 πε-

215 571 334 620 δίον,
379 569 535 623 πέμπει
564 568 607 620 ές
636 566 798 619 αὐτούς
826 572 971 612 πᾶσαν
1003 568 1080 624 τὴν
1110 571 1265 620 ἵππον,
1302 574 1376 626 τῆς
1408 572 1472 613 ἱπ-

212 637 366 692 πάρχεε
390 638 652 690 Μασίστιος,
684 635 949 692 εὐδοκιμέων
978 635 1099 689 παροὶ
1123 636 1342 692 Πέρσῃσι,
1375 637 1472 691 (τόν
1484 644 1527 678 20

199 705 401 761 ’Έλληνες
422 706 674 748 Μακίστιον
704 704 908 748 καλέουσι
919 707 948 761 ,)
979 706 1113 747 ἵππον
1139 704 1247 760 ἔχων
1267 707 1471 757 Νισαῖον,

209 772 526 830 χρυσοχάλινόν
573 788 617 815 τε
655 773 727 815 καὶ
765 772 902 824 ἄλλως
942 774 1265 828 κεκοσμημένον
1314 775 1470 823 καλῶς.

211 842 407 885 ἐνθαῦτα
438 840 498 892 ὥς
527 837 809 896 προσήλασαν
839 843 883 883 οἵ
907 840 1084 884 ἱππόται
1114 839 1224 894 πρὸς
1253 839 1357 891 τοὺς
1375 840 1472 882 Ἕλ-

211 914 365 966 ληνας,
396 909 694 965 προσέβαλλον
726 908 836 952 κατά
866 909 1007 952 τέλεα·
1038 908 1386 965 προσβάλλοντες
1416 907 1528 960 δὲ,Ξὸ

209 978 324 1022 κακοὶ
352 978 514 1034 μεγάλα
544 976 800 1033 ἐργάζοντο,
830 977 902 1021 καὶ
925 975 1134 1034 γυναῖκάς
1161 987 1297 1033 σφεας
1316 974 1472 1020 dmuti-

153 1187 313 1236 nienses,
329 1189 368 1224 in
384 1185 527 1225 Isthmo
542 1185 809 1225 iusiurandum

154 1245 294 1281 iurasse
336 1244 582 1296 perhibentur
628 1245 810 1282 libertatis

155 1300 371 1338 defensores
389 1332 399 1351 ,
454 1303 560 1339 cuius
604 1302 812 1338 formulam

155 1356 309 1394 exhibet
329 1357 485 1396 Diodor.
509 1360 628 1396 Sicut.
654 1360 722 1406 XI,
744 1360 809 1397 29.

155 1412 235 1451 Sed
275 1415 321 1451 ab
373 1414 667 1453 Atheniensibus
708 1416 813 1451 illam

155 1471 269 1508 fuisse
301 1472 525 1520 confictam,
561 1485 640 1508 nou
671 1473 814 1508 imme-

155 1529 226 1564 rito
258 1527 458 1566 credidisse
495 1527 645 1565 videtur
677 1527 814 1566 Theo-

154 1597 341 1635 pompus3
364 1585 440 1624 vid.
484 1586 715 1635 Wesseling.
765 1583 814 1621 ad

153 1640 312 1678 Diodor.
334 1643 359 1682 l.
384 1643 410 1679 l.
436 1649 473 1679 et
493 1648 589 1679 nott.
622 1641 670 1679 ad
689 1644 816 1678 Hero-

155 1696 235 1735 dot.
273 1699 328 1746 V,
379 1700 497 1739 102.“
556 1697 813 1750 Theopompo

155 1767 324 1805 opponas
354 1755 443 1792 licet
482 1757 651 1807 Lycurg.
693 1762 815 1793 contr.

154 1813 324 1848 Leocrat.
359 1825 399 1862 p.
431 1812 508 1853 158
541 1813 597 1863 [p.
630 1814 708 1853 193
735 1825 815 1864 seq·

155 1866 224 1917 R.]
258 1867 304 1904 de
336 1867 410 1905 hoc
448 1869 662 1907 iuramento
699 1870 814 1921 paulo

157 1925 264 1961 aliter
285 1925 525 1962 referentem.

214 1979 461 2031 φρασθέντες
474 1979 516 2020 δὲ
532 1982 667 2030 τοῦτο]
684 1978 726 2020 δέ
746 1995 816 2033 pro

158 2051 199 2076 τε
225 2036 349 2088 (quod
373 2044 456 2087 post
482 2037 732 2074 Schaeferum
755 2052 818 2075 re-

158 2094 271 2130 tinuit
288 2092 472 2145 Bekker.)
505 2094 753 2130 eFlorentino
781 2101 817 2131 et

160 2150 351 2187 Sancrofti
366 2151 460 2186 libro
492 2149 579 2186 dedi
610 2164 699 2187 cum
731 2152 819 2187 reli-

160 2208 254 2259 quis.
303 2208 361 2243 De
381 2220 475 2243 voce
505 2201 687 2258 ὖπιόρεια
716 2208 818 2244 conf.

159 2270 254 2302 nott.
278 2262 326 2300 ad
353 2265 389 2311 Ι,
425 2265 516 2303 110.
546 2264 626 2311 ΙΧ,
658 2264 724 2305 25.
752 2264 818 2305 56.

142 2321 285 2357 Minus
307 2327 407 2356 recte
425 2318 472 2356 de
503 2323 627 2357 montis
651 2320 819 2357 lateribus

162 2378 237 2422 (La
257 2377 411 2428 pente),
446 2390 523 2413 non
545 2375 592 2413 de
613 2379 737 2414 montis
755 2391 820 2414 ra-

163 2433 239 2471 dice
270 2434 446 2470 voculam
456 2434 616 2483 intelligi
632 2435 712 2471 vult
722 2435 820 2472 Gail.

160 2492 217 2527 Le
242 2489 425 2541 philolog.
452 2491 503 2527 IV
531 2503 619 2541 pag.
639 2493 716 2530 281
740 2505 819 2543 seq.

163 2547 249 2585 coll.
281 2548 314 2584 V
332 2559 419 2597 pag.
437 2549 531 2587 227.
560 2549 658 2583 Nam
674 2548 714 2583 in
733 2548 821 2598 ipsis

164 2602 398 2640 Cithaeronis
419 2602 693 2640 declivitatibus
706 2605 821 2640 Grae-

165 2671 228 2697 cos
272 2667 392 2698 castra
438 2660 604 2711 posuisse
653 2667 820 2711 apparet,

166 2720 257 2753 teste
281 2729 432 2769 quoque
451 2714 645 2753 Plutarch.
671 2717 711 2753 iu
733 2718 822 2754 Ari-

168 2770 252 2810 stid.
280 2772 353 2822 14,
391 2774 458 2817 ubi
487 2774 614 2811 scribit
644 2775 820 2824 Graecos,

867 1187 1033 1238 exceptis
1082 1187 1368 1238 Megarensibus
1385 1216 1410 1253 ’.
1461 1186 1528 1239 qui

867 1244 1147 1282 consederant
1137 1258 1177 1281 111
1198 1246 1289 1282 locis
1307 1244 1429 1295 magis
1442 1245 1529 1295 pla-

867 1303 949 1344 nis,
981 1301 1194 1338 consedisse
1224 1298 1305 1341 ’ὑπο
1330 1316 1400 1341 τον
1427 1296 1529 1353 πρό-

869 1358 975 1396 ποδα
988 1360 1062 1396 τοῦ
1083 1360 1354 1409 Κιθαιρῶιος,
1385 1356 1428 1396 ἐν
1453 1372 1529 1408 χω-

872 1414 969 1466 ρίοις
1002 1409 1160 1465 ὀχυροῖς
1195 1413 1263 1453 καὶ
1291 1409 1530 1462 πετρώδεσι.

870 1472 1099 1522 quibuscum
1146 1472 1261 1508 etiam
1308 1472 1439 1509 confer
1483 1471 1532 1509 sis

869 1527 1028 1567 Diodor.
1050 1528 1126 1577 XI,
1150 1530 1217 1569 30.

1089 1618 1183 1669 cap.
1212 1619 1306 1655 XX.

931 1696 1171 1747 Μασίστιος]
1195 1698 1438 1745 „Memorant
1460 1693 1534 1734 ho·-

871 1755 1018 1792 minem
1038 1755 1265 1803 Pausanias,
1292 1752 1536 1802 Plutarchus,

873 1812 956 1859 alii,
1009 1809 1238 1850 Μασίστιον
1285 1810 1533 1862 adpellantes,

873 1869 1035 1906 Tzetzes
1057 1881 1210 1920 quoque
1228 1866 1388 1906 Chiliad.
1401 1869 1431 1916 I,
1452 1869 1533 1908 993

871 1927 1032 1976 turpiter
1051 1932 1179 1962 tamen
1197 1924 1363 1961 eundem
1374 1938 1417 1962 ac
1436 1925 1536 1961 Xer-

872 1983 930 2019 xis
955 1983 1110 2019 fratrem
1131 1983 1346 2030 Masistam,
1377 1994 1452 2033 quo
1485 1979 1534 2017 de

875 2052 959 2088 cap.
983 2042 1060 2078 110
1093 2039 1206 2086 [109.
1237 2040 1328 2085 VII,
1351 2037 1441 2088 82],
1472 2050 1534 2074 ar-

874 2095 1073 2131 bitratus.“
1109 2093 1368 2142 W'esseling.
1394 2115 1446 2121 —-
1468 2093 1535 2129 Tu

876 2150 978 2189 conf.
1009 2149 1056 2186 de
1076 2152 1233 2187 nomine
1254 2151 1334 2200 ipso
1359 2156 1456 2188 nott.
1485 2147 1536 2187 ad

874 2208 952 2254 IX,
987 2209 1063 2247 107
1086 2214 1121 2244 et
1142 2205 1189 2243 de
1208 2213 1287 2243 toto
1315 2207 1390 2244 loci
1418 2219 1535 2256 argu-

875 2270 1007 2300 mento
1039 2264 1209 2315 inprimis
1229 2262 1423 2300 Plutarch.
1446 2264 1537 2300 Ari-

876 2319 962 2358 stid.
985 2333 1046 2370 cp.
1081 2323 1143 2360 13.
1164 2334 1250 2371 pag.
1276 2323 1356 2360 326
1388 2320 1431 2361 C.
1476 2321 1535 2356 De

878 2378 983 2429 equis
1009 2375 1155 2415 Nisaeis
1183 2377 1349 2414 diximus
1376 2375 1425 2413 ad
1455 2378 1537 2426 VII,

877 2434 946 2475 40.
978 2433 1039 2470 Ad
1057 2435 1292 2471 locutionem
1310 2430 1409 2472 κατοῖ
1428 2431 1538 2473 τέλεα

880 2491 925 2542 (i.
972 2505 1006 2528 e.
1064 2493 1267 2538 turmatim,
1325 2489 1538 2528 secundum

877 2548 1046 2598 singulos
1067 2547 1217 2585 ordines
1233 2546 1419 2598 dispositi)
1435 2547 1536 2585 conf.

877 2605 967 2652 VII,
1017 2607 1084 2645 81.
1126 2606 1195 2644 87.
1271 2605 1365 2641 Mox
1410 2604 1537 2656 recepi

878 2656 1271 2712 προσβάλλοντεςρτο
1289 2656 1538 2712 προσβαλόν-

877 2732 951 2763 τες,
977 2716 1082 2769 quod
1101 2731 1192 2756 cum
1210 2716 1417 2756 Schaefero
1438 2724 1541 2756 tenet

877 2772 1048 2811 Bekker.

1519 427 1629 464 Pugna
1636 427 1798 455 Persarum

1521 462 1671 496 equestris
1712 461 1744 488 in

1527 498 1671 526 Graecos.
