1996 3238
549 197 879 234 URANIA
939 199 1073 238 V111.
1364 198 1447 242 187

161 309 250 350 Βλε.
308 306 381 350 καὶ
408 304 552 359 πρόκα
580 320 624 348 τε
653 303 732 348 τόν
759 304 1002 360 πρόμαντιν
1029 307 1244 367 βαρβάρῳ
1269 307 1442 368 γλώσσῃ
1458 318 1504 352 60

188 377 310 429 χρᾶν·
338 372 412 417 καὶ
442 371 547 423 τούς
562 372 641 428 μὲν
664 372 905 429 ἑπομένους
922 378 1009 417 τῶν
1032 379 1238 432 Θηβαίων
1265 379 1312 422 ἐν
1328 378 1447 422 θωύ-

188 458 288 497 ματι
335 440 507 497 ἔχεσθαι
553 439 799 492 ἀκούοντας
846 441 1078 498 βαρβάρου
1115 445 1313 502 γλώσσης
1350 446 1449 491 ἀντὶ

185 507 400 562 Ἑλλάδος,
421 508 525 553 οὐδὲ
545 509 655 565 ἔχειν
676 509 701 553 ὅ
713 525 754 553 τι
776 508 1011 566 χρήσονται
1035 513 1098 567 τῷ
1119 514 1326 566 παρεόντι
1338 514 1450 571 πρή-

194 592 347 631 γματι·
382 577 461 620 τὸν
479 576 525 621 δὲ
554 576 774 632 Εὐρωπέα
794 582 903 622 Μῦν
933 578 1232 634 ἐξαρπάσαντα
1251 580 1348 636 παρ’
1371 580 1448 626 αὐ-

183 647 273 687 τῶν
312 643 392 701 τήν
436 645 648 701 ἐφέροντο
697 646 868 698 δέλτον,
921 646 974 690 τὰ
1005 649 1215 703 λεγόμενα
1245 647 1333 692 ὑπό
1364 653 1446 693 τοῦ

183 711 416 768 προφήτεω
445 712 633 770 γράφειν
663 714 705 765 ἐς
735 713 891 770 αὐτήν·
921 715 1061 772 φοῖναι
1091 716 1160 771 δὲ,
1191 718 1338 773 Καρίῃ
1368 734 1442 772 μιν
1455 724 1501 759 65

182 777 353 836 γλώσσῃ
383 785 513 836 χρᾶν·
545 781 914 839 συγγραψάμενον
943 783 1012 836 δὲ,
1043 785 1239 841 οἴχεσθαι
1258 782 1444 830 οέπιόντα

181 849 225 901 ἐς
251 851 503 906 Θεσσαλίην.

294 917 555 974 Μαρδόνιος
585 917 630 962 δὲ
657 915 959 974 ἐπιλεξάμενος
989 918 1013 962 ὅ
1041 936 1082 962 τι
1101 919 1154 976 δὴ
1185 914 1240 976 ἦν
1259 919 1442 977 λέγοντα

180 984 233 1029 τοὶ
262 984 514 1042 χρηστήρια,
543 985 650 1043 μετὰ
669 989 806 1029 ταῦτα
839 986 998 1044 ἔπεμψε
1028 986 1214 1045 ἄγγελον
1242 988 1285 1041 ἐς
1307 987 1442 1046 ’Λθή-

1501 910 1620 945 Accepti
1623 918 1637 937 e
1669 919 1774 951 oracu-

1498 944 1506 971 l
1511 952 1645 971 rrrrrrrr
1631 953 1680 984 sp
1684 953 1775 980 oooooo

1498 977 1586 1004 Mard
1591 986 1675 1005 ooooo
1693 980 1776 1006 Alex-

1498 1011 1624 1040 andrum
1668 1014 1775 1047 Amyn-

16 916 117 962 136

121 1205 189 1247 35.
210 1206 260 1242 Hi
271 1206 363 1243 boni
374 1202 563 1253 Thebani,
577 1204 699 1242 solam
713 1204 777 1241 in-
838 1206 887 1245 19
901 1212 937 1242 et
950 1207 986 1243 II
1005 1220 1043 1258 p.
1059 1204 1141 1247 412
1157 1207 1204 1244 A.
1226 1218 1349 1243 unum
1368 1205 1497 1244 norint

119 1263 354 1313 telligentes,
374 1269 418 1300 ut
443 1263 521 1299 istis
541 1263 777 1313 temporibus

120 1320 292 1372 plerique
320 1333 474 1367 omnes⁷
510 1320 682 1369 linguam
714 1331 782 1369 pa-

120 1377 245 1424 triam,
262 1377 497 1414 mirabantur
512 1376 644 1426 procul
665 1375 781 1412 dubio

119 1432 251 1484 lingua
290 1434 421 1470 Carica
459 1431 778 1483 respondentem.

117 1502 246 1542 neque
267 1492 371 1527 enim
381 1490 597 1537 verisimile,
616 1488 779 1526 deorum

117 1547 159 1583 in
188 1548 348 1584 oraculis
378 1546 619 1583 administros
652 1545 780 1583 diver-

115 1604 165 1640 sis
204 1604 343 1654 linguis
377 1602 625 1654 respondisse,
665 1609 779 1653 prout

117 1654 291 1713 quaeque
305 1660 587 1698 consulentibus
600 1666 694 1697 esset
706 1672 778 1710 pa-

115 1718 212 1766 triar,
271 1724 308 1755 et
346 1717 577 1767 figmentum
616 1716 778 1754 arbitror

115 1776 454 1824 grammaticorum
467 1803 476 1821 ‚
525 1772 628 1826 quocl
667 1774 777 1811 nobis

115 1838 290 1868 narratur
326 1832 366 1868 in
406 1829 538 1869 Schol.
578 1829 627 1868 ad
656 1829 776 1882 Soph.

116 1886 257 1924 Trach.
284 1886 408 1928 1184.
455 1889 526 1925 Hic
546 1894 698 1924 narrata
713 1901 776 1924 re-

116 1945 281 1993 spexisse
305 1943 455 1981 videtur
473 1943 699 1981 Plutarchus
719 1946 778 1981 De

117 2000 251 2038 Oracc.
280 1999 416 2038 defect.
447 2013 487 2050 p.
506 1998 589 2041 412
619 2001 669 2038 A.
689 2002 777 2043 coll.

117 2057 237 2109 Gryll.
257 2070 294 2108 p.
317 2058 398 2097 990
418 2057 465 2093 E.
469 2057 493 2077 “

171 2112 240 2152 καὶ
266 2108 398 2163 πρόκα
425 2127 466 2151 τε
493 2126 563 2151 τον
593 2108 777 2163 πρόμαν-

114 2185 174 2210 τιν
195 2164 388 2234 βαρβάρῳ
405 2165 559 2222 γλώσσῃ
579 2170 695 2220 χρᾶν]
718 2172 775 2206 De

113 2240 209 2265 voce
228 2222 362 2291 πρόκα
378 2225 456 2263 vid.
476 2232 572 2262 nott.
583 2225 668 2268 adl,
683 2229 776 2267 111

112 2285 274 2322 Devoce
286 2278 505 2334 πρόμαντις
487 2282 564 2320 cf,
577 2289 672 2320 nott.
685 2282 774 2332 adl,

117 2342 209 2381 182.
219 2342 353 2389 V1‚66.
364 2341 419 2376 Ac
430 2340 546 2389 vulgo
558 2352 648 2376 cum
662 2338 775 2376 diffe-

111 2404 198 2434 rant
217 2395 246 2448 ἦ
274 2391 497 2448 πρόμαντις
518 2395 660 2444 (mulier
671 2396 775 2447 fati-

111 2452 208 2502 dica)
248 2460 362 2506 atque
393 2448 608 2504 προφήτης
638 2454 777 2505 (templi

113 2513 271 2559 antistes,
302 2509 487 2561 praesul),
518 2507 559 2549 h.
580 2510 605 2546 l.
629 2508 652 2549 o‘
672 2506 775 2562 πρό-

115 2581 254 2618 μαντις
272 2566 378 2605 idem
397 2565 549 2604 videtur
569 2579 648 2603 esse
663 2595 673 2612 ‚
705 2568 772 2619 qui

113 2631 198 2674 post
206 2631 365 2662 vocatur
383 2621 406 2663 o‘
420 2619 644 2673 προφήτης,
659 2637 773 2675 prae-

113 2681 244 2718 sertim
273 2694 362 2719 cum
382 2680 519 2718 Strabo
539 2681 598 2716 IX
626 2694 664 2730 p.
691 2683 772 2723 633

113 2736 160 2776 Β.
179 2750 210 2775 s.
236 2736 316 2779 413
337 2738 379 2774 in
406 2736 577 2774 eiusdem
597 2737 653 2774 rei
681 2750 772 2775 nar-

115 2793 260 2832 ratione
275 2791 390 2848 atque
407 2791 602 2834 Plutarch.
614 2793 769 2833 Aristid.

835 1261 1051 1313 προφήτην
1070 1264 1256 1314 Apollinis
1276 1265 1385 1300 Ptoi.
1376 1276 1385 1283 ·
1422 1276 1499 1315 quo

839 1318 977 1355 eodem
997 1327 1168 1370 spectant
1178 1321 1390 1357 Pausaniae
1410 1333 1498 1356 ver-

839 1376 889 1412 ba
918 1378 969 1424 X,
997 1379 1048 1416 33
1072 1378 1108 1422 §.
1132 1376 1156 1417 5
1189 1390 1211 1414 a
1240 1377 1498 1427 Wesselingio

836 1433 936 1469 bene
966 1434 1099 1471 allata:
1157 1428 1380 1486 πρόμαντις
1409 1432 1452 1473 δὲ
1475 1432 1500 1473 ὅ

837 1486 966 1541 ἱερεύς
989 1489 1089 1529 ἐστι·
1120 1505 1193 1544 χρα
1214 1488 1296 1529 δὲ’
1279 1505 1322 1530 εκ
1337 1492 1409 1529 τοῦ
1425 1494 1500 1529 θε-

837 1549 887 1586 οῦ
901 1562 1078 1596 κατοχος.
1100 1547 1241 1584 Scribit
1251 1554 1380 1584 autem
1391 1545 1497 1584 idem

833 1604 1053 1652 Pausanias,
1071 1604 1330 1641 consentiente
1341 1605 1497 1640 Plutar-

835 1658 907 1697 cho
927 1661 954 1697 l.
964 1662 1002 1709 1.,
1025 1673 1102 1698 non
1115 1662 1261 1698 Graeca
1279 1659 1346 1698 sed
1362 1661 1497 1698 Carica

834 1717 964 1768 (igitur
993 1718 1195 1767 barbarica)
1231 1718 1392 1756 dialecto
1432 1731 1497 1754 re-

831 1773 1027 1826 spondisse
1070 1774 1200 1813 deum.
1254 1776 1312 1812 De
1353 1775 1497 1812 Carum

831 1833 965 1882 lingua
985 1832 1089 1870 conf.
1113 1831 1256 1870 Herod.
1277 1834 1306 1880 I,
1326 1834 1401 1873 171
1425 1831 1494 1871 fin.

890 1945 934 1984 έν
962 1941 1149 1996 θωύματι
1169 1943 1349 1996 ἔχεσθαι]
1382 1943 1496 1982 Conf.

834 2002 946 2039 allata
963 2001 1012 2039 ad
1032 2003 1130 2049 VIII,
1154 2002 1207 2043 ,32
1242 2008 1279 2039 et
1307 2000 1356 2038 ad
1383 2002 1496 2038 locu-

832 2059 980 2095 tionem
1028 2054 1124 2097 ου’ὅὲ
1152 2057 1211 2108 ε’χε
1196 2072 1253 2097 ιν
1282 2054 1316 2106 ὅ,
1347 2072 1383 2096 τι
1396 2073 1496 2109 χρη-

834 2126 972 2153 σονται
999 2116 1052 2167 τῷ
1078 2109 1268 2164 παρεόντι
1294 2109 1496 2166 πρήγματι

833 2171 934 2208 conf.
954 2177 1050 2209 nott.
1073 2169 1122 2207 ad
1141 2171 1186 2218 V,
1205 2172 1271 2211 12.
1318 2171 1377 2206 De
1398 2171 1516 2208 voce>

833 2225 968 2267 δέλτον
1000 2226 1079 2266 vicl.
1102 2234 1200 2265 nott.
1222 2225 1271 2264 ad
1290 2228 1371 2276 VH,
1394 2229 1493 2268 239.

996 2317 1322 2370 cap.cxxxv1.

887 2393 1192 2449 ἐπιλεξάμενος]
1223 2398 1250 2434 i.
1275 2411 1310 2435 e.
1338 2409 1415 2434 cum
1443 2395 1494 2435 le-

829 2455 953 2504 gisset,
982 2461 1024 2491 ut
1053 2456 1153 2502 VIII,
1182 2457 1251 2495 22.
1307 2465 1491 2505 προσκη-

830 2510 916 2558 δέες
940 2518 1028 2548 suut
1069 2511 1256 2562 affinitate
1287 2512 1488 2559 coniuncte}

829 2566 908 2606 vid.
928 2565 1070 2605 Pollux
1088 2569 1154 2616 111,
1177 2571 1216 2608 7.
1227 2570 1295 2608 30.
1323 2568 1490 2619 Respicit

829 2631 958 2662 autem
988 2625 1147 2676 scriptor
1167 2623 1215 2661 ad
1235 2637 1291 2672 ea,
1318 2637 1416 2676 quae
1443 2624 1491 2673 V,

828 2684 879 2722 21
916 2688 1067 2719 narrata
1103 2688 1205 2722 sunt.
1261 2680 1324 2719 Ad
1351 2694 1489 2719 vocem

828 2733 1090 2791 μητροπάτωρ
1118 2737 1198 2778 vid.
1226 2745 1323 2777 nott.
1353 2737 1403 2777 ad
1422 2739 1488 2786 VI,

831 2797 926 2836 131.
