1879 3222
469 137 553 176 326

869 134 1321 173 HERODOTI

475 242 558 288 οὐκ
596 244 750 298 ἔχουσα
789 242 938 301 ῥαφὴν
981 243 1207 298 οὐδεμίαν,
1248 242 1351 286 ἀλλὰ
1390 243 1431 296 ἐξ
1461 243 1557 295 ἑνός
1584 244 1716 290 ἐοῦσα

479 309 654 353 ὀστέου·
687 310 826 366 ἐφάνη
857 311 901 354 δὲ
929 312 999 354 καὶ
1024 311 1200 367 γνάθος,
1229 312 1299 354 καὶ
1319 311 1367 354 τὸ
1396 311 1484 354 ἄνω
1513 315 1588 367 τῆς
1621 313 1773 367 ymni-15

474 382 586 427 θου,
632 377 789 433 ἔχουσα
833 377 1011 430 ὀδόντας
1051 379 1328 434 μουνοφυέας
1359 378 1400 430 ἐξ
1441 378 1536 430 ἑνός
1566 378 1719 424 ὀστέου

474 445 654 498 πάντας,
704 445 808 498 τούς
850 463 894 490 τε
922 445 1103 496 ὀδόντας
1131 447 1203 489 καὶ
1231 445 1333 497 τούς
1361 448 1587 504 γομφίους.

1646 447 1721 491 καὶ

474 511 759 568 πενταπήχεος
787 509 947 568 ἀνδρὸς
976 512 1103 556 ὀστέα
1131 512 1281 568 ἐφάνη.

421 683 524 719 enim
537 682 746 721 Herodotus
765 691 891 723 narrat
903 685 1073 721 cranium

420 741 567 776 nullam
597 754 746 791 prorsus
792 748 962 777 suturam
1002 740 1073 776 ha-

421 797 527 844 bens,
557 796 622 833 sed
643 809 720 833 uno
744 809 824 833 osse
845 796 964 833 solido
985 810 1073 833 con-

420 859 533 899 stans,
563 866 641 889 non
662 860 741 889 tam
760 853 975 890 inauditum
996 866 1074 890 esse

421 909 473 945 ait
503 908 630 945 Stark.
648 938 658 956 ,
697 908 763 945 sed
802 910 989 959 pertinere
1027 908 1074 946 ad

420 965 576 1001 rariores
605 966 734 1015 capitis
762 964 1076 1011 deformationes,-

421 1023 594 1072 quamvis
639 1023 741 1057 enim
771 1024 960 1059 concretio
998 1023 1077 1059 sin-

419 1078 595 1127 gularum
626 1079 977 1126 commissurarum‚
1016 1092 1078 1116 sa—

420 1134 558 1183 gittulis
578 1148 667 1185 prae
689 1137 840 1183 ceteris,
865 1148 944 1172 non
965 1136 1076 1172 nimis

419 1202 503 1226 raro
548 1192 782 1238 inveniatur,
810 1193 861 1229 ita
884 1193 1075 1237 omnium,

422 1247 557 1297 quibus
583 1249 712 1297 capitis
743 1261 824 1285 ossa
851 1250 1074 1299 iunguntur,

420 1309 635 1339 suturarum
648 1304 892 1342 abolitionem
904 1319 984 1341 rem
997 1319 1075 1342 esse

421 1356 526 1394 addit
551 1358 660 1396 valde
682 1361 913 1401 inusitatam.
971 1362 1075 1406 Quae

406 1427 504 1450 mara
532 1414 633 1465 apud
660 1423 804 1454 veteres
831 1417 1076 1454 inveniuntur

422 1473 598 1522 exempla
618 1478 738 1523 aeque
759 1480 872 1524 atque
893 1472 994 1524 apud
1016 1487 1077 1510 re-

420 1529 617 1576 centiores,
650 1531 836 1579 congessit
855 1532 912 1567 vir
932 1529 1076 1578 doctus,

421 1583 515 1619 illud
543 1585 789 1633 probaturus,
820 1585 1002 1622 Herodoti
1030 1586 1077 1621 fi-

424 1637 513 1675 dem
543 1641 582 1675 in
610 1638 668 1675 his
690 1653 842 1691 quoqne
862 1640 965 1677 haud
994 1655 1077 1677 sus-

422 1702 574 1745 pectam
603 1709 702 1743 esse,
754 1695 1076 1748 quandoquidem,

423 1764 522 1802 quae
543 1754 714 1802 quamvis
734 1755 886 1799 rariora,
905 1752 1007 1789 haud
1019 1761 1078 1789 ta—

423 1820 514 1843 men
545 1807 714 1845 inaudita
742 1822 891 1859 prorsus
910 1811 994 1856 sint,
1015 1811 1077 1845 ille

423 1866 652 1912 narraverit3
705 1866 830 1909 §.18.
873 1865 970 1910 Quin
987 1878 1078 1902 cau-

423 1933 481 1956 sas
503 1933 656 1972 quoque
675 1919 786 1957 huius
808 1922 1078 1969 abnormitatis,

426 1983 463 2012 et
484 1978 670 2027 originem
689 1979 746 2014 vir
767 1976 999 2015 doctissimus
1020 1979 1080 2014 in-

426 2031 565 2082 dagare
595 2040 708 2083 atque
746 2035 970 2084 investigare
1001 2042 1081 2071 stu-

426 2087 491 2125 det
512 2089 726 2125 Continuat.
747 2090 797 2125 VI
817 2096 853 2126 et
866 2090 946 2129 VII.
978 2092 1082 2137 Quae

427 2158 518 2182 cum
540 2143 650 2182 huius
677 2158 755 2182 non
783 2146 856 2182 sint
884 2147 981 2194 loci,
1019 2146 1081 2183 hic

423 2202 633 2238 mittamus.

485 2254 651 2303 ὀδόντας
675 2257 950 2308 μουνοφυέας]
990 2259 1014 2294 i.
1047 2271 1082 2295 e.

430 2315 546 2351 dentes
564 2316 603 2351 in
627 2326 732 2350 unum
750 2318 938 2361 concretos,
971 2314 1083 2351 coali-

430 2372 585 2418 t0s‚sive‚
616 2377 657 2406 ut
692 2383 784 2406 mox
810 2372 887 2420 ipse
919 2369 1082 2407 declarat

428 2427 655 2472 Herodotus,
670 2425 707 2473 ἐξ
725 2423 809 2471 ἑνὸς
828 2422 966 2466 ὀστέου
980 2424 1083 2465 πάν-

434 2499 498 2529 τας
518 2485 568 2520 ita
597 2483 675 2520 scil.
695 2487 736 2520 ut
763 2496 805 2519 ex
827 2496 895 2519 uno
916 2497 986 2519 osse
1003 2496 1083 2519 con-

433 2542 568 2576 tinuato
588 2552 698 2576 omnes
722 2544 925 2586 constarent,
948 2552 1082 2591 quem-

433 2595 643 2632 admodum
668 2596 781 2632 etiam
811 2598 964 2633 Prusiae
986 2597 1083 2646 regis

434 2650 529 2687 lilius
550 2665 616 2701 pro
637 2654 819 2702 superiori
835 2652 966 2689 ordine
990 2652 1085 2689 den-

433 2708 528 2743 tium
547 2720 667 2744 unum
677 2721 717 2745 os
740 2710 944 2761 aequaliter
954 2716 1088 2746 exten-

1127 690 1211 720 tum
1262 681 1434 719 habuisse
1483 682 1617 721 dicitur
1653 684 1779 722 Valer-

1128 741 1229 775 Max.
1262 741 1290 788 1,
1325 740 1349 778 8
1380 745 1456 775 ext.
1485 742 1534 780 12
1557 741 1642 777 coll.
1677 742 1778 778 Plin.

1128 797 1209 842 VII,
1234 797 1282 834 16
1302 796 1456 846 ipseque
1475 794 1653 846 Pyrrhus,
1685 798 1780 847 Epi—

1130 859 1298 888 rotarum
1328 864 1408 897 rex,
1431 853 1496 901 qui
1515 858 1607 887 teste
1626 852 1778 889 Plutar-

1132 907 1203 945 cho
1244 908 1283 942 in
1317 908 1407 943 Eius
1436 908 1509 943 vit.
1547 920 1630 975 cap.
1659 911 1683 948 3
1715 907 1780 946 fin.

1132 960 1303 1010 πολλοὺς
1346 959 1507 1009 ὀδόντας
1553 960 1625 1002 οὐκ
1665 959 1781 1021 εἶχεν,

1133 1016 1214 1059 ἀλλ’
1241 1019 1287 1058 ἐν
1319 1014 1454 1058 ὁστέον
1475 1017 1630 1070 συνεχὲς
1652 1021 1705 1070 ’ἠν
1734 1017 1783 1058 ἅ-

1133 1081 1278 1122 νωθεν,
1309 1071 1397 1114 οἷον
1436 1078 1593 1121 λεπταῖς
1615 1071 1783 1126 αμυχαῖς

1131 1149 1201 1180 τας
1236 1129 1410 1180 διαφυας
1433 1130 1783 1183 νπογεγραμμένον

1132 1191 1210 1228 τῶν
1239 1184 1422 1228 ὀδόντων.
1443 1187 1543 1224 Add.
1554 1190 1683 1225 Festus
1701 1202 1730 1225 s.
1745 1202 1783 1226 v.

1132 1245 1305 1283 Monodos
1325 1259 1360 1295 p.
1376 1247 1451 1284 102
1466 1243 1641 1281 Lindem.
1679 1246 1783 1281 Haec

1132 1301 1266 1338 eadem
1297 1302 1445 1337 uberius
1473 1302 1643 1337 tractavit
1681 1299 1785 1337 idem

1133 1357 1261 1395 Stark.
1292 1358 1319 1394 l.
1350 1358 1375 1393 l.
1405 1358 1448 1392 P.
1480 1358 1498 1392 I
1531 1358 1745 1395 Continuat.
1765 1358 1785 1393 Ι

1133 1413 1180 1450 ad
1202 1414 1341 1450 rariora
1359 1413 1534 1460 referens,
1566 1414 1702 1465 quibus
1720 1413 1786 1450 vix

1133 1469 1343 1522 quidquam
1359 1470 1564 1519 reperiatur
1583 1470 1717 1506 simile.
1736 1470 1787 1506 Ut

1133 1528 1236 1563 enim
1257 1525 1423 1562 dubitari
1444 1526 1574 1577 nequit
1604 1526 1690 1572 (nisi
1701 1537 1786 1561 om-

1132 1596 1221 1619 nem
1232 1581 1407 1618 historiae
1420 1580 1535 1618 fidem
1551 1582 1708 1618 evellere
1718 1594 1786 1618 ve-

1130 1640 1188 1685 lis)
1230 1637 1331 1687 apud
1369 1644 1512 1674 veteres
1549 1650 1638 1673 sane
1670 1638 1787 1673 talem

1135 1693 1307 1730 dentium
1336 1694 1618 1729 concretionem
1638 1694 1787 1744 aliquo-

1133 1751 1201 1787 ties
1217 1755 1404 1800 repertam
1425 1749 1550 1796 fuisse,
1582 1750 1633 1785 ita
1654 1763 1788 1786 recen-

1132 1808 1219 1843 tiori
1240 1812 1359 1842 aetate
1378 1806 1443 1841 vix
1456 1806 1571 1841 talem
1591 1807 1789 1856 quaesieris

1134 1865 1251 1914 inque
1267 1862 1551 1898 collectionibus
1584 1874 1627 1898 ac
1647 1863 1788 1899 Museis

1135 1921 1201 1957 vix
1229 1919 1317 1954 talia
1337 1918 1543 1968 repereris,
1584 1930 1681 1969 quae
1711 1930 1790 1955 non

1135 1988 1285 2026 prorsus
1318 1975 1453 2011 similia
1474 1986 1593 2026 quum
1613 1975 1699 2017 sint,
1725 1987 1790 2011 ac·

1137 2031 1274 2069 cedant
1301 2037 1400 2067 certe
1430 2029 1711 2082 quodammodo
1741 2029 1790 2067 ad

1136 2088 1253 2124 talem
1289 2085 1459 2123 dentium
1498 2087 1789 2134 concretionem,

1138 2143 1186 2181 de
1217 2156 1290 2194 qua
1320 2141 1532 2178 Herodotus
1555 2143 1691 2194 aliique
1720 2156 1789 2180 ve-

1136 2207 1261 2237 terum
1281 2199 1475 2249 scriptores
1497 2205 1691 2236 testantur.
1714 2199 1789 2235 Ne-

1138 2269 1211 2307 que
1241 2256 1356 2292 etiam
1376 2254 1477 2306 apud
1506 2257 1678 2306 antiquos
1704 2267 1791 2292 me-

1138 2312 1239 2349 dicos
1284 2312 1360 2347 ulla
1402 2311 1513 2347 huius
1539 2313 1592 2347 rei
1627 2312 1787 2359 menti03

1138 2375 1441 2406 commemorant
1469 2366 1541 2404 hoc
1561 2369 1638 2405 sive
1656 2368 1789 2404 vitium

1136 2440 1166 2462 s.
1198 2438 1362 2461 errorem
1386 2432 1540 2461 naturae
1570 2425 1609 2460 in
1636 2423 1789 2459 confor-

1138 2481 1286 2518 mandis
1303 2480 1474 2518 dentibus
1494 2493 1570 2516 non
1593 2480 1663 2516 nisi
1684 2478 1788 2515 deci-

1140 2540 1193 2575 mi
1222 2539 1318 2574 sexti
1334 2545 1370 2574 et
1388 2537 1535 2587 septimi
1566 2536 1681 2572 seculi
1702 2537 1787 2572 artis

1140 2594 1311 2632 medicae
1342 2595 1466 2644 periti‚·
1505 2605 1573 2628 nec
1601 2594 1787 2628 recentio-

1141 2665 1198 2688 res
1219 2651 1355 2687 medici
1377 2651 1438 2696 ita,
1458 2655 1499 2684 ut
1518 2660 1585 2698 pai·
1605 2655 1656 2684 est
1669 2677 1678 2694 ,
1707 2661 1787 2684 rem

1142 2715 1315 2746 tractasse
1334 2704 1528 2753 videntur,
1551 2717 1666 2756 quain
1685 2717 1786 2741 nunc
