1879 3222
362 225 429 262 m«)
459 222 582 261 v1TA
611 221 683 258 ET
713 221 945 259 scrupus
975 221 1253 260 HERonoTr.
1455 225 1539 266 433

59 337 277 377 Editionem
298 335 439 375 curavit
460 340 496 371 et
513 346 597 371 snas
617 333 785 385 itemque
800 332 930 370 Ludw.
944 333 1047 385 Casp.
1076 333 1317 372 Valckenaerii
1333 336 1447 373 Notas
1466 335 1538 373 ad-

60 397 147 433 iecit
174 395 300 433 Petrus
329 390 583 439 Wesselz’nginS.
641 389 841 427 Accedunt
869 397 1017 440 praeter
1057 390 1169 428 Vitam
1194 391 1341 429 Homeri
1367 393 1468 429 varia
1490 406 1539 431 ex

61 453 189 504 priscis
216 449 452 501 scriptoribus
484 446 531 483 de
562 447 708 494 Persis,
744 447 960 497 Aegyptiis,
998 447 1101 495 Nilo,
1140 447 1319 499 Indisque
1337 450 1540 500 Excerpta,

63 517 100 546 et
120 509 336 560 praesertim
365 516 412 541 ex
434 505 594 541 Ctesia.“
654 504 723 539 Cui
745 502 831 540 add.
854 501 955 539 Petri
984 503 1205 552 Wesselz'ngz‘i
1221 506 1439 543 Dissertatio
1462 509 1543 542 He·-

63 565 216 602 rodotea
250 561 297 598 ad
333 562 423 598 Tib.
454 558 800 606 Hemsterhusium,
839 559 1006 596 Traiect.
1029 559 1076 596 ad
1105 559 1229 597 Rhen.
1256 561 1370 608 1758,
1393 565 1431 603 8.
1497 565 1544 600 Iu

62 620 134 659 hac
155 620 316 657 editione
336 618 509 655 omnium
525 615 840 668 praestantissima
861 614 995 652 dubius
1014 629 1104 652 sane
1123 614 1298 664 haereas,
1330 618 1544 656 Wesselin-

63 680 115 729 gii
134 676 336 714 sollertiam
356 673 628 710 industriamve
648 674 767 724 magis
788 671 917 709 landes
940 685 988 708 an
1009 671 1271 709 Valckenaerii
1300 675 1546 724 sagacitatem

63 735 103 771 in
122 730 362 769 emendando
382 738 511 778 textu,
548 732 742 782 utriusque
763 729 974 766 doctrinam
994 735 1072 765 tam
1086 729 1126 765 in
1147 729 1369 766 illustrando
1399 744 1469 768 usu
1491 732 1547 769 di-

63 788 174 828 cendi
201 787 418 825 Herodoteo
449 800 565 839 qnam
597 789 634 823 in
678 785 910 837 explicandis
938 786 1049 822 rebus
1078 786 1125 822 ab
1155 785 1351 822 Herodoto
1390 787 1549 828 traditis.

61 847 140 883 Nec
158 845 252 882 illud
281 845 536 894 Wesselingio
567 845 846 895 exprobmrim,
876 841 980 894 quod
1008 843 1047 878 in
1067 843 1175 880 novis
1205 843 1432 880 lectionibus
1452 846 1550 882 reci-

61 901 208 953 piendis
229 903 372 938 cautior
392 914 470 938 esse
490 902 623 938 maluit
645 913 761 954 quam
777 899 968 949 audacior,
999 899 1216 937 obscuriore
1231 912 1322 937 sane
1343 906 1379 937 et
1399 899 1551 940 duriore

63 959 242 997 orationis
258 971 397 1010 genere
418 971 518 996 usus.

173 1028 265 1063 Post
291 1025 613 1075 Wesselingium,
659 1030 702 1061 ut
731 1023 778 1061 de
810 1023 997 1062 Borheclcii
1029 1022 1128 1062 curis
1156 1023 1196 1061 in
1223 1023 1463 1063 Herodotum
1493 1033 1554 1064 ta-

64 1095 190 1128 ceam,
209 1079 252 1135 ³⁶⁸)
284 1082 374 1121 Frcl.
400 1082 501 1131 Volg.
525 1082 676 1118 Rez'zz‘us
696 1080 880 1118 Herodoti
901 1080 1125 1129 editionem,
1166 1082 1206 1117 in
1237 1095 1312 1134 qua
1342 1084 1556 1120 Wesselin-

64 1141 116 1190 gii
136 1146 285 1176 textum
306 1146 348 1176 ut
369 1145 655 1189 recognosceret
682 1152 848 1190 eumque
863 1137 927 1174 hic
947 1138 1023 1174 illic
1043 1138 1247 1188 refingeret
1262 1167 1272 1185 ‚
1312 1135 1382 1175 sibi
1414 1153 1557 1191 propo-

63 1203 209 1243 suerat,
238 1196 416 1243 instituit3
449 1194 589 1245 prodiit
608 1195 818 1232 Voluminis
839 1195 952 1245 primi
971 1195 1061 1231 Pars
1082 1195 1185 1244 prior
1212 1195 1361 1245 Lipsiae
1387 1197 1492 1238 1778
1515 1196 1557 1234 in

65 1255 124 1300 8.,
170 1253 285 1289 altera
315 1264 399 1302 pars
428 1259 511 1303 post
531 1251 649 1288 Reizii
677 1258 843 1288 mortem
874 1257 1029 1288 curante
1059 1251 1107 1288 G.
1129 1251 1181 1290 H.
1214 1251 1407 1302 Sclzaefero
1438 1255 1559 1301 1800,

65 1310 130 1360 qui
150 1310 264 1345 etiam
283 1309 400 1359 priori
413 1309 509 1359 parti
527 1309 665 1345 iterum
683 1310 780 1360 typis
792 1307 999 1358 descriptae
1024 1309 1142 1348 1807.
1157 1310 1261 1348 1816
1278 1315 1314 1345 et
1327 1309 1432 1345 alteri
1451 1311 1560 1349 1816

63 1365 248 1415 praefuit3
287 1365 477 1401 Volumen
516 1364 728 1401 secundnm
763 1377 852 1401 cum
884 1365 1021 1400 Latina
1043 1363 1173 1400 Vallae
1211 1365 1384 1401 versione
1420 1364 1561 1415 prodiit

69 1423 198 1468 182ος
235 1422 425 1458 Volumen
455 1422 610 1457 tertium
642 1420 1010 1468 animadversiones,
1042 1433 1135 1471 quas
1158 1419 1308 1457 Reizius
1323 1422 1560 1472 promiserat,

66 1478 322 1528 complectens
341 1489 541 1528 nunquam
561 1479 688 1514 lucem
715 1476 822 1516 vidit.
882 1476 962 1515 Sed
990 1475 1069 1527 ipse
1104 1475 1316 1526 Seliaeferus
1353 1491 1447 1514 mox
1477 1477 1562 1515 edi-

65 1534 211 1570 tionem
231 1535 377 1584 paravit
397 1533 674 1582 nitidissimam,
692 1535 797 1570 cuius
823 1533 893 1571 tria
914 1533 1133 1582 Volumina,
1151 1546 1249 1585 quae
1269 1535 1384 1571 verba
1401 1536 1560 1584 Graeca,

66 1597 228 1641 excepto
248 1603 351 1627 nono
369 1591 694 1639 libr0,continent,
709 1589 930 1641 prodierunt
945 1591 1094 1640 Lipsiae
1118 1592 1236 1629 1800.
1260 1592 1362 1631 1801
1385 1598 1422 1627 et
1441 1593 1562 1632 1803.

67 1646 253 1692 Quartum
274 1648 464 1684 Volumen
487 1660 577 1684 cum
594 1660 698 1684 nono
719 1647 814 1683 libro
843 1646 1017 1698 notisque
1037 1645 1188 1682 editoris
1209 1658 1287 1682 non
1309 1645 1458 1696 prodiit,
1489 1660 1564 1683 ne·-

67 1716 141 1754 que
172 1704 342 1740 Lexicon
376 1703 662 1751 Herodoteum,
702 1702 806 1754 quod
840 1701 1068 1740 Schaeferus
1101 1702 1348 1753 promiserat:
1391 1704 1457 1755 qui
1486 1702 1563 1755 qua

66 1761 211 1796 ratione
232 1760 272 1796 in
288 1759 472 1797 Herodoti
493 1767 601 1797 textu
622 1758 886 1797 constituendo
916 1765 1085 1797 versatus
1104 1759 1171 1807 sit,
1202 1759 1318 1810 ipsius
1339 1761 1462 1797 verbis
1482 1761 1561 1797 iam

67 1815 317 1853 indicavimus
338 1829 450 1866 supra
473 1818 509 1862 ξ.
535 1814 598 1856 14.
657 1815 853 1854 Schaeferi
883 1816 1145 1853 recensionem
1174 1817 1387 1852 maximam
1415 1823 1563 1866 partem

69 1879 217 1908 secutus
241 1879 295 1909 est
314 1872 475 1909 Davides
496 1872 632 1909 Sclealz
651 1873 691 1908 in
712 1886 756 1909 ea
778 1872 944 1909 editione
958 1903 968 1920 ,
1001 1885 1098 1924 quae
1119 1872 1224 1907 Halis
1254 1874 1372 1911 1809.
1404 1875 1443 1913 8.
1487 1870 1564 1910 hoc

70 1928 139 1964 sub
169 1929 277 1965 titulo
309 1927 470 1978 prodiit:
522 1927 734 1975 „Herodoti
764 1927 1006 1966 historiarum
1038 1928 1144 1975 libri,
1184 1926 1249 1979 qui
1284 1929 1564 1967 enarrationem

70 1996 288 2034 pugnarum
327 1985 426 2020 inter
466 1986 630 2021 Graecos
657 1991 694 2021 et
735 1986 868 2021 Persas
913 1985 1232 2034 complectuntur.
1290 1986 1433 2021 Graece
1473 1999 1564 2023 cum

72 2040 288 2079 animadvv.
319 2041 479 2077 aliorum
511 2047 623 2092 atque
647 2042 721 2077 suis
763 2040 822 2079 ed.
853 2043 949 2079 Dav.
982 2039 1139 2078 Schulz.
1169 2041 1260 2077 Acc.
1292 2038 1338 2076 de
1379 2041 1564 2079 Herodoti

71 2097 176 2145 Vita,
212 2096 373 2133 dialecto
409 2103 445 2133 et
474 2096 663 2133 scribendi
693 2096 876 2146 genere.“
933 2097 1061 2148 Atque
1093 2110 1142 2133 ex
1169 2095 1353 2133 Herodoti
1382 2098 1482 2135 libris
1506 2105 1564 2136 et-

70 2153 149 2189 iam
167 2154 352 2190 nonnulla
369 2160 593 2203 receperunt
622 2152 828 2202 lo.2Mattl2.
850 2154 991 2191 Gesner.
1020 2154 1060 2189 in
1077 2151 1421 2190 Chrestomathiam
1441 2155 1563 2191 Grae-

72 2222 182 2259 cam,
214 2208 353 2251 th'edr.
377 2210 492 2248 Andr.
510 2209 634 2248 Stroth
653 2211 694 2247 in
708 2211 956 2263 Aegyptiace,
978 2222 1076 2263 quae
1087 2209 1235 2248 Gothae
1258 2211 1366 2252 1782
1387 2211 1563 2263 prodiere

165 2422 194 2465 *)
220 2420 388 2454 Ediderat
409 2420 465 2454 ille
477 2420 640 2455 Herodot.
661 2421 822 2465 Lemgov.
838 2423 923 2456 1781
948 2421 1044 2456 itaut
1066 2420 1102 2456 in
1124 2421 1218 2456 libris
1234 2424 1378 2467 quatuor
1395 2422 1563 2467 prioribus

74 2466 267 2500 Reizianam
278 2467 516 2508 recensionem,
540 2467 574 2500 in
597 2467 736 2512 reliquis
749 2467 1052 2511 Wesselingianam
1074 2473 1292 2512 sequeretur3
1317 2468 1426 2501 altera
1449 2470 1563 2510 editio,

77 2512 119 2545 de
129 2516 195 2557 qua
213 2512 482 2546 recteiudicasse
506 2518 588 2556 puto
616 2513 975 2556 Schweighaeuserum
993 2514 1145 2548 Praesat.
1168 2515 1195 2553 Ι,
1213 2516 1234 2547 2
1257 2513 1426 2557 p.XX1V.
1450 2515 1564 2556 XXV;

78 2558 199 2601 prodiit
223 2558 303 2592 ibid.
331 2559 417 2592 1809
442 2558 551 2591 tribus
575 2558 806 2592 voluminibus.
832 2559 895 2592 His
920 2560 1064 2593 accessit
1076 2562 1274 2603 Apparatus
1285 2560 1331 2592 ad
1354 2560 1563 2594 Herodotum

79 2602 341 2648 intelligendum
358 2609 391 2637 et
407 2604 716 2647 interpretandum,
741 2604 888 2649 quinque
911 2605 1145 2645 voluminibus,
1160 2606 1561 2649 Le1ugov.l795—1798‚

80 2659 217 2691 quorum
240 2649 399 2693 primum:
429 2649 661 2693 Chronologia
685 2656 718 2683 et
741 2651 847 2684 Cris-is
865 2651 1080 2692 Hcroclotea,
1112 2650 1278 2684 Larcheri
1302 2651 1562 2695 disputationem

80 2692 123 2725 de
147 2693 307 2728 Herodoti
330 2695 563 2739 chronologia,
599 2707 617 2728 e
640 2695 772 2728 Gallico
794 2696 826 2728 in
852 2696 1007 2729 Latinum
1032 2708 1216 2730 sermonem
1253 2708 1449 2730 conversam
1482 2709 1562 2729 con-

80 2737 187 2779 tinet,
209 2740 335 2784 reliqua
358 2741 518 2774 exhibent
540 2743 760 2785 Apparatum
775 2742 929 2774 criticum
945 2743 991 2775 ad
1011 2743 1282 2776 constituendam
1310 2742 1462 2776 lectionis
1487 2744 1563 2775 He-

79 2783 237 2817 rodoteae
252 2786 507 2830 integritatem,
535 2787 561 2821 i.
584 2798 613 2820 e.
637 2787 751 2820 varias
773 2786 934 2820 lectiones
957 2799 977 2822 e
999 2788 1219 2834 WVesselingii
1241 2787 1398 2829 editione,
1423 2789 1563 2821 Wesse-

79 2828 172 2873 lingii
196 2834 232 2862 et
252 2829 486 2866 Valckenaerii
508 2836 606 2869 notas
629 2836 664 2868 et
680 2832 746 2868 alia
769 2832 944 2878 quaedam.
1208 2852 1212 2855 «

135 2879 356 2917 Hssnono'r.
373 2881 440 2919 IV.
1232 2883 1287 2922 28
