1879 3222
435 153 517 193 328
830 153 1288 193 HERODOTI

434 260 645 315 λαβόντας
681 260 870 312 πολλοὺς
908 262 1025 316 παρὰ
1044 261 1272 317 Ἀρτύντεω
1311 268 1391 308 τοῦ
1421 267 1681 320 Μαρδονίου

405 326 596 377 3παιδός
626 328 697 370 δια
728 332 857 371 τοῦτο
878 329 926 372 τὸ
951 330 1087 382 ἔργον.
1133 331 1247 382 ὅστις
1277 333 1422 388 μέντοι
1450 327 1505 388 ἦν
1536 332 1682 378 αὐτῶν

435 392 459 437 ὁ
490 393 750 447 ὑπελόμενός
779 412 822 438 τε
852 397 922 439 καὶ
951 401 1096 448 θάψας
1126 399 1201 442 τόν
1229 400 1382 454 νεκρὸν
1406 400 1483 443 τὸν
1505 405 1683 457 Μαρδο-

433 462 534 503 νίου
554 494 565 513 ,
598 462 651 505 ου’
683 461 870 518 δύναμαι
900 463 1106 517 ἀτρεκέως
1135 467 1367 511 πυθέσθαι.
1399 468 1480 523 ἔχει
1511 469 1555 511 δέ
1584 475 1738 511 τινα25

435 527 567 583 φάτιν
611 530 682 572 καὶ
731 535 1091 587 Διονυσοφάνης,
1134 532 1245 590 ἀνὴρ
1289 532 1494 589 Ἐφέσιος,
1537 534 1681 586 θάψαι

431 596 705 649 Μαρδόνιον.
766 596 850 641 ἀλλ’
887 597 909 641 ὁ
941 599 1018 652 μὲν
1049 599 1196 657 τρόπῳ
1227 601 1415 658 τοιούτῳ
1445 601 1593 658 ἐτάφη.
1631 603 1684 644 Οἱ

434 663 480 708 δὲ
498 663 699 721 ’Έλληνες
732 664 787 716 ὡς
829 666 876 709 ἐν
915 669 1156 722 Πλαταιῇσι
1191 667 1270 723 τήν
1299 672 1422 724 ληΐην
1457 671 1680 720 διείλοντο,

434 731 626 775 ἔθαπτον
654 732 757 783 τούς
785 732 974 783 ἑωυτῶν,
1010 735 1137 788 χωρὶς
1168 735 1352 778 ἕκαστοι.
1415 737 1681 791 Λακεδαιμό-

435 815 522 841 νιοι
551 800 630 854 μὲν
658 799 801 854 τριξὰς
830 799 1086 855 ἐποιήσαντο
1117 801 1272 858 θήκας.
1330 803 1438 846 ἔνθα
1476 803 1552 857 μὲν
1581 804 1738 854 τοὺςδΟ

435 866 579 919 ἰρένας
609 866 793 918 ἔθαψαν,
822 871 910 910 τῶν
938 869 1009 912 καὶ
1041 869 1334 920 Ποσειδώνιος
1370 870 1441 913 καὶ
1462 867 1684 925 Ἀμομφά-

343 598 363 612 ν

305 598 371 643 So

105 659 213 686 Graeci
232 664 377 707 quomodo

104 694 222 754 nepuiti.
249 697 377 725 cenota-

104 725 203 787 Rhial
202 727 320 757 ’lataeis
347 733 376 759 in

125 767 189 786 ⁰¹⁰8
207 765 377 792 memoriam

103 801 222 828 pugnae
264 801 378 825 exstru-

103 830 169 861 cta,
187 831 277 858 testes
296 832 378 859 vani-

101 847 173 889 tatis
184 863 377 894 Graecorum.

400 939 557 989 Ξρετος
586 927 695 990 ἦσαν
724 935 798 978 καὶ
830 936 1056 980 Φιλοκύων
1093 953 1136 983 τε
1165 938 1238 982 καὶ
1269 936 1577 996 Καλλικράτης
1635 937 1681 983 ἐν

552 1197 644 1250 Cap.
665 1201 861 1241 LXXXV.

434 1272 535 1314 ἔνθα
555 1275 626 1328 μὲν
651 1294 747 1326 τους
770 1278 903 1332 ἰρένας
931 1279 1030 1320 ἔθα-

375 1330 493 1381 ψαν]
525 1333 549 1368 i.
571 1347 605 1369 e.
640 1340 712 1371 tum
735 1338 870 1385 quedem
895 1337 1029 1384 (tribus

373 1387 453 1424 scil.
485 1389 700 1427 conditoiiis
722 1393 826 1430 factis
855 1393 902 1430 ad
923 1408 1029 1430 mor-

374 1448 529 1480 tuorum
569 1446 751 1485 cadavera
788 1450 1031 1500 excipienda)

373 1500 603 1550 sepeliverunt
649 1506 784 1542 iuvenes
829 1520 858 1543 s.
916 1507 1030 1545 duces.

374 1555 448 1591 Ubi
468 1558 635 1606 primum
664 1560 756 1597 illud
791 1575 941 1610 moneo,
968 1577 1030 1600 se-

374 1611 545 1649 cundnm
573 1616 799 1654 Pausaniam
834 1620 901 1664 IX,
929 1622 955 1658 2
990 1621 1028 1664 ξ.

374 1666 399 1706 4
423 1680 462 1717 p.
490 1670 569 1711 715
615 1671 936 1710 Lacedaemonios
972 1681 1032 1710 at-

375 1735 450 1773 qne
469 1723 718 1764 Athenienses
735 1742 843 1765 suam
861 1743 1031 1781 quosque

376 1776 551 1816 habuisse
571 1785 826 1833 sepulturam.
867 1787 1030 1837 reliquos

375 1835 538 1874 Graecos
550 1851 601 1874 un
606 1852 667 1876 am
679 1853 839 1892 eamque
855 1855 1032 1879 commu-

372 1904 476 1929 nem.
489 1894 662 1931 Alterum
683 1896 731 1932 ad
743 1897 923 1935 Herodoti
944 1906 1033 1935 tex-

374 1954 457 1984 tum
493 1952 644 1999 attinet,
708 1954 748 1989 iu
788 1967 863 2006 quo
900 1968 1032 1992 omnes

376 2004 488 2042 codd.
511 2006 677 2045 offeiuut
698 2025 792 2057 τους
813 2009 919 2060 ἱρέας
947 2012 973 2049 i·
995 2025 1028 2048 e·

376 2061 583 2110 SOECCYdOtLS,
627 2066 755 2115 quales
786 2080 960 2117 Ilusplaln
992 2080 1032 2103 lu

375 2117 651 2168 Spartanorum
678 2122 827 2171 proeliis
860 2135 1034 2159 comme-

375 2182 592 2224 morantur3
643 2190 732 2213 nam
765 2185 891 2215 vatem
930 2178 1032 2233 quod

375 2229 415 2265 in
430 2231 731 2282 expeditionibus
746 2248 875 2271 secum
885 2234 1032 2272 habue-

375 2293 485 2334 runt,
540 2287 578 2325 id
615 2288 689 2327 huc
729 2291 858 2327 lweserli
887 2293 1031 2343 nequit,

375 2343 499 2390 Quare
515 2344 819 2410 Valckenaerius,
843 2348 922 2384 aliis
938 2361 1031 2385 con-

376 2399 525 2437 iacturis
573 2403 714 2447 missis,
769 2405 880 2440 scribi
928 2405 1031 2442 iussit

375 2452 468 2501 τούς
499 2455 640 2509 ἰρένας,
661 2466 697 2495 et
718 2460 813 2496 infra
835 2460 876 2499 οἷ
892 2460 1030 2510 ἰρένες,

376 2509 490 2561 idque
553 2515 724 2564 probavit
777 2517 1030 2567 Ἇεεεθίίιιὲἰο

379 2566 492 2614 (Diss.
510 2570 651 2608 Herod.
681 2586 719 2622 p.
741 2573 842 2621 206)
877 2580 913 2609 et
942 2574 1032 2609 reli-

381 2623 463 2672 quis
500 2624 864 2675 edito1ibus.0uo
903 2637 1031 2668 autem

379 2679 444 2714 vir
470 2683 727 2729 sagacissimus
750 2687 949 2737 piaecipne
969 2688 1031 2723 ni-

379 2735 477 2784 titur,
506 2744 560 2774 est
589 2739 719 2777 Glossa
748 2741 962 2780 Ilerodotea
982 2743 1033 2780 sio

1085 1177 1289 1222 concepta:
1322 1165 1474 1241 Εἷρην·
1516 1184 1622 1221 παρα
1651 1171 1741 1209 Λα-

1084 1228 1349 1279 κεδαιμονίοις
1381 1227 1422 1266 ἐν
1452 1242 1504 1265 τω
1530 1222 1671 1279 πρώτῳ
1701 1225 1741 1266 ἔ-

1083 1299 1230 1338 νιαυτῳ
1264 1282 1287 1323 ὁ
1309 1287 1401 1330 παῖς
1428 1283 1743 1334 ῥωβιδαςκαλεῖ-

1083 1355 1159 1387 ται,
1189 1342 1244 1378 τῶ
1270 1338 1437 1392 δευτέρω
1459 1335 1743 1389 προκομιζόμε-

1084 1411 1175 1443 νος,
1197 1398 1248 1447 τῷ
1272 1399 1387 1449 τρίτω
1410 1391 1668 1446 μικιζόμενος,
1687 1395 1744 1445 τῷ

1086 1449 1253 1504 τετάρτω
1274 1449 1469 1520 πρόπαις,
1506 1453 1561 1503 τῷ
1582 1450 1743 1518 πέμπτῳ

1086 1512 1203 1556 παῖς,
1236 1510 1287 1562 τῷ
1310 1507 1404 1561 ἕκτῳ
1424 1507 1637 1575 μελείρην.
1670 1502 1743 1544 Ἐ-

1087 1549 1271 1615 φηβεύει
1282 1561 1324 1603 δὲ
1344 1559 1433 1614 παρ’
1452 1559 1585 1610 αυτοῖς
1614 1561 1745 1608 ὀπαῖς

1087 1635 1165 1658 ατο
1184 1619 1279 1658 ἐτῶν
1301 1615 1348 1657 ιδ’
1362 1619 1471 1669 μέχρι
1494 1618 1560 1657 καὶ
1577 1613 1631 1656 κ’.
1661 1620 1743 1656 Βα-

1089 1671 1266 1741 ρυτόνως
1321 1672 1362 1713 δὲ
1403 1671 1504 1724 [τὸ]
1545 1675 1741 1725 μελείρην,

1089 1728 1241 1782 ὥσπερ
1233 1727 1413 1781 πυθμήν,
1425 1726 1504 1769 α’πυ
1499 1726 1634 1779 ’θἰιην·
1665 1726 1742 1768 αυ’-·

1087 1802 1185 1840 χην,
1237 1784 1441 1836 υψαύχην.
1499 1786 1641 1830 Quibus
1672 1785 1743 1824 ad-

1089 1843 1183 1880 dunt
1206 1841 1399 1880 Plutarch.
1427 1844 1592 1893 Lycurg.
1628 1845 1676 1882 17
1704 1855 1744 1895 p.

1088 1900 1140 1940 50
1161 1901 1221 1947 D.‚
1252 1901 1318 1936 ubi
1348 1897 1441 1936 haec
1464 1905 1632 1935 exstant:
1665 1898 1743 1937 Εἰ-

1089 1954 1206 2006 ρὲνας
1236 1953 1278 1994 δὲ
1305 1958 1489 2002 καλοῦσι,
1535 1969 1629 2000 τους
1660 1953 1744 2001 ε’τος

1087 2008 1167 2075 ἠδη
1189 2006 1411 2062 δεύτερον’
1394 2026 1434 2050 εκ
1452 2010 1607 2049 παίδων
1630 2025 1743 2063 γεγο-

1088 2063 1219 2113 νότας.
1278 2065 1523 2123 Μελείρενας
1556 2063 1624 2110 δὲ,
1663 2069 1742 2106 τῶν

1088 2123 1244 2162 παίδων
1285 2125 1378 2168 τούς
1433 2117 1741 2173 πρεσβυτάτους,

1086 2179 1304 2230 Etymolog.
1335 2180 1462 2228 Magn.
1492 2192 1529 2229 p.
1551 2181 1644 2227 303,
1675 2181 1742 2219 37.

1087 2233 1251 2286 Hesych.
1280 2236 1315 2271 11
1335 2248 1421 2285 pag.
1443 2237 1508 2274 69.
1539 2234 1670 2286 ἰ’ρανες
1703 2233 1746 2274 οἷ

1089 2291 1267 2355 εἴρωνες·
1300 2291 1340 2330 οἱ
1361 2305 1544 2341 αρχοντες
1577 2289 1742 2342 ηλικιω-

1086 2363 1161 2395 ται,
1186 2342 1396 2393 διώκοντες
1409 2348 1494 2384 coll.
1514 2349 1583 2399 Ip.
1610 2346 1740 2387 1114:

1089 2399 1307 2455 εἰρηνάζει·
1344 2407 1488 2455 κρατεῖ.
1554 2401 1662 2440 Unde
1695 2402 1739 2440 C.

1088 2461 1133 2500 Ο.
1159 2460 1305 2497 muller.
1325 2462 1415 2496 Dor.
1444 2461 1480 2495 ΙΙ
1501 2473 1536 2510 p.
1558 2461 1634 2499 301
1659 2471 1737 2494 non

1086 2517 1241 2553 iuvenes
1262 2517 1338 2553 sive
1370 2515 1640 2560 adolescentes,
1671 2513 1738 2550 sed

1087 2572 1264 2609 ordinum
1286 2573 1399 2619 (luces,
1423 2572 1539 2623 qualis
1559 2583 1647 2605 sane
1668 2570 1737 2607 fuit

1086 2627 1416 2679 Amompharetus,
1454 2627 1611 2676 intelligi
1641 2627 1736 2666 vult.

1086 2688 1143 2723 De
1174 2685 1356 2722 Posidonio
1382 2682 1456 2720 vid.
1479 2684 1546 2729 lx,
1580 2685 1651 2731 713
1689 2682 1736 2720 de

1091 2742 1348 2792 Amomldtareto
1365 2741 1432 2789 IX,
1454 2739 1504 2780 53
1534 2751 1612 2791 seq.
