<?xml version="1.0" encoding="UTF-8"?>
<!DOCTYPE html PUBLIC "-//W3C//DTD XHTML 1.0 Transitional//EN"
    "http://www.w3.org/TR/xhtml1/DTD/xhtml1-transitional.dtd">
<html xmlns="http://www.w3.org/1999/xhtml" xml:lang="en" lang="en">
 <head>
  <title>
</title>
<meta http-equiv="Content-Type" content="text/html;charset=utf-8" />
  <meta name='ocr-system' content='tesseract 3.04.00' />
  <meta name='ocr-capabilities' content='ocr_page ocr_carea ocr_par ocr_line ocrx_word'/>
</head>
<body>
  <div class='ocr_page' id='page_1' title='image "./musaeherodoto04hero/musaeherodoto04hero_0012.png"; bbox 0 0 1847 3272; ppageno 0'>
   <div class='ocr_carea' id='block_1_1' title="bbox 321 663 351 707">
    <p class='ocr_par' dir='ltr' id='par_1_1' title="bbox 321 663 351 707">
     <span class='ocr_line' id='line_1_1' title="bbox 321 663 351 707; baseline 0 0"><span class='ocrx_word' id='word_1_1' title='bbox 321 663 351 707; x_wconf 81' lang='lat'><strong>3</strong></span> 
     </span>
    </p>
   </div>
   <div class='ocr_carea' id='block_1_2' title="bbox 87 727 308 757">
    <p class='ocr_par' dir='ltr' id='par_1_2' title="bbox 87 727 308 757">
     <span class='ocr_line' id='line_1_2' title="bbox 87 727 308 757; baseline -0.018 0"><span class='ocrx_word' id='word_1_2' title='bbox 87 727 308 757; x_wconf 73' lang='lat' dir='ltr'><strong>Atheniensium</strong></span> 
     </span>
    </p>
   </div>
   <div class='ocr_carea' id='block_1_3' title="bbox 84 762 354 864">
    <p class='ocr_par' dir='ltr' id='par_1_3' title="bbox 84 762 354 864">
     <span class='ocr_line' id='line_1_3' title="bbox 84 762 354 801; baseline -0.011 -11"><span class='ocrx_word' id='word_1_3' title='bbox 84 762 249 801; x_wconf 43' lang='lat' dir='ltr'><strong>prudentia·</strong></span> <span class='ocrx_word' id='word_1_4' title='bbox 266 762 354 801; x_wconf 75' lang='lat' dir='ltr'><strong>impe-</strong></span> 
     </span>
     <span class='ocr_line' id='line_1_4' title="bbox 85 798 354 824; baseline -0.007 0"><span class='ocrx_word' id='word_1_5' title='bbox 85 798 159 824; x_wconf 82' lang='lat' dir='ltr'><strong>rium</strong></span> <span class='ocrx_word' id='word_1_6' title='bbox 179 800 354 822; x_wconf 73' lang='lat' dir='ltr'><strong>marmmum</strong></span> 
     </span>
     <span class='ocr_line' id='line_1_5' title="bbox 86 828 354 864; baseline -0.015 -6"><span class='ocrx_word' id='word_1_7' title='bbox 86 830 241 864; x_wconf 63' lang='lat' dir='ltr'><strong>spartani„</strong></span> <span class='ocrx_word' id='word_1_8' title='bbox 261 831 287 855; x_wconf 87' lang='lat' dir='ltr'><strong>in</strong></span> <span class='ocrx_word' id='word_1_9' title='bbox 300 828 354 855; x_wconf 88' lang='lat' dir='ltr'><strong>hoc</strong></span> 
     </span>
    </p>
   </div>
   <div class='ocr_carea' id='block_1_4' title="bbox 84 862 351 899">
    <p class='ocr_par' dir='ltr' id='par_1_4' title="bbox 84 862 351 899">
     <span class='ocr_line' id='line_1_6' title="bbox 84 862 351 899; baseline -0.007 -9"><span class='ocrx_word' id='word_1_10' title='bbox 84 863 224 899; x_wconf 73' lang='lat' dir='ltr'><strong>temporis</strong></span> <span class='ocrx_word' id='word_1_11' title='bbox 243 862 351 889; x_wconf 74' lang='lat' dir='ltr'><strong>articu-</strong></span> 
     </span>
    </p>
   </div>
   <div class='ocr_carea' id='block_1_5' title="bbox 83 895 353 925">
    <p class='ocr_par' dir='ltr' id='par_1_5' title="bbox 83 895 353 925">
     <span class='ocr_line' id='line_1_7' title="bbox 83 895 353 925; baseline -0.007 0"><span class='ocrx_word' id='word_1_12' title='bbox 83 897 112 924; x_wconf 90' lang='lat' dir='ltr'><strong>lo</strong></span> <span class='ocrx_word' id='word_1_13' title='bbox 120 895 353 925; x_wconf 75' lang='lat' dir='ltr'><strong>concedentium.</strong></span> 
     </span>
    </p>
   </div>
   <div class='ocr_carea' id='block_1_6' title="bbox 408 206 436 244">
    <p class='ocr_par' dir='ltr' id='par_1_6' title="bbox 408 206 436 244">
     <span class='ocr_line' id='line_1_8' title="bbox 408 206 436 244; baseline 0 0"><span class='ocrx_word' id='word_1_14' title='bbox 408 206 436 244; x_wconf 76' lang='lat'><strong>4</strong></span> 
     </span>
    </p>
   </div>
   <div class='ocr_carea' id='block_1_7' title="bbox 410 311 1503 371">
    <p class='ocr_par' dir='ltr' id='par_1_7' title="bbox 410 311 1503 371">
     <span class='ocr_line' id='line_1_9' title="bbox 410 311 1503 371; baseline -0.002 -15"><span class='ocrx_word' id='word_1_15' title='bbox 410 313 568 367; x_wconf 75' lang='grc' dir='ltr'><strong><em>τέρων,</em></strong></span> <span class='ocrx_word' id='word_1_16' title='bbox 613 311 690 366; x_wconf 81' lang='grc' dir='ltr'><strong><em>μία</em></strong></span> <span class='ocrx_word' id='word_1_17' title='bbox 717 312 791 355; x_wconf 78' lang='grc' dir='ltr'><strong><em>καὶ</em></strong></span> <span class='ocrx_word' id='word_1_18' title='bbox 831 311 1126 368; x_wconf 80' lang='grc' dir='ltr'><strong><em>ἑβδομήκοντα</em></strong></span> <span class='ocrx_word' id='word_1_19' title='bbox 1160 315 1233 357; x_wconf 83' lang='grc' dir='ltr'><strong><em>καὶ</em></strong></span> <span class='ocrx_word' id='word_1_20' title='bbox 1274 314 1503 371; x_wconf 84' lang='grc' dir='ltr'><strong><em>διηκόσιαι.</em></strong></span> 
     </span>
    </p>
   </div>
   <div class='ocr_carea' id='block_1_8' title="bbox 807 204 1263 246">
    <p class='ocr_par' dir='ltr' id='par_1_8' title="bbox 807 204 1263 246">
     <span class='ocr_line' id='line_1_10' title="bbox 807 204 1263 246; baseline 0.004 -6"><span class='ocrx_word' id='word_1_21' title='bbox 807 204 1263 246; x_wconf 83' lang='lat' dir='ltr'>HERODOTI</span> 
     </span>
    </p>
   </div>
   <div class='ocr_carea' id='block_1_9' title="bbox 1566 315 1657 358">
    <p class='ocr_par' dir='ltr' id='par_1_9' title="bbox 1566 315 1657 358">
     <span class='ocr_line' id='line_1_11' title="bbox 1566 315 1657 358; baseline 0 0"><span class='ocrx_word' id='word_1_22' title='bbox 1566 315 1657 358; x_wconf 72' lang='lat' dir='ltr'><strong>To‘v</strong></span> 
     </span>
    </p>
   </div>
   <div class='ocr_carea' id='block_1_10' title="bbox 383 377 1716 1112">
    <p class='ocr_par' dir='ltr' id='par_1_10' title="bbox 383 377 1716 1112">
     <span class='ocr_line' id='line_1_12' title="bbox 411 377 1657 437; baseline 0.001 -13"><span class='ocrx_word' id='word_1_23' title='bbox 411 381 456 424; x_wconf 81' lang='grc' dir='ltr'><strong>δὲ</strong></span> <span class='ocrx_word' id='word_1_24' title='bbox 486 377 726 434; x_wconf 81' lang='grc' dir='ltr'><strong><em>στρατηγόν</em></strong></span> <span class='ocrx_word' id='word_1_25' title='bbox 765 379 842 422; x_wconf 80' lang='grc' dir='ltr'><strong><em>τόν</em></strong></span> <span class='ocrx_word' id='word_1_26' title='bbox 869 380 918 422; x_wconf 87' lang='grc' dir='ltr'><strong>τὸ</strong></span> <span class='ocrx_word' id='word_1_27' title='bbox 948 379 1149 433; x_wconf 85' lang='grc' dir='ltr'><strong><em>μέγιστον</em></strong></span> <span class='ocrx_word' id='word_1_28' title='bbox 1182 381 1339 435; x_wconf 79' lang='grc' dir='ltr'><strong><em>κράτος</em></strong></span> <span class='ocrx_word' id='word_1_29' title='bbox 1368 382 1540 437; x_wconf 78' lang='grc' dir='ltr'><strong><em>ἔχοντα,</em></strong></span> <span class='ocrx_word' id='word_1_30' title='bbox 1577 399 1657 425; x_wconf 88' lang='grc' dir='ltr'><strong><em>πα-</em></strong></span> 
     </span>
     <span class='ocr_line' id='line_1_13' title="bbox 383 445 1657 503; baseline 0.002 -15"><span class='ocrx_word' id='word_1_31' title='bbox 383 449 606 502; x_wconf 87' lang='grc' dir='ltr'><strong><em>3ρείχοντο</em></strong></span> <span class='ocrx_word' id='word_1_32' title='bbox 629 450 920 502; x_wconf 80' lang='grc' dir='ltr'><strong><em>Σπαρτιῆται,</em></strong></span> <span class='ocrx_word' id='word_1_33' title='bbox 942 445 1226 502; x_wconf 78' lang='grc' dir='ltr'><em>Εὐρυβιάδεα</em></span> <span class='ocrx_word' id='word_1_34' title='bbox 1246 447 1323 491; x_wconf 78' lang='grc' dir='ltr'><strong><em>τόν</em></strong></span> <span class='ocrx_word' id='word_1_35' title='bbox 1345 447 1657 503; x_wconf 79' lang='grc' dir='ltr'><strong><em>Εὐρυκλείδεω.</em></strong></span> 
     </span>
     <span class='ocr_line' id='line_1_14' title="bbox 412 512 1657 571; baseline 0.002 -15"><span class='ocrx_word' id='word_1_36' title='bbox 412 517 454 557; x_wconf 84' lang='grc' dir='ltr'><strong>οἱ</strong></span> <span class='ocrx_word' id='word_1_37' title='bbox 481 514 565 569; x_wconf 73' lang='grc' dir='ltr'><strong>γάρ</strong></span> <span class='ocrx_word' id='word_1_38' title='bbox 596 514 809 570; x_wconf 87' lang='grc' dir='ltr'><strong><em>σύμμαχοι</em></strong></span> <span class='ocrx_word' id='word_1_39' title='bbox 834 512 916 557; x_wconf 80' lang='grc' dir='ltr'><strong>οὐκ</strong></span> <span class='ocrx_word' id='word_1_40' title='bbox 937 514 1104 568; x_wconf 76' lang='grc' dir='ltr'><strong><em>ἔφασαν</em></strong></span> <span class='ocrx_word' id='word_1_41' title='bbox 1144 514 1224 570; x_wconf 71' lang='grc' dir='ltr'><strong><em>,,ἢν</em></strong></span> <span class='ocrx_word' id='word_1_42' title='bbox 1251 514 1308 571; x_wconf 80' lang='grc' dir='ltr'><strong>μή</strong></span> <span class='ocrx_word' id='word_1_43' title='bbox 1331 514 1354 558; x_wconf 91' lang='grc' dir='ltr'>ὁ</span> <span class='ocrx_word' id='word_1_44' title='bbox 1380 515 1536 558; x_wconf 82' lang='grc' dir='ltr'><strong><em>Λάκων</em></strong></span> <span class='ocrx_word' id='word_1_45' title='bbox 1565 516 1657 571; x_wconf 86' lang='grc' dir='ltr'><strong><em>ἡγε-</em></strong></span> 
     </span>
     <span class='ocr_line' id='line_1_15' title="bbox 409 579 1714 638; baseline 0 -15"><span class='ocrx_word' id='word_1_46' title='bbox 409 581 614 636; x_wconf 70' lang='grc' dir='ltr'><strong><em>,,μονεύῃ,</em></strong></span> <span class='ocrx_word' id='word_1_47' title='bbox 640 579 906 636; x_wconf 87' lang='grc' dir='ltr'><strong><em>Ἀθηναίοισι</em></strong></span> <span class='ocrx_word' id='word_1_48' title='bbox 926 581 1106 632; x_wconf 79' lang='grc' dir='ltr'><strong><em>ἕψεσθαι</em></strong></span> <span class='ocrx_word' id='word_1_49' title='bbox 1133 582 1414 638; x_wconf 84' lang='grc' dir='ltr'><em>ἡγεομένοισι,</em></span> <span class='ocrx_word' id='word_1_50' title='bbox 1447 581 1552 625; x_wconf 76' lang='grc' dir='ltr'><strong><em>ἀλλὰ</em></strong></span> <span class='ocrx_word' id='word_1_51' title='bbox 1580 582 1657 626; x_wconf 85' lang='grc' dir='ltr'><strong>λύ-</strong></span> <span class='ocrx_word' id='word_1_52' title='bbox 1668 589 1714 624; x_wconf 74' lang='lat'><strong>25</strong></span> 
     </span>
     <span class='ocr_line' id='line_1_16' title="bbox 409 647 1656 706; baseline 0.001 -15"><span class='ocrx_word' id='word_1_53' title='bbox 409 662 526 701; x_wconf 87' lang='grc' dir='ltr'><strong><em>,,σειν</em></strong></span> <span class='ocrx_word' id='word_1_54' title='bbox 556 647 602 691; x_wconf 83' lang='grc' dir='ltr'><strong>τὸ</strong></span> <span class='ocrx_word' id='word_1_55' title='bbox 633 649 790 703; x_wconf 79' lang='grc' dir='ltr'><strong><em>μέλλον</em></strong></span> <span class='ocrx_word' id='word_1_56' title='bbox 823 649 996 692; x_wconf 76' lang='grc' dir='ltr'><strong><em>ἔσεσθαι</em></strong></span> <span class='ocrx_word' id='word_1_57' title='bbox 1025 649 1302 706; x_wconf 84' lang='grc' dir='ltr'><strong><em>στράτευμα.“</em></strong></span> <span class='ocrx_word' id='word_1_58' title='bbox 1356 650 1544 706; x_wconf 82' lang='grc' dir='ltr'><strong><em>Ἐγένετο</em></strong></span> <span class='ocrx_word' id='word_1_59' title='bbox 1572 649 1656 705; x_wconf 85' lang='grc' dir='ltr'><strong>γὰρ</strong></span> 
     </span>
     <span class='ocr_line' id='line_1_17' title="bbox 411 713 1660 772; baseline 0 -12"><span class='ocrx_word' id='word_1_60' title='bbox 411 716 499 760; x_wconf 81' lang='grc' dir='ltr'><strong><em>κατ’</em></strong></span> <span class='ocrx_word' id='word_1_61' title='bbox 533 714 665 771; x_wconf 77' lang='grc' dir='ltr'><strong><em>ἀρχὰς</em></strong></span> <span class='ocrx_word' id='word_1_62' title='bbox 695 713 843 772; x_wconf 79' lang='grc' dir='ltr'><strong><em>λόγος,</em></strong></span> <span class='ocrx_word' id='word_1_63' title='bbox 886 717 990 771; x_wconf 78' lang='grc' dir='ltr'><strong><em>πρὶν</em></strong></span> <span class='ocrx_word' id='word_1_64' title='bbox 1019 715 1046 771; x_wconf 82' lang='grc' dir='ltr'><em>ἢ</em></span> <span class='ocrx_word' id='word_1_65' title='bbox 1075 718 1146 760; x_wconf 83' lang='grc' dir='ltr'><strong><em>καὶ</em></strong></span> <span class='ocrx_word' id='word_1_66' title='bbox 1177 718 1217 768; x_wconf 86' lang='grc' dir='ltr'><strong>ές</strong></span> <span class='ocrx_word' id='word_1_67' title='bbox 1247 720 1449 772; x_wconf 85' lang='grc' dir='ltr'><strong><em>Σικελίην</em></strong></span> <span class='ocrx_word' id='word_1_68' title='bbox 1479 718 1660 772; x_wconf 83' lang='grc' dir='ltr'><strong><em>πέμπειν</em></strong></span> 
     </span>
     <span class='ocr_line' id='line_1_18' title="bbox 411 782 1660 840; baseline -0.002 -12"><span class='ocrx_word' id='word_1_69' title='bbox 411 784 479 828; x_wconf 81' lang='grc' dir='ltr'><strong>ἐπὶ</strong></span> <span class='ocrx_word' id='word_1_70' title='bbox 510 785 771 839; x_wconf 86' lang='grc' dir='ltr'><em>συμμαχίην,</em></span> <span class='ocrx_word' id='word_1_71' title='bbox 816 782 872 835; x_wconf 77' lang='grc' dir='ltr'><strong>ὥς</strong></span> <span class='ocrx_word' id='word_1_72' title='bbox 908 784 957 827; x_wconf 88' lang='grc' dir='ltr'><strong>τὸ</strong></span> <span class='ocrx_word' id='word_1_73' title='bbox 997 785 1202 828; x_wconf 82' lang='grc' dir='ltr'><strong><em>ναυτικὸν</em></strong></span> <span class='ocrx_word' id='word_1_74' title='bbox 1227 783 1492 840; x_wconf 77' lang='grc' dir='ltr'><strong><em>Ἀθηναίοισι</em></strong></span> <span class='ocrx_word' id='word_1_75' title='bbox 1532 782 1660 840; x_wconf 88' lang='grc' dir='ltr'><strong><em>χρεὸν</em></strong></span> 
     </span>
     <span class='ocr_line' id='line_1_19' title="bbox 384 850 1656 908; baseline 0.001 -15"><span class='ocrx_word' id='word_1_76' title='bbox 384 854 480 908; x_wconf 72' lang='grc' dir='ltr'><strong>Ξεῖη</strong></span> <span class='ocrx_word' id='word_1_77' title='bbox 531 852 780 905; x_wconf 76' lang='grc' dir='ltr'><strong><em>ἐπιτρέπειν.</em></strong></span> <span class='ocrx_word' id='word_1_78' title='bbox 853 850 1126 905; x_wconf 79' lang='grc' dir='ltr'><strong><em>ἀντιβάντων</em></strong></span> <span class='ocrx_word' id='word_1_79' title='bbox 1180 851 1226 894; x_wconf 79' lang='grc' dir='ltr'><strong>δὲ</strong></span> <span class='ocrx_word' id='word_1_80' title='bbox 1278 855 1366 894; x_wconf 76' lang='grc' dir='ltr'><strong><em>τῶν</em></strong></span> <span class='ocrx_word' id='word_1_81' title='bbox 1409 851 1656 907; x_wconf 82' lang='grc' dir='ltr'><strong><em>συμμάχων,</em></strong></span> 
     </span>
     <span class='ocr_line' id='line_1_20' title="bbox 411 917 1716 977; baseline -0.003 -14"><span class='ocrx_word' id='word_1_82' title='bbox 411 918 531 963; x_wconf 79' lang='grc' dir='ltr'><strong><em>εἶκον</em></strong></span> <span class='ocrx_word' id='word_1_83' title='bbox 561 921 603 963; x_wconf 84' lang='grc' dir='ltr'><strong>οἱ</strong></span> <span class='ocrx_word' id='word_1_84' title='bbox 627 917 872 974; x_wconf 78' lang='grc' dir='ltr'><strong><em>Ἀθηναῖοι,</em></strong></span> <span class='ocrx_word' id='word_1_85' title='bbox 899 919 1007 975; x_wconf 83' lang='grc' dir='ltr'><strong><em>μέγα</em></strong></span> <span class='ocrx_word' id='word_1_86' title='bbox 1035 917 1316 974; x_wconf 85' lang='grc' dir='ltr'><strong><em>πεποιημένοι</em></strong></span> <span class='ocrx_word' id='word_1_87' title='bbox 1343 924 1552 972; x_wconf 86' lang='grc' dir='ltr'><strong><em>περιεῖναι</em></strong></span> <span class='ocrx_word' id='word_1_88' title='bbox 1580 919 1658 977; x_wconf 83' lang='grc' dir='ltr'><strong><em>τὴν</em></strong></span> <span class='ocrx_word' id='word_1_89' title='bbox 1669 925 1716 959; x_wconf 88' lang='grc'><strong>30</strong></span> 
     </span>
     <span class='ocr_line' id='line_1_21' title="bbox 404 984 1657 1042; baseline -0.001 -12"><span class='ocrx_word' id='word_1_90' title='bbox 404 986 597 1038; x_wconf 81' lang='grc' dir='ltr'><strong><em>Ἑλλάδα,</em></strong></span> <span class='ocrx_word' id='word_1_91' title='bbox 625 986 698 1030; x_wconf 80' lang='grc' dir='ltr'><strong><em>καὶ</em></strong></span> <span class='ocrx_word' id='word_1_92' title='bbox 726 985 923 1042; x_wconf 86' lang='grc' dir='ltr'><strong><em>γνόντες,</em></strong></span> <span class='ocrx_word' id='word_1_93' title='bbox 953 988 990 1030; x_wconf 84' lang='grc' dir='ltr'><strong><em>εἰ</em></strong></span> <span class='ocrx_word' id='word_1_94' title='bbox 1021 985 1304 1030; x_wconf 81' lang='grc' dir='ltr'><strong><em>στασιάσουσι</em></strong></span> <span class='ocrx_word' id='word_1_95' title='bbox 1333 987 1429 1040; x_wconf 86' lang='grc' dir='ltr'><strong><em>περὶ</em></strong></span> <span class='ocrx_word' id='word_1_96' title='bbox 1457 989 1533 1041; x_wconf 86' lang='grc' dir='ltr'><strong>τῆς</strong></span> <span class='ocrx_word' id='word_1_97' title='bbox 1559 984 1657 1042; x_wconf 51' lang='grc' dir='ltr'><strong>ἡγεἦ</strong></span> 
     </span>
     <span class='ocr_line' id='line_1_22' title="bbox 411 1051 1659 1112; baseline -0.002 -14"><span class='ocrx_word' id='word_1_98' title='bbox 411 1056 582 1112; x_wconf 82' lang='grc' dir='ltr'><strong><em>μονίης,</em></strong></span> <span class='ocrx_word' id='word_1_99' title='bbox 627 1051 686 1106; x_wconf 76' lang='grc' dir='ltr'><strong>ὡς</strong></span> <span class='ocrx_word' id='word_1_100' title='bbox 729 1052 950 1098; x_wconf 78' lang='grc' dir='ltr'><strong><em>ἀπολέεται</em></strong></span> <span class='ocrx_word' id='word_1_101' title='bbox 991 1052 1018 1110; x_wconf 83' lang='grc' dir='ltr'><strong><em>ἡ</em></strong></span> <span class='ocrx_word' id='word_1_102' title='bbox 1056 1052 1228 1105; x_wconf 84' lang='grc' dir='ltr'><strong><em>Ἑλλάς·</em></strong></span> <span class='ocrx_word' id='word_1_103' title='bbox 1287 1052 1402 1108; x_wconf 80' lang='grc' dir='ltr'><strong><em>ὀρθὰ</em></strong></span> <span class='ocrx_word' id='word_1_104' title='bbox 1446 1057 1659 1105; x_wconf 83' lang='grc' dir='ltr'><strong><em>νοεῦντες.</em></strong></span> 
     </span>
    </p>
   </div>
   <div class='ocr_carea' id='block_1_11' title="bbox 356 1198 626 1205">
    <p class='ocr_par' dir='ltr' id='par_1_11' title="bbox 356 1198 626 1205">
     <span class='ocr_line' id='line_1_23' title="bbox 356 1198 626 1205; baseline 0 2067"><span class='ocrx_word' id='word_1_105' title='bbox 356 1198 626 1205; x_wconf 95' lang='lat' dir='ltr'><strong> </strong></span> 
     </span>
    </p>
   </div>
   <div class='ocr_carea' id='block_1_12' title="bbox 352 1271 1009 2838">
    <p class='ocr_par' dir='ltr' id='par_1_12' title="bbox 352 1271 1009 1771">
     <span class='ocr_line' id='line_1_24' title="bbox 354 1271 1008 1324; baseline -0.006 -12"><span class='ocrx_word' id='word_1_106' title='bbox 354 1271 399 1314; x_wconf 77' lang='grc' dir='ltr'><strong>τό</strong></span> <span class='ocrx_word' id='word_1_107' title='bbox 432 1275 591 1324; x_wconf 72' lang='grc' dir='ltr'><strong><em>πλῆθος</em></strong></span> <span class='ocrx_word' id='word_1_108' title='bbox 620 1286 653 1310; x_wconf 86' lang='grc' dir='ltr'><strong>κ.</strong></span> <span class='ocrx_word' id='word_1_109' title='bbox 678 1285 708 1309; x_wconf 82' lang='grc' dir='ltr'><strong>τ.</strong></span> <span class='ocrx_word' id='word_1_110' title='bbox 732 1273 766 1310; x_wconf 84' lang='grc' dir='ltr'><strong>λ.</strong></span> <span class='ocrx_word' id='word_1_111' title='bbox 798 1271 841 1322; x_wconf 82' lang='grc' dir='ltr'><strong><em>(ἰ.</em></strong></span> <span class='ocrx_word' id='word_1_112' title='bbox 864 1285 895 1312; x_wconf 88' lang='lat' dir='ltr'><strong>e.</strong></span> <span class='ocrx_word' id='word_1_113' title='bbox 923 1284 1008 1323; x_wconf 79' lang='lat' dir='ltr'><strong>quo·</strong></span> 
     </span>
     <span class='ocr_line' id='line_1_25' title="bbox 355 1326 1008 1381; baseline -0.003 -14"><span class='ocrx_word' id='word_1_114' title='bbox 355 1330 504 1377; x_wconf 81' lang='lat' dir='ltr'><strong>modo),</strong></span> <span class='ocrx_word' id='word_1_115' title='bbox 554 1342 575 1365; x_wconf 88' lang='lat' dir='ltr'><strong>a</strong></span> <span class='ocrx_word' id='word_1_116' title='bbox 614 1326 843 1377; x_wconf 83' lang='lat' dir='ltr'><strong>Schaefero,</strong></span> <span class='ocrx_word' id='word_1_117' title='bbox 892 1342 1008 1381; x_wconf 88' lang='lat' dir='ltr'><strong>quem</strong></span> 
     </span>
     <span class='ocr_line' id='line_1_26' title="bbox 355 1383 1007 1433; baseline -0.002 -10"><span class='ocrx_word' id='word_1_118' title='bbox 355 1383 585 1423; x_wconf 87' lang='lat' dir='ltr'><strong>Borheck.et</strong></span> <span class='ocrx_word' id='word_1_119' title='bbox 597 1383 766 1422; x_wconf 81' lang='lat' dir='ltr'>Schultz.</span> <span class='ocrx_word' id='word_1_120' title='bbox 780 1387 897 1422; x_wconf 89' lang='lat' dir='ltr'><strong>secuti</strong></span> <span class='ocrx_word' id='word_1_121' title='bbox 908 1393 1007 1433; x_wconf 91' lang='lat' dir='ltr'><strong>sunt,</strong></span> 
     </span>
     <span class='ocr_line' id='line_1_27' title="bbox 355 1437 1009 1490; baseline 0.002 -11"><span class='ocrx_word' id='word_1_122' title='bbox 355 1444 406 1479; x_wconf 90' lang='lat' dir='ltr'><strong>sic</strong></span> <span class='ocrx_word' id='word_1_123' title='bbox 418 1444 681 1478; x_wconf 81' lang='lat' dir='ltr'><strong>immutatam:</strong></span> <span class='ocrx_word' id='word_1_124' title='bbox 705 1437 726 1480; x_wconf 70' lang='lat' dir='ltr'><strong>‘o&#39;</strong></span> <span class='ocrx_word' id='word_1_125' title='bbox 739 1452 790 1479; x_wconf 93' lang='grc' dir='ltr'><strong>σο</strong></span> <span class='ocrx_word' id='word_1_126' title='bbox 803 1456 826 1480; x_wconf 91' lang='grc' dir='ltr'><strong><em>ν</em></strong></span> <span class='ocrx_word' id='word_1_127' title='bbox 846 1457 891 1480; x_wconf 90' lang='grc' dir='ltr'><strong><em>τι</em></strong></span> <span class='ocrx_word' id='word_1_128' title='bbox 910 1444 1009 1490; x_wconf 83' lang='grc' dir='ltr'><strong><em>πλῆ-</em></strong></span> 
     </span>
     <span class='ocr_line' id='line_1_28' title="bbox 354 1497 1006 1545; baseline -0.003 -11"><span class='ocrx_word' id='word_1_129' title='bbox 354 1503 454 1545; x_wconf 81' lang='grc' dir='ltr'><strong><em>θος,</em></strong></span> <span class='ocrx_word' id='word_1_130' title='bbox 494 1499 599 1534; x_wconf 80' lang='lat' dir='ltr'><strong>cuius</strong></span> <span class='ocrx_word' id='word_1_131' title='bbox 624 1497 708 1533; x_wconf 91' lang='lat' dir='ltr'><strong>loco</strong></span> <span class='ocrx_word' id='word_1_132' title='bbox 738 1497 830 1534; x_wconf 87' lang='lat' dir='ltr'><strong>olim</strong></span> <span class='ocrx_word' id='word_1_133' title='bbox 854 1497 1006 1534; x_wconf 85' lang='lat' dir='ltr'><strong>Reiskio</strong></span> 
     </span>
     <span class='ocr_line' id='line_1_29' title="bbox 356 1549 1007 1605; baseline -0.005 -14"><span class='ocrx_word' id='word_1_134' title='bbox 356 1567 541 1605; x_wconf 79' lang='lat' dir='ltr'>reponere</span> <span class='ocrx_word' id='word_1_135' title='bbox 573 1553 766 1603; x_wconf 82' lang='lat' dir='ltr'><strong>placuerat</strong></span> <span class='ocrx_word' id='word_1_136' title='bbox 801 1550 925 1593; x_wconf 78' lang='grc' dir='ltr'><strong><em>ὅσον</em></strong></span> <span class='ocrx_word' id='word_1_137' title='bbox 963 1549 1007 1593; x_wconf 71' lang='grc' dir='ltr'><strong>τὸ</strong></span> 
     </span>
     <span class='ocr_line' id='line_1_30' title="bbox 352 1608 1007 1661; baseline -0.003 -15"><span class='ocrx_word' id='word_1_138' title='bbox 352 1613 523 1661; x_wconf 77' lang='grc' dir='ltr'><strong><em>πλῆθος.</em></strong></span> <span class='ocrx_word' id='word_1_139' title='bbox 564 1611 629 1646; x_wconf 87' lang='lat' dir='ltr'><strong>Tu</strong></span> <span class='ocrx_word' id='word_1_140' title='bbox 659 1608 758 1646; x_wconf 88' lang='lat' dir='ltr'><strong>conf.</strong></span> <span class='ocrx_word' id='word_1_141' title='bbox 791 1611 906 1646; x_wconf 87' lang='lat' dir='ltr'><strong>etiam</strong></span> <span class='ocrx_word' id='word_1_142' title='bbox 926 1611 1007 1657; x_wconf 82' lang='lat' dir='ltr'><strong>Vn,</strong></span> 
     </span>
     <span class='ocr_line' id='line_1_31' title="bbox 355 1661 1006 1719; baseline -0.008 -12"><span class='ocrx_word' id='word_1_143' title='bbox 355 1669 421 1707; x_wconf 85' lang='lat'><strong>60.</strong></span> <span class='ocrx_word' id='word_1_144' title='bbox 477 1666 540 1703; x_wconf 82' lang='lat' dir='ltr'><strong>Ad</strong></span> <span class='ocrx_word' id='word_1_145' title='bbox 570 1678 706 1702; x_wconf 82' lang='lat' dir='ltr'><strong>vocem</strong></span> <span class='ocrx_word' id='word_1_146' title='bbox 745 1661 870 1719; x_wconf 74' lang='grc' dir='ltr'><strong><em>πάρεξ</em></strong></span> <span class='ocrx_word' id='word_1_147' title='bbox 904 1666 1006 1706; x_wconf 89' lang='lat' dir='ltr'><strong>conf.</strong></span> 
     </span>
     <span class='ocr_line' id='line_1_32' title="bbox 354 1720 771 1771; baseline -0.007 -11"><span class='ocrx_word' id='word_1_148' title='bbox 354 1730 450 1760; x_wconf 63' lang='lat' dir='ltr'><strong>nozt.</strong></span> <span class='ocrx_word' id='word_1_149' title='bbox 472 1722 519 1759; x_wconf 91' lang='lat' dir='ltr'><strong>ad</strong></span> <span class='ocrx_word' id='word_1_150' title='bbox 541 1723 605 1771; x_wconf 83' lang='grc' dir='ltr'><strong>ΠΙ,</strong></span> <span class='ocrx_word' id='word_1_151' title='bbox 629 1724 681 1762; x_wconf 85' lang='grc'><strong>97</strong></span> <span class='ocrx_word' id='word_1_152' title='bbox 706 1720 771 1758; x_wconf 92' lang='lat' dir='ltr'><strong>fin.</strong></span> 
     </span>
    </p>

    <p class='ocr_par' dir='ltr' id='par_1_13' title="bbox 356 1775 1008 2054">
     <span class='ocr_line' id='line_1_33' title="bbox 413 1775 1008 1830; baseline -0.005 -12"><span class='ocrx_word' id='word_1_153' title='bbox 413 1779 484 1830; x_wconf 86' lang='grc' dir='ltr'><strong>μία</strong></span> <span class='ocrx_word' id='word_1_154' title='bbox 523 1777 591 1817; x_wconf 77' lang='grc' dir='ltr'><strong><em>καὶ</em></strong></span> <span class='ocrx_word' id='word_1_155' title='bbox 632 1775 903 1829; x_wconf 76' lang='grc' dir='ltr'><strong><em>ἑβδομήκοντα</em></strong></span> <span class='ocrx_word' id='word_1_156' title='bbox 939 1775 1008 1816; x_wconf 85' lang='grc' dir='ltr'><strong><em>καὶ</em></strong></span> 
     </span>
     <span class='ocr_line' id='line_1_34' title="bbox 356 1832 1008 1886; baseline -0.008 -12"><span class='ocrx_word' id='word_1_157' title='bbox 356 1832 571 1886; x_wconf 82' lang='grc' dir='ltr'><strong><em>διηκόσιαι]</em></strong></span> <span class='ocrx_word' id='word_1_158' title='bbox 600 1836 656 1871; x_wconf 90' lang='lat' dir='ltr'><strong>lta</strong></span> <span class='ocrx_word' id='word_1_159' title='bbox 669 1847 757 1871; x_wconf 89' lang='lat' dir='ltr'><strong>cum</strong></span> <span class='ocrx_word' id='word_1_160' title='bbox 770 1841 923 1872; x_wconf 83' lang='lat' dir='ltr'><strong>recentt.</strong></span> <span class='ocrx_word' id='word_1_161' title='bbox 939 1833 1008 1870; x_wconf 91' lang='lat' dir='ltr'><strong>de-</strong></span> 
     </span>
     <span class='ocr_line' id='line_1_35' title="bbox 358 1890 1006 1942; baseline 0 -14"><span class='ocrx_word' id='word_1_162' title='bbox 358 1891 395 1928; x_wconf 93' lang='lat' dir='ltr'><strong>di</strong></span> <span class='ocrx_word' id='word_1_163' title='bbox 423 1905 443 1927; x_wconf 89' lang='lat' dir='ltr'><strong>e</strong></span> <span class='ocrx_word' id='word_1_164' title='bbox 475 1891 622 1929; x_wconf 90' lang='lat' dir='ltr'><strong>duobus</strong></span> <span class='ocrx_word' id='word_1_165' title='bbox 653 1890 765 1928; x_wconf 90' lang='lat' dir='ltr'><strong>codd.</strong></span> <span class='ocrx_word' id='word_1_166' title='bbox 799 1904 867 1942; x_wconf 92' lang='lat' dir='ltr'><strong>pro</strong></span> <span class='ocrx_word' id='word_1_167' title='bbox 902 1891 1006 1941; x_wconf 83' lang='lat' dir='ltr'>vulg.</span> 
     </span>
     <span class='ocr_line' id='line_1_36' title="bbox 357 1944 1008 1998; baseline -0.002 -12"><span class='ocrx_word' id='word_1_168' title='bbox 357 1944 554 1998; x_wconf 80' lang='grc' dir='ltr'><strong><em>διηκόσιαι</em></strong></span> <span class='ocrx_word' id='word_1_169' title='bbox 571 1946 635 1986; x_wconf 82' lang='grc' dir='ltr'><strong><em>καὶ</em></strong></span> <span class='ocrx_word' id='word_1_170' title='bbox 653 1945 927 1998; x_wconf 77' lang='grc' dir='ltr'><strong><em>ἑβδομήκοντα</em></strong></span> <span class='ocrx_word' id='word_1_171' title='bbox 940 1945 1008 1985; x_wconf 83' lang='grc' dir='ltr'><strong><em>καὶ</em></strong></span> 
     </span>
     <span class='ocr_line' id='line_1_37' title="bbox 359 2002 1008 2054; baseline -0.006 -11"><span class='ocrx_word' id='word_1_172' title='bbox 359 2005 441 2054; x_wconf 82' lang='grc' dir='ltr'><strong><em>μία.</em></strong></span> <span class='ocrx_word' id='word_1_173' title='bbox 472 2004 582 2041; x_wconf 88' lang='lat' dir='ltr'><strong>Conf.</strong></span> <span class='ocrx_word' id='word_1_174' title='bbox 602 2002 782 2040; x_wconf 81' lang='lat' dir='ltr'><strong>Matthiae</strong></span> <span class='ocrx_word' id='word_1_175' title='bbox 801 2005 828 2044; x_wconf 81' lang='lat' dir='ltr'><strong>l,</strong></span> <span class='ocrx_word' id='word_1_176' title='bbox 849 2016 960 2054; x_wconf 84' lang='lat' dir='ltr'><strong>supra</strong></span> <span class='ocrx_word' id='word_1_177' title='bbox 981 2004 1008 2039; x_wconf 91' lang='lat' dir='ltr'><strong>l.</strong></span> 
     </span>
    </p>

    <p class='ocr_par' dir='ltr' id='par_1_14' title="bbox 576 2060 785 2110">
     <span class='ocr_line' id='line_1_38' title="bbox 576 2060 785 2110; baseline -0.01 -14"><span class='ocrx_word' id='word_1_178' title='bbox 576 2061 604 2096; x_wconf 88' lang='lat' dir='ltr'>C</span> <span class='ocrx_word' id='word_1_179' title='bbox 619 2073 686 2110; x_wconf 87' lang='lat' dir='ltr'><strong>ap.</strong></span> <span class='ocrx_word' id='word_1_180' title='bbox 718 2060 785 2095; x_wconf 91' lang='lat'><strong>111.</strong></span> 
     </span>
    </p>

    <p class='ocr_par' dir='ltr' id='par_1_15' title="bbox 353 2108 1008 2838">
     <span class='ocr_line' id='line_1_39' title="bbox 409 2108 1008 2168; baseline -0.003 -14"><span class='ocrx_word' id='word_1_181' title='bbox 409 2111 585 2168; x_wconf 82' lang='grc' dir='ltr'><strong><em>Ἐγένετο</em></strong></span> <span class='ocrx_word' id='word_1_182' title='bbox 602 2113 674 2167; x_wconf 76' lang='grc' dir='ltr'><strong>γοῖρ</strong></span> <span class='ocrx_word' id='word_1_183' title='bbox 695 2110 776 2153; x_wconf 82' lang='grc' dir='ltr'><strong><em>κατ’</em></strong></span> <span class='ocrx_word' id='word_1_184' title='bbox 796 2108 918 2163; x_wconf 76' lang='grc' dir='ltr'><strong>ἅρχοῖς</strong></span> <span class='ocrx_word' id='word_1_185' title='bbox 939 2109 1008 2152; x_wconf 84' lang='grc' dir='ltr'><strong>λό-</strong></span> 
     </span>
     <span class='ocr_line' id='line_1_40' title="bbox 356 2170 1007 2222; baseline -0.009 -12"><span class='ocrx_word' id='word_1_186' title='bbox 356 2173 444 2222; x_wconf 84' lang='grc' dir='ltr'><strong><em>γος]</em></strong></span> <span class='ocrx_word' id='word_1_187' title='bbox 483 2173 640 2207; x_wconf 83' lang='lat' dir='ltr'>Miratur</span> <span class='ocrx_word' id='word_1_188' title='bbox 671 2170 716 2207; x_wconf 88' lang='lat' dir='ltr'><strong>G.</strong></span> <span class='ocrx_word' id='word_1_189' title='bbox 736 2170 894 2207; x_wconf 86' lang='lat' dir='ltr'><strong>Weber.</strong></span> <span class='ocrx_word' id='word_1_190' title='bbox 929 2170 1007 2216; x_wconf 87' lang='lat' dir='ltr'><strong>(De</strong></span> 
     </span>
     <span class='ocr_line' id='line_1_41' title="bbox 354 2223 1006 2278; baseline -0.006 -15"><span class='ocrx_word' id='word_1_191' title='bbox 354 2226 506 2278; x_wconf 79' lang='lat' dir='ltr'>Gytheo</span> <span class='ocrx_word' id='word_1_192' title='bbox 522 2240 556 2276; x_wconf 87' lang='lat' dir='ltr'><strong>p.</strong></span> <span class='ocrx_word' id='word_1_193' title='bbox 580 2223 663 2275; x_wconf 84' lang='lat'><strong>48),</strong></span> <span class='ocrx_word' id='word_1_194' title='bbox 694 2224 796 2277; x_wconf 89' lang='lat' dir='ltr'><strong>quod</strong></span> <span class='ocrx_word' id='word_1_195' title='bbox 815 2223 1006 2260; x_wconf 87' lang='lat' dir='ltr'><strong>Lacedae-</strong></span> 
     </span>
     <span class='ocr_line' id='line_1_42' title="bbox 356 2280 1006 2319; baseline -0.006 0"><span class='ocrx_word' id='word_1_196' title='bbox 356 2284 474 2319; x_wconf 85' lang='lat' dir='ltr'><strong>monii</strong></span> <span class='ocrx_word' id='word_1_197' title='bbox 493 2284 606 2319; x_wconf 84' lang='lat' dir='ltr'><strong>totius</strong></span> <span class='ocrx_word' id='word_1_198' title='bbox 623 2283 788 2318; x_wconf 84' lang='lat' dir='ltr'><strong>Graecae</strong></span> <span class='ocrx_word' id='word_1_199' title='bbox 803 2280 926 2316; x_wconf 82' lang='lat' dir='ltr'><strong>classis</strong></span> <span class='ocrx_word' id='word_1_200' title='bbox 946 2287 1006 2316; x_wconf 91' lang='lat' dir='ltr'><strong>te-</strong></span> 
     </span>
     <span class='ocr_line' id='line_1_43' title="bbox 354 2336 1005 2388; baseline -0.005 -13"><span class='ocrx_word' id='word_1_201' title='bbox 354 2340 504 2375; x_wconf 86' lang='lat' dir='ltr'><strong>nuerint</strong></span> <span class='ocrx_word' id='word_1_202' title='bbox 524 2339 726 2388; x_wconf 72' lang='lat' dir='ltr'><strong>im‘perium</strong></span> <span class='ocrx_word' id='word_1_203' title='bbox 746 2336 860 2388; x_wconf 88' lang='lat' dir='ltr'><strong>idque</strong></span> <span class='ocrx_word' id='word_1_204' title='bbox 881 2349 925 2372; x_wconf 91' lang='lat' dir='ltr'><strong>eo</strong></span> <span class='ocrx_word' id='word_1_205' title='bbox 947 2349 1005 2372; x_wconf 87' lang='lat' dir='ltr'><strong>re-</strong></span> 
     </span>
     <span class='ocr_line' id='line_1_44' title="bbox 353 2392 1003 2447; baseline -0.006 -16"><span class='ocrx_word' id='word_1_206' title='bbox 353 2396 438 2443; x_wconf 81' lang='lat' dir='ltr'><strong>fert,</strong></span> <span class='ocrx_word' id='word_1_207' title='bbox 452 2394 554 2447; x_wconf 88' lang='lat' dir='ltr'><strong>quod</strong></span> <span class='ocrx_word' id='word_1_208' title='bbox 567 2395 712 2430; x_wconf 90' lang='lat' dir='ltr'><strong>illitum</strong></span> <span class='ocrx_word' id='word_1_209' title='bbox 725 2394 892 2430; x_wconf 83' lang='lat' dir='ltr'><strong>maxima</strong></span> <span class='ocrx_word' id='word_1_210' title='bbox 904 2392 1003 2429; x_wconf 83' lang='lat' dir='ltr'><strong>frue-</strong></span> 
     </span>
     <span class='ocr_line' id='line_1_45' title="bbox 356 2450 1005 2501; baseline -0.002 -15"><span class='ocrx_word' id='word_1_211' title='bbox 356 2452 492 2488; x_wconf 77' lang='lat' dir='ltr'><strong>bantur</strong></span> <span class='ocrx_word' id='word_1_212' title='bbox 519 2451 740 2488; x_wconf 81' lang='lat' dir='ltr'><strong>auctoritate</strong></span> <span class='ocrx_word' id='word_1_213' title='bbox 770 2462 894 2501; x_wconf 87' lang='lat' dir='ltr'><strong>neque</strong></span> <span class='ocrx_word' id='word_1_214' title='bbox 927 2450 1005 2485; x_wconf 83' lang='lat' dir='ltr'><strong>ulla</strong></span> 
     </span>
     <span class='ocr_line' id='line_1_46' title="bbox 355 2505 1006 2556; baseline -0.003 -13"><span class='ocrx_word' id='word_1_215' title='bbox 355 2509 483 2544; x_wconf 81' lang='lat' dir='ltr'><strong>civitas</strong></span> <span class='ocrx_word' id='word_1_216' title='bbox 504 2521 592 2544; x_wconf 86' lang='lat' dir='ltr'><strong>cum</strong></span> <span class='ocrx_word' id='word_1_217' title='bbox 610 2508 653 2543; x_wconf 81' lang='lat' dir='ltr'><strong>iis</strong></span> <span class='ocrx_word' id='word_1_218' title='bbox 673 2505 720 2543; x_wconf 88' lang='lat' dir='ltr'><strong>de</strong></span> <span class='ocrx_word' id='word_1_219' title='bbox 741 2507 898 2556; x_wconf 89' lang='lat' dir='ltr'><strong>imperio</strong></span> <span class='ocrx_word' id='word_1_220' title='bbox 911 2518 1006 2542; x_wconf 89' lang='lat' dir='ltr'><strong>con-</strong></span> 
     </span>
     <span class='ocr_line' id='line_1_47' title="bbox 357 2559 1005 2607; baseline -0.005 -8"><span class='ocrx_word' id='word_1_221' title='bbox 357 2563 510 2599; x_wconf 75' lang='lat' dir='ltr'><strong>tendere</strong></span> <span class='ocrx_word' id='word_1_222' title='bbox 532 2576 620 2600; x_wconf 90' lang='lat' dir='ltr'><strong>ausa</strong></span> <span class='ocrx_word' id='word_1_223' title='bbox 641 2569 708 2600; x_wconf 87' lang='lat' dir='ltr'><strong>est.</strong></span> <span class='ocrx_word' id='word_1_224' title='bbox 737 2561 865 2607; x_wconf 89' lang='lat' dir='ltr'><strong>Addit,</strong></span> <span class='ocrx_word' id='word_1_225' title='bbox 891 2559 1005 2598; x_wconf 85' lang='lat' dir='ltr'><strong>Athe-</strong></span> 
     </span>
     <span class='ocr_line' id='line_1_48' title="bbox 356 2616 1004 2670; baseline -0.005 -14"><span class='ocrx_word' id='word_1_226' title='bbox 356 2621 565 2667; x_wconf 85' lang='lat' dir='ltr'><strong>niensibus,</strong></span> <span class='ocrx_word' id='word_1_227' title='bbox 603 2620 667 2670; x_wconf 87' lang='lat' dir='ltr'><strong>qui</strong></span> <span class='ocrx_word' id='word_1_228' title='bbox 697 2631 819 2670; x_wconf 82' lang='lat' dir='ltr'><strong>nuper</strong></span> <span class='ocrx_word' id='word_1_229' title='bbox 847 2616 1004 2654; x_wconf 82' lang='lat' dir='ltr'><strong>demum</strong></span> 
     </span>
     <span class='ocr_line' id='line_1_49' title="bbox 357 2675 1003 2725; baseline -0.005 -13"><span class='ocrx_word' id='word_1_230' title='bbox 357 2675 622 2713; x_wconf 79' lang='lat' dir='ltr'><strong>Themistoclis</strong></span> <span class='ocrx_word' id='word_1_231' title='bbox 649 2675 764 2725; x_wconf 60' lang='lat' dir='ltr'><strong>opera</strong></span> <span class='ocrx_word' id='word_1_232' title='bbox 793 2675 907 2711; x_wconf 82' lang='lat' dir='ltr'><strong>classe</strong></span> <span class='ocrx_word' id='word_1_233' title='bbox 941 2675 1003 2709; x_wconf 93' lang='lat' dir='ltr'><strong>in-</strong></span> 
     </span>
     <span class='ocr_line' id='line_1_50' title="bbox 355 2731 1004 2780; baseline -0.003 -12"><span class='ocrx_word' id='word_1_234' title='bbox 355 2733 483 2769; x_wconf 83' lang='lat' dir='ltr'><strong>structi</strong></span> <span class='ocrx_word' id='word_1_235' title='bbox 519 2732 649 2769; x_wconf 83' lang='lat' dir='ltr'><strong>ceteris</strong></span> <span class='ocrx_word' id='word_1_236' title='bbox 670 2731 877 2768; x_wconf 84' lang='lat' dir='ltr'><strong>civitatibus</strong></span> <span class='ocrx_word' id='word_1_237' title='bbox 896 2742 1004 2780; x_wconf 82' lang='lat' dir='ltr'><strong>pares</strong></span> 
     </span>
     <span class='ocr_line' id='line_1_51' title="bbox 359 2787 1003 2838; baseline -0.005 -13"><span class='ocrx_word' id='word_1_238' title='bbox 359 2788 584 2837; x_wconf 83' lang='lat' dir='ltr'><strong>viderentur,</strong></span> <span class='ocrx_word' id='word_1_239' title='bbox 605 2799 736 2824; x_wconf 76' lang='lat' dir='ltr'><strong>eariun</strong></span> <span class='ocrx_word' id='word_1_240' title='bbox 757 2788 921 2838; x_wconf 78' lang='lat' dir='ltr'><strong>ipsarum</strong></span> <span class='ocrx_word' id='word_1_241' title='bbox 940 2787 1003 2822; x_wconf 84' lang='lat' dir='ltr'><strong>in-</strong></span> 
     </span>
    </p>
   </div>
   <div class='ocr_carea' id='block_1_13' title="bbox 1058 1269 1718 2837">
    <p class='ocr_par' dir='ltr' id='par_1_16' title="bbox 1060 1269 1718 2490">
     <span class='ocr_line' id='line_1_52' title="bbox 1065 1269 1717 1309; baseline -0.002 0"><span class='ocrx_word' id='word_1_242' title='bbox 1065 1271 1209 1309; x_wconf 77' lang='lat' dir='ltr'><strong>vidiam</strong></span> <span class='ocrx_word' id='word_1_243' title='bbox 1229 1270 1328 1308; x_wconf 88' lang='lat' dir='ltr'><strong>hanc</strong></span> <span class='ocrx_word' id='word_1_244' title='bbox 1349 1269 1558 1308; x_wconf 81' lang='lat' dir='ltr'><strong>concedere</strong></span> <span class='ocrx_word' id='word_1_245' title='bbox 1571 1270 1717 1308; x_wconf 82' lang='lat' dir='ltr'><strong>noluis-</strong></span> 
     </span>
     <span class='ocr_line' id='line_1_53' title="bbox 1063 1328 1716 1379; baseline -0.005 -14"><span class='ocrx_word' id='word_1_246' title='bbox 1063 1342 1103 1365; x_wconf 87' lang='lat' dir='ltr'><strong>se</strong></span> <span class='ocrx_word' id='word_1_247' title='bbox 1138 1330 1427 1379; x_wconf 75' lang='lat' dir='ltr'><strong>praestantiam3</strong></span> <span class='ocrx_word' id='word_1_248' title='bbox 1468 1340 1593 1379; x_wconf 89' lang='lat' dir='ltr'><strong>neque</strong></span> <span class='ocrx_word' id='word_1_249' title='bbox 1614 1328 1716 1363; x_wconf 88' lang='lat' dir='ltr'><strong>enim</strong></span> 
     </span>
     <span class='ocr_line' id='line_1_54' title="bbox 1065 1384 1718 1435; baseline -0.006 -13"><span class='ocrx_word' id='word_1_250' title='bbox 1065 1385 1271 1435; x_wconf 86' lang='lat' dir='ltr'><strong>Spartanos</strong></span> <span class='ocrx_word' id='word_1_251' title='bbox 1311 1385 1545 1421; x_wconf 86' lang='lat' dir='ltr'><strong>maritimum</strong></span> <span class='ocrx_word' id='word_1_252' title='bbox 1592 1384 1718 1434; x_wconf 85' lang='lat' dir='ltr'><strong>impe-</strong></span> 
     </span>
     <span class='ocr_line' id='line_1_55' title="bbox 1064 1440 1717 1492; baseline -0.005 -15"><span class='ocrx_word' id='word_1_253' title='bbox 1064 1443 1164 1477; x_wconf 88' lang='lat' dir='ltr'><strong>rium</strong></span> <span class='ocrx_word' id='word_1_254' title='bbox 1197 1440 1361 1478; x_wconf 86' lang='lat' dir='ltr'><strong>studiose</strong></span> <span class='ocrx_word' id='word_1_255' title='bbox 1382 1441 1620 1492; x_wconf 82' lang='lat' dir='ltr'><strong>quaesivisse,</strong></span> <span class='ocrx_word' id='word_1_256' title='bbox 1651 1440 1717 1491; x_wconf 87' lang='lat' dir='ltr'><strong>qui</strong></span> 
     </span>
     <span class='ocr_line' id='line_1_56' title="bbox 1062 1496 1717 1547; baseline -0.002 -15"><span class='ocrx_word' id='word_1_257' title='bbox 1062 1510 1141 1533; x_wconf 92' lang='lat' dir='ltr'><strong>non</strong></span> <span class='ocrx_word' id='word_1_258' title='bbox 1170 1504 1249 1533; x_wconf 87' lang='lat' dir='ltr'><strong>tam</strong></span> <span class='ocrx_word' id='word_1_259' title='bbox 1278 1510 1389 1547; x_wconf 80' lang='lat' dir='ltr'><strong>aegre</strong></span> <span class='ocrx_word' id='word_1_260' title='bbox 1418 1497 1529 1533; x_wconf 85' lang='lat' dir='ltr'><strong>laturi</strong></span> <span class='ocrx_word' id='word_1_261' title='bbox 1549 1496 1717 1542; x_wconf 87' lang='lat' dir='ltr'><strong>fuissent,</strong></span> 
     </span>
     <span class='ocr_line' id='line_1_57' title="bbox 1061 1552 1716 1602; baseline -0.003 -12"><span class='ocrx_word' id='word_1_262' title='bbox 1061 1555 1092 1590; x_wconf 90' lang='lat' dir='ltr'><strong>si</strong></span> <span class='ocrx_word' id='word_1_263' title='bbox 1117 1552 1366 1589; x_wconf 90' lang='lat' dir='ltr'><strong>Athenienses</strong></span> <span class='ocrx_word' id='word_1_264' title='bbox 1395 1554 1503 1589; x_wconf 89' lang='lat' dir='ltr'><strong>classi</strong></span> <span class='ocrx_word' id='word_1_265' title='bbox 1530 1553 1716 1602; x_wconf 87' lang='lat' dir='ltr'><strong>imperas-</strong></span> 
     </span>
     <span class='ocr_line' id='line_1_58' title="bbox 1061 1607 1713 1658; baseline -0.002 -13"><span class='ocrx_word' id='word_1_266' title='bbox 1061 1616 1158 1646; x_wconf 87' lang='lat' dir='ltr'><strong>sent.</strong></span> <span class='ocrx_word' id='word_1_267' title='bbox 1190 1608 1299 1654; x_wconf 81' lang='lat' dir='ltr'><strong>Quod</strong></span> <span class='ocrx_word' id='word_1_268' title='bbox 1320 1607 1413 1645; x_wconf 87' lang='lat' dir='ltr'><strong>mihi</strong></span> <span class='ocrx_word' id='word_1_269' title='bbox 1436 1607 1539 1645; x_wconf 88' lang='lat' dir='ltr'><strong>haud</strong></span> <span class='ocrx_word' id='word_1_270' title='bbox 1558 1620 1713 1658; x_wconf 83' lang='lat' dir='ltr'><strong>persua-</strong></span> 
     </span>
     <span class='ocr_line' id='line_1_59' title="bbox 1063 1664 1714 1712; baseline 0.002 -11"><span class='ocrx_word' id='word_1_271' title='bbox 1063 1667 1110 1702; x_wconf 88' lang='lat' dir='ltr'><strong>sit</strong></span> <span class='ocrx_word' id='word_1_272' title='bbox 1129 1666 1274 1702; x_wconf 81' lang='lat' dir='ltr'><strong>iuvenis</strong></span> <span class='ocrx_word' id='word_1_273' title='bbox 1293 1665 1587 1712; x_wconf 79' lang='lat' dir='ltr'><strong>sollertissimus3</strong></span> <span class='ocrx_word' id='word_1_274' title='bbox 1624 1664 1714 1702; x_wconf 81' lang='lat' dir='ltr'><strong>novi</strong></span> 
     </span>
     <span class='ocr_line' id='line_1_60' title="bbox 1063 1720 1715 1773; baseline -0.002 -16"><span class='ocrx_word' id='word_1_275' title='bbox 1063 1723 1165 1758; x_wconf 89' lang='lat' dir='ltr'><strong>enim</strong></span> <span class='ocrx_word' id='word_1_276' title='bbox 1186 1722 1461 1773; x_wconf 79' lang='lat' dir='ltr'><strong>Spartanorum</strong></span> <span class='ocrx_word' id='word_1_277' title='bbox 1478 1720 1619 1764; x_wconf 85' lang='lat' dir='ltr'><strong>studia,</strong></span> <span class='ocrx_word' id='word_1_278' title='bbox 1649 1721 1715 1772; x_wconf 91' lang='lat' dir='ltr'><strong>qui</strong></span> 
     </span>
     <span class='ocr_line' id='line_1_61' title="bbox 1062 1778 1715 1829; baseline -0.002 -15"><span class='ocrx_word' id='word_1_279' title='bbox 1062 1780 1316 1829; x_wconf 88' lang='lat' dir='ltr'><strong>principatum</strong></span> <span class='ocrx_word' id='word_1_280' title='bbox 1336 1779 1376 1814; x_wconf 88' lang='lat' dir='ltr'><strong>in</strong></span> <span class='ocrx_word' id='word_1_281' title='bbox 1402 1791 1533 1815; x_wconf 87' lang='lat' dir='ltr'><strong>omnes</strong></span> <span class='ocrx_word' id='word_1_282' title='bbox 1554 1778 1715 1814; x_wconf 81' lang='lat' dir='ltr'><strong>Graecas</strong></span> 
     </span>
     <span class='ocr_line' id='line_1_62' title="bbox 1063 1835 1714 1886; baseline -0.002 -15"><span class='ocrx_word' id='word_1_283' title='bbox 1063 1836 1230 1872; x_wconf 85' lang='lat' dir='ltr'><strong>civitates</strong></span> <span class='ocrx_word' id='word_1_284' title='bbox 1269 1835 1340 1872; x_wconf 89' lang='lat' dir='ltr'><strong>sibi</strong></span> <span class='ocrx_word' id='word_1_285' title='bbox 1379 1835 1471 1885; x_wconf 89' lang='lat' dir='ltr'><strong>eripi</strong></span> <span class='ocrx_word' id='word_1_286' title='bbox 1515 1846 1714 1886; x_wconf 85' lang='lat' dir='ltr'><strong>nunquam</strong></span> 
     </span>
     <span class='ocr_line' id='line_1_63' title="bbox 1064 1892 1713 1943; baseline -0.003 -15"><span class='ocrx_word' id='word_1_287' title='bbox 1064 1904 1185 1943; x_wconf 86' lang='lat' dir='ltr'><strong>aequo</strong></span> <span class='ocrx_word' id='word_1_288' title='bbox 1212 1892 1383 1928; x_wconf 83' lang='lat' dir='ltr'><strong>tulissent</strong></span> <span class='ocrx_word' id='word_1_289' title='bbox 1419 1892 1547 1927; x_wconf 79' lang='lat' dir='ltr'><strong>animo</strong></span> <span class='ocrx_word' id='word_1_290' title='bbox 1589 1902 1713 1942; x_wconf 86' lang='lat' dir='ltr'><strong>neque</strong></span> 
     </span>
     <span class='ocr_line' id='line_1_64' title="bbox 1065 1947 1713 1998; baseline -0.003 -14"><span class='ocrx_word' id='word_1_291' title='bbox 1065 1949 1268 1998; x_wconf 85' lang='lat' dir='ltr'><strong>imperium</strong></span> <span class='ocrx_word' id='word_1_292' title='bbox 1298 1948 1439 1984; x_wconf 86' lang='lat' dir='ltr'><strong>civitati</strong></span> <span class='ocrx_word' id='word_1_293' title='bbox 1468 1947 1582 1997; x_wconf 83' lang='lat' dir='ltr'><strong>paulo</strong></span> <span class='ocrx_word' id='word_1_294' title='bbox 1605 1953 1713 1982; x_wconf 84' lang='lat' dir='ltr'><strong>autea</strong></span> 
     </span>
     <span class='ocr_line' id='line_1_65' title="bbox 1063 2001 1713 2051; baseline -0.003 -11"><span class='ocrx_word' id='word_1_295' title='bbox 1063 2005 1242 2051; x_wconf 87' lang='lat' dir='ltr'><strong>inferiori,</strong></span> <span class='ocrx_word' id='word_1_296' title='bbox 1274 2017 1376 2039; x_wconf 87' lang='lat' dir='ltr'><strong>nunc</strong></span> <span class='ocrx_word' id='word_1_297' title='bbox 1402 2003 1525 2040; x_wconf 83' lang='lat' dir='ltr'><strong>subito</strong></span> <span class='ocrx_word' id='word_1_298' title='bbox 1555 2001 1604 2038; x_wconf 80' lang='lat' dir='ltr'><strong>ad</strong></span> <span class='ocrx_word' id='word_1_299' title='bbox 1627 2009 1713 2038; x_wconf 81' lang='lat' dir='ltr'><strong>tan-</strong></span> 
     </span>
     <span class='ocr_line' id='line_1_66' title="bbox 1063 2066 1713 2110; baseline -0.003 -14"><span class='ocrx_word' id='word_1_300' title='bbox 1063 2066 1118 2096; x_wconf 89' lang='lat' dir='ltr'><strong>tas</strong></span> <span class='ocrx_word' id='word_1_301' title='bbox 1140 2072 1228 2110; x_wconf 90' lang='lat' dir='ltr'><strong>opes</strong></span> <span class='ocrx_word' id='word_1_302' title='bbox 1245 2066 1396 2096; x_wconf 85' lang='lat' dir='ltr'><strong>evectae</strong></span> <span class='ocrx_word' id='word_1_303' title='bbox 1411 2066 1543 2109; x_wconf 90' lang='lat' dir='ltr'><strong>sponte</strong></span> <span class='ocrx_word' id='word_1_304' title='bbox 1558 2070 1713 2095; x_wconf 82' lang='lat' dir='ltr'><strong>conces-</strong></span> 
     </span>
     <span class='ocr_line' id='line_1_67' title="bbox 1062 2113 1713 2164; baseline -0.003 -12"><span class='ocrx_word' id='word_1_305' title='bbox 1062 2117 1206 2153; x_wconf 87' lang='lat' dir='ltr'><strong>sissent.</strong></span> <span class='ocrx_word' id='word_1_306' title='bbox 1226 2137 1282 2143; x_wconf 88' lang='lat'>—</span> <span class='ocrx_word' id='word_1_307' title='bbox 1299 2117 1342 2150; x_wconf 89' lang='lat' dir='ltr'><strong>In</strong></span> <span class='ocrx_word' id='word_1_308' title='bbox 1363 2126 1469 2164; x_wconf 84' lang='lat' dir='ltr'><strong>seqq.</strong></span> <span class='ocrx_word' id='word_1_309' title='bbox 1490 2126 1578 2149; x_wconf 88' lang='lat' dir='ltr'><strong>cum</strong></span> <span class='ocrx_word' id='word_1_310' title='bbox 1597 2113 1713 2150; x_wconf 78' lang='lat' dir='ltr'><strong>Gaisf.</strong></span> 
     </span>
     <span class='ocr_line' id='line_1_68' title="bbox 1063 2167 1713 2220; baseline -0.003 -14"><span class='ocrx_word' id='word_1_311' title='bbox 1063 2169 1151 2206; x_wconf 88' lang='lat' dir='ltr'><strong>dedi</strong></span> <span class='ocrx_word' id='word_1_312' title='bbox 1180 2183 1200 2205; x_wconf 89' lang='lat' dir='ltr'><strong>e</strong></span> <span class='ocrx_word' id='word_1_313' title='bbox 1237 2168 1427 2205; x_wconf 84' lang='lat' dir='ltr'><strong>Sancrofti</strong></span> <span class='ocrx_word' id='word_1_314' title='bbox 1466 2169 1559 2205; x_wconf 87' lang='lat' dir='ltr'><strong>libro</strong></span> <span class='ocrx_word' id='word_1_315' title='bbox 1598 2167 1713 2220; x_wconf 78' lang='grc' dir='ltr'><strong><em>χρεᾶν</em></strong></span> 
     </span>
     <span class='ocr_line' id='line_1_69' title="bbox 1061 2222 1713 2276; baseline 0.002 -15"><span class='ocrx_word' id='word_1_316' title='bbox 1061 2237 1129 2276; x_wconf 89' lang='lat' dir='ltr'><strong>pro</strong></span> <span class='ocrx_word' id='word_1_317' title='bbox 1164 2222 1310 2275; x_wconf 74' lang='grc' dir='ltr'><strong><em>χρεών,</em></strong></span> <span class='ocrx_word' id='word_1_318' title='bbox 1344 2223 1447 2276; x_wconf 91' lang='lat' dir='ltr'><strong>quod</strong></span> <span class='ocrx_word' id='word_1_319' title='bbox 1479 2225 1713 2262; x_wconf 84' lang='lat' dir='ltr'><strong>retinuerunt</strong></span> 
     </span>
     <span class='ocr_line' id='line_1_70' title="bbox 1060 2279 1712 2322; baseline 0.003 -6"><span class='ocrx_word' id='word_1_320' title='bbox 1060 2280 1243 2318; x_wconf 84' lang='lat' dir='ltr'><strong>Matthiae</strong></span> <span class='ocrx_word' id='word_1_321' title='bbox 1263 2288 1299 2318; x_wconf 91' lang='lat' dir='ltr'><strong>et</strong></span> <span class='ocrx_word' id='word_1_322' title='bbox 1319 2279 1486 2322; x_wconf 83' lang='lat' dir='ltr'><strong>Bekker.</strong></span> <span class='ocrx_word' id='word_1_323' title='bbox 1515 2280 1599 2320; x_wconf 86' lang='lat' dir='ltr'><strong>vid.</strong></span> <span class='ocrx_word' id='word_1_324' title='bbox 1616 2287 1712 2319; x_wconf 86' lang='lat' dir='ltr'><strong>nott.</strong></span> 
     </span>
     <span class='ocr_line' id='line_1_71' title="bbox 1060 2335 1710 2386; baseline -0.002 -12"><span class='ocrx_word' id='word_1_325' title='bbox 1060 2337 1110 2374; x_wconf 80' lang='lat' dir='ltr'><strong>ad</strong></span> <span class='ocrx_word' id='word_1_326' title='bbox 1130 2338 1173 2386; x_wconf 91' lang='lat' dir='ltr'><strong>V,</strong></span> <span class='ocrx_word' id='word_1_327' title='bbox 1195 2337 1261 2377; x_wconf 83' lang='lat'><strong>49.</strong></span> <span class='ocrx_word' id='word_1_328' title='bbox 1301 2336 1408 2374; x_wconf 89' lang='lat' dir='ltr'><strong>Idem</strong></span> <span class='ocrx_word' id='word_1_329' title='bbox 1432 2337 1504 2373; x_wconf 91' lang='lat' dir='ltr'><strong>feci</strong></span> <span class='ocrx_word' id='word_1_330' title='bbox 1526 2336 1623 2385; x_wconf 90' lang='lat' dir='ltr'>VIII,</span> <span class='ocrx_word' id='word_1_331' title='bbox 1644 2335 1710 2377; x_wconf 85' lang='lat'><strong>74.</strong></span> 
     </span>
     <span class='ocr_line' id='line_1_72' title="bbox 1061 2392 1712 2440; baseline -0.008 -5"><span class='ocrx_word' id='word_1_332' title='bbox 1061 2395 1127 2435; x_wconf 91' lang='lat'><strong>75.</strong></span> <span class='ocrx_word' id='word_1_333' title='bbox 1161 2394 1228 2434; x_wconf 85' lang='lat'><strong>79.</strong></span> <span class='ocrx_word' id='word_1_334' title='bbox 1266 2395 1334 2440; x_wconf 90' lang='lat' dir='ltr'><strong>IX,</strong></span> <span class='ocrx_word' id='word_1_335' title='bbox 1368 2396 1430 2434; x_wconf 89' lang='lat'><strong>16.</strong></span> <span class='ocrx_word' id='word_1_336' title='bbox 1454 2395 1519 2432; x_wconf 91' lang='lat'><strong>17.</strong></span> <span class='ocrx_word' id='word_1_337' title='bbox 1546 2395 1614 2433; x_wconf 80' lang='lat'><strong>25.</strong></span> <span class='ocrx_word' id='word_1_338' title='bbox 1643 2392 1712 2434; x_wconf 81' lang='lat'><strong>25.</strong></span> 
     </span>
     <span class='ocr_line' id='line_1_73' title="bbox 1060 2447 1670 2490; baseline -0.005 -1"><span class='ocrx_word' id='word_1_339' title='bbox 1060 2452 1127 2490; x_wconf 83' lang='lat'><strong>26.</strong></span> <span class='ocrx_word' id='word_1_340' title='bbox 1147 2450 1214 2489; x_wconf 85' lang='lat'><strong>41.</strong></span> <span class='ocrx_word' id='word_1_341' title='bbox 1235 2448 1298 2489; x_wconf 85' lang='lat'><strong>46.</strong></span> <span class='ocrx_word' id='word_1_342' title='bbox 1315 2449 1381 2489; x_wconf 82' lang='lat'><strong>53.</strong></span> <span class='ocrx_word' id='word_1_343' title='bbox 1402 2447 1467 2490; x_wconf 83' lang='lat'><strong>54.</strong></span> <span class='ocrx_word' id='word_1_344' title='bbox 1488 2448 1555 2489; x_wconf 87' lang='lat'><strong>58.</strong></span> <span class='ocrx_word' id='word_1_345' title='bbox 1578 2451 1670 2488; x_wconf 88' lang='lat'><strong>106.</strong></span> 
     </span>
    </p>

    <p class='ocr_par' dir='ltr' id='par_1_17' title="bbox 1058 2501 1712 2837">
     <span class='ocr_line' id='line_1_74' title="bbox 1119 2501 1712 2554; baseline -0.003 -11"><span class='ocrx_word' id='word_1_346' title='bbox 1119 2501 1225 2543; x_wconf 84' lang='grc' dir='ltr'><strong><em>εἶκον</em></strong></span> <span class='ocrx_word' id='word_1_347' title='bbox 1256 2504 1297 2544; x_wconf 83' lang='grc' dir='ltr'><strong>οἱ</strong></span> <span class='ocrx_word' id='word_1_348' title='bbox 1320 2501 1526 2554; x_wconf 85' lang='grc' dir='ltr'><strong><em>Ἀθηναῖοι</em></strong></span> <span class='ocrx_word' id='word_1_349' title='bbox 1545 2519 1580 2542; x_wconf 83' lang='grc' dir='ltr'><strong>κ.</strong></span> <span class='ocrx_word' id='word_1_350' title='bbox 1600 2519 1633 2545; x_wconf 86' lang='grc' dir='ltr'><strong><em>τ.</em></strong></span> <span class='ocrx_word' id='word_1_351' title='bbox 1653 2503 1712 2554; x_wconf 86' lang='grc' dir='ltr'><strong><em>λ.]</em></strong></span> 
     </span>
     <span class='ocr_line' id='line_1_75' title="bbox 1061 2559 1709 2606; baseline -0.002 -9"><span class='ocrx_word' id='word_1_352' title='bbox 1061 2562 1164 2606; x_wconf 80' lang='lat' dir='ltr'><strong>Quae</strong></span> <span class='ocrx_word' id='word_1_353' title='bbox 1180 2559 1216 2598; x_wconf 91' lang='lat' dir='ltr'><strong>h.</strong></span> <span class='ocrx_word' id='word_1_354' title='bbox 1229 2561 1252 2597; x_wconf 90' lang='lat' dir='ltr'><strong>l.</strong></span> <span class='ocrx_word' id='word_1_355' title='bbox 1267 2562 1305 2597; x_wconf 89' lang='lat' dir='ltr'><strong>in</strong></span> <span class='ocrx_word' id='word_1_356' title='bbox 1321 2559 1611 2597; x_wconf 86' lang='lat' dir='ltr'><strong>Atheniensium</strong></span> <span class='ocrx_word' id='word_1_357' title='bbox 1626 2561 1709 2597; x_wconf 83' lang='lat' dir='ltr'><strong>lau-</strong></span> 
     </span>
     <span class='ocr_line' id='line_1_76' title="bbox 1061 2614 1708 2668; baseline -0.003 -14"><span class='ocrx_word' id='word_1_358' title='bbox 1061 2616 1148 2654; x_wconf 87' lang='lat' dir='ltr'><strong>dem</strong></span> <span class='ocrx_word' id='word_1_359' title='bbox 1165 2615 1282 2654; x_wconf 88' lang='lat' dir='ltr'><strong>edixit</strong></span> <span class='ocrx_word' id='word_1_360' title='bbox 1295 2623 1399 2668; x_wconf 84' lang='lat' dir='ltr'><strong>pater</strong></span> <span class='ocrx_word' id='word_1_361' title='bbox 1409 2614 1595 2664; x_wconf 82' lang='lat' dir='ltr'><strong>historiae,</strong></span> <span class='ocrx_word' id='word_1_362' title='bbox 1611 2616 1708 2652; x_wconf 85' lang='lat' dir='ltr'><strong>bene</strong></span> 
     </span>
     <span class='ocr_line' id='line_1_77' title="bbox 1059 2672 1707 2725; baseline -0.003 -15"><span class='ocrx_word' id='word_1_363' title='bbox 1059 2680 1272 2724; x_wconf 87' lang='lat' dir='ltr'><strong>congruunt</strong></span> <span class='ocrx_word' id='word_1_364' title='bbox 1293 2686 1382 2710; x_wconf 88' lang='lat' dir='ltr'><strong>cum</strong></span> <span class='ocrx_word' id='word_1_365' title='bbox 1400 2673 1444 2709; x_wconf 88' lang='lat' dir='ltr'><strong>iis</strong></span> <span class='ocrx_word' id='word_1_366' title='bbox 1457 2701 1469 2719; x_wconf 84' lang='lat'><strong>,</strong></span> <span class='ocrx_word' id='word_1_367' title='bbox 1499 2685 1597 2725; x_wconf 82' lang='lat' dir='ltr'><strong>quae</strong></span> <span class='ocrx_word' id='word_1_368' title='bbox 1625 2672 1707 2719; x_wconf 84' lang='lat' dir='ltr'><strong>vn,</strong></span> 
     </span>
     <span class='ocr_line' id='line_1_78' title="bbox 1061 2728 1707 2779; baseline -0.003 -11"><span class='ocrx_word' id='word_1_369' title='bbox 1061 2732 1139 2770; x_wconf 83' lang='lat'><strong>139</strong></span> <span class='ocrx_word' id='word_1_370' title='bbox 1168 2730 1367 2779; x_wconf 87' lang='lat' dir='ltr'><strong>leguntur,</strong></span> <span class='ocrx_word' id='word_1_371' title='bbox 1404 2729 1470 2765; x_wconf 89' lang='lat' dir='ltr'><strong>nbi</strong></span> <span class='ocrx_word' id='word_1_372' title='bbox 1504 2728 1581 2766; x_wconf 81' lang='lat' dir='ltr'><strong>vid.</strong></span> <span class='ocrx_word' id='word_1_373' title='bbox 1610 2734 1707 2766; x_wconf 85' lang='lat' dir='ltr'><strong>nott.</strong></span> 
     </span>
     <span class='ocr_line' id='line_1_79' title="bbox 1058 2785 1569 2837; baseline 0 -15"><span class='ocrx_word' id='word_1_374' title='bbox 1058 2785 1158 2825; x_wconf 85' lang='lat' dir='ltr'><strong>Add.</strong></span> <span class='ocrx_word' id='word_1_375' title='bbox 1179 2785 1243 2834; x_wconf 85' lang='lat' dir='ltr'><strong>Vl,</strong></span> <span class='ocrx_word' id='word_1_376' title='bbox 1267 2789 1343 2826; x_wconf 79' lang='lat'><strong>108</strong></span> <span class='ocrx_word' id='word_1_377' title='bbox 1364 2785 1455 2837; x_wconf 86' lang='lat' dir='ltr'><strong>ibiq.</strong></span> <span class='ocrx_word' id='word_1_378' title='bbox 1474 2790 1569 2822; x_wconf 84' lang='lat' dir='ltr'><strong>nott.</strong></span> 
     </span>
    </p>
   </div>
  </div>
 </body>
</html>
