<?xml version="1.0" encoding="UTF-8"?>
<!DOCTYPE html PUBLIC "-//W3C//DTD XHTML 1.0 Transitional//EN"
    "http://www.w3.org/TR/xhtml1/DTD/xhtml1-transitional.dtd">
<html xmlns="http://www.w3.org/1999/xhtml" xml:lang="en" lang="en">
 <head>
  <title>
</title>
<meta http-equiv="Content-Type" content="text/html;charset=utf-8" />
  <meta name='ocr-system' content='tesseract 3.04.00' />
  <meta name='ocr-capabilities' content='ocr_page ocr_carea ocr_par ocr_line ocrx_word'/>
</head>
<body>
  <div class='ocr_page' id='page_1' title='image "./musaeherodoto04hero_0544.png"; bbox 0 0 1879 3222; ppageno 0'>
   <div class='ocr_carea' id='block_1_1' title="bbox 232 180 314 221">
    <p class='ocr_par' dir='ltr' id='par_1_1' title="bbox 232 180 314 221">
     <span class='ocr_line' id='line_1_1' title="bbox 232 180 314 221; baseline 0 0"><span class='ocrx_word' id='word_1_1' title='bbox 232 180 314 221; x_wconf 77' lang='lat'><strong><em>5⁴28</em></strong></span> 
     </span>
    </p>
   </div>
   <div class='ocr_carea' id='block_1_2' title="bbox 222 287 939 1245">
    <p class='ocr_par' dir='ltr' id='par_1_2' title="bbox 222 287 939 1245">
     <span class='ocr_line' id='line_1_2' title="bbox 273 287 939 336; baseline 0.003 -12"><span class='ocrx_word' id='word_1_2' title='bbox 273 287 723 332; x_wconf 68' lang='lat' dir='ltr'><strong><em>uiauog‚dict11s)‚1x‚2o</em></strong></span> <span class='ocrx_word' id='word_1_3' title='bbox 745 295 814 327; x_wconf 77' lang='lat' dir='ltr'><strong><em>nat.</em></strong></span> <span class='ocrx_word' id='word_1_4' title='bbox 838 292 939 336; x_wconf 86' lang='lat' dir='ltr'><strong><em>equi-</em></strong></span> 
     </span>
     <span class='ocr_line' id='line_1_3' title="bbox 274 335 939 414; baseline 0.006 -45"><span class='ocrx_word' id='word_1_5' title='bbox 274 337 359 369; x_wconf 77' lang='lat' dir='ltr'><strong><em>tami</em></strong></span> <span class='ocrx_word' id='word_1_6' title='bbox 361 335 575 414; x_wconf 52' lang='lat' dir='ltr'><strong><em>2graeiectus</em></strong></span> <span class='ocrx_word' id='word_1_7' title='bbox 599 336 692 370; x_wconf 82' lang='lat' dir='ltr'><strong><em>cadit</em></strong></span> <span class='ocrx_word' id='word_1_8' title='bbox 714 338 939 382; x_wconf 72' lang='lat' dir='ltr'><strong><em>adl‘lataeas,</em></strong></span> 
     </span>
     <span class='ocr_line' id='line_1_4' title="bbox 230 425 938 470; baseline 0.007 -11"><span class='ocrx_word' id='word_1_9' title='bbox 230 427 418 468; x_wconf 77' lang='lat' dir='ltr'><strong><em>Masistius,</em></strong></span> <span class='ocrx_word' id='word_1_10' title='bbox 455 425 649 460; x_wconf 74' lang='lat' dir='ltr'><strong><em>Siromitris</em></strong></span> <span class='ocrx_word' id='word_1_11' title='bbox 680 428 742 470; x_wconf 67' lang='lat' dir='ltr'><strong><em>fil„</em></strong></span> <span class='ocrx_word' id='word_1_12' title='bbox 774 429 849 470; x_wconf 79' lang='lat' dir='ltr'>v‚11</span> <span class='ocrx_word' id='word_1_13' title='bbox 881 429 938 465; x_wconf 89' lang='grc'><strong><em>79.</em></strong></span> 
     </span>
     <span class='ocr_line' id='line_1_5' title="bbox 229 473 848 515; baseline 0.007 -11"><span class='ocrx_word' id='word_1_14' title='bbox 229 473 370 515; x_wconf 74' lang='lat' dir='ltr'><strong><em>Muspii,</em></strong></span> <span class='ocrx_word' id='word_1_15' title='bbox 395 473 577 505; x_wconf 78' lang='lat' dir='ltr'>Persarum</span> <span class='ocrx_word' id='word_1_16' title='bbox 600 483 696 515; x_wconf 74' lang='lat' dir='ltr'><strong><em>gens,</em></strong></span> <span class='ocrx_word' id='word_1_17' title='bbox 722 474 749 514; x_wconf 90' lang='grc' dir='ltr'><strong><em>Ι,</em></strong></span> <span class='ocrx_word' id='word_1_18' title='bbox 771 473 848 509; x_wconf 88' lang='grc'><strong>125.</strong></span> 
     </span>
     <span class='ocr_line' id='line_1_6' title="bbox 231 517 936 565; baseline 0.009 -16.044"><span class='ocrx_word' id='word_1_19' title='bbox 231 518 422 562; x_wconf 70' lang='lat' dir='ltr'><strong><em>’llas-suges,</em></strong></span> <span class='ocrx_word' id='word_1_20' title='bbox 455 517 574 551; x_wconf 81' lang='lat' dir='ltr'><strong><em>Oarizi</em></strong></span> <span class='ocrx_word' id='word_1_21' title='bbox 598 518 662 559; x_wconf 61' lang='lat' dir='ltr'><strong><em>fil„</em></strong></span> <span class='ocrx_word' id='word_1_22' title='bbox 685 519 752 553; x_wconf 85' lang='lat' dir='ltr'><strong><em>dux</em></strong></span> <span class='ocrx_word' id='word_1_23' title='bbox 775 521 936 565; x_wconf 83' lang='lat' dir='ltr'><strong><em>Libyum,</em></strong></span> 
     </span>
     <span class='ocr_line' id='line_1_7' title="bbox 227 609 936 655; baseline 0.007 -14"><span class='ocrx_word' id='word_1_24' title='bbox 227 609 464 653; x_wconf 82' lang='lat' dir='ltr'><strong><em>Massagetae,</em></strong></span> <span class='ocrx_word' id='word_1_25' title='bbox 494 620 574 652; x_wconf 87' lang='lat' dir='ltr'><strong><em>pop.</em></strong></span> <span class='ocrx_word' id='word_1_26' title='bbox 609 609 821 655; x_wconf 80' lang='lat' dir='ltr'>Scytharum</span> <span class='ocrx_word' id='word_1_27' title='bbox 845 613 936 646; x_wconf 80' lang='lat' dir='ltr'><strong><em>ferus</em></strong></span> 
     </span>
     <span class='ocr_line' id='line_1_8' title="bbox 274 655 936 696; baseline 0.005 -9"><span class='ocrx_word' id='word_1_28' title='bbox 274 659 309 687; x_wconf 79' lang='lat' dir='ltr'><strong><em>et</em></strong></span> <span class='ocrx_word' id='word_1_29' title='bbox 332 656 505 695; x_wconf 71' lang='lat' dir='ltr'><strong><em>robustus,</em></strong></span> <span class='ocrx_word' id='word_1_30' title='bbox 529 655 558 696; x_wconf 92' lang='lat' dir='ltr'><strong><em>I,</em></strong></span> <span class='ocrx_word' id='word_1_31' title='bbox 583 655 650 688; x_wconf 86' lang='grc'><strong><em>201</em></strong></span> <span class='ocrx_word' id='word_1_32' title='bbox 676 663 746 690; x_wconf 88' lang='lat' dir='ltr'><strong><em>not.</em></strong></span> <span class='ocrx_word' id='word_1_33' title='bbox 768 657 848 692; x_wconf 84' lang='grc'><strong>215.</strong></span> <span class='ocrx_word' id='word_1_34' title='bbox 879 670 936 690; x_wconf 80' lang='lat' dir='ltr'><strong><em>eo-</em></strong></span> 
     </span>
     <span class='ocr_line' id='line_1_9' title="bbox 270 700 937 741; baseline 0.004 -7"><span class='ocrx_word' id='word_1_35' title='bbox 270 711 350 734; x_wconf 86' lang='lat' dir='ltr'><strong><em>rum</em></strong></span> <span class='ocrx_word' id='word_1_36' title='bbox 374 701 456 734; x_wconf 82' lang='lat' dir='ltr'><strong><em>deus</em></strong></span> <span class='ocrx_word' id='word_1_37' title='bbox 480 700 554 741; x_wconf 89' lang='lat' dir='ltr'><strong><em>Sol,</em></strong></span> <span class='ocrx_word' id='word_1_38' title='bbox 587 701 614 741; x_wconf 98' lang='grc' dir='ltr'><strong><em>Ι,</em></strong></span> <span class='ocrx_word' id='word_1_39' title='bbox 639 702 718 735; x_wconf 90' lang='grc'><strong>212.</strong></span> <span class='ocrx_word' id='word_1_40' title='bbox 748 704 827 736; x_wconf 89' lang='grc'><strong>216.</strong></span> <span class='ocrx_word' id='word_1_41' title='bbox 860 715 937 736; x_wconf 85' lang='lat' dir='ltr'><strong><em>mo-</em></strong></span> 
     </span>
     <span class='ocr_line' id='line_1_10' title="bbox 270 746 936 787; baseline 0.002 -8"><span class='ocrx_word' id='word_1_42' title='bbox 270 758 325 779; x_wconf 78' lang='lat' dir='ltr'><strong><em>res</em></strong></span> <span class='ocrx_word' id='word_1_43' title='bbox 349 750 429 787; x_wconf 83' lang='lat' dir='ltr'><strong><em>etc.‚</em></strong></span> <span class='ocrx_word' id='word_1_44' title='bbox 453 746 478 786; x_wconf 94' lang='grc' dir='ltr'><strong><em>Ι,</em></strong></span> <span class='ocrx_word' id='word_1_45' title='bbox 502 746 570 780; x_wconf 93' lang='grc'><strong><em>216</em></strong></span> <span class='ocrx_word' id='word_1_46' title='bbox 592 751 660 780; x_wconf 82' lang='lat' dir='ltr'><strong><em>not.</em></strong></span> <span class='ocrx_word' id='word_1_47' title='bbox 696 759 818 781; x_wconf 81' lang='lat' dir='ltr'><strong><em>uxores</em></strong></span> <span class='ocrx_word' id='word_1_48' title='bbox 840 760 936 780; x_wconf 90' lang='lat' dir='ltr'><strong><em>com-</em></strong></span> 
     </span>
     <span class='ocr_line' id='line_1_11' title="bbox 271 792 935 832; baseline 0.002 -8"><span class='ocrx_word' id='word_1_49' title='bbox 271 803 401 832; x_wconf 79' lang='lat' dir='ltr'><strong><em>munes,</em></strong></span> <span class='ocrx_word' id='word_1_50' title='bbox 434 792 516 824; x_wconf 85' lang='lat' dir='ltr'><strong><em>ibid.</em></strong></span> <span class='ocrx_word' id='word_1_51' title='bbox 551 792 608 832; x_wconf 84' lang='lat' dir='ltr'><strong><em>lv,</em></strong></span> <span class='ocrx_word' id='word_1_52' title='bbox 635 793 713 826; x_wconf 88' lang='grc'><strong>172.</strong></span> <span class='ocrx_word' id='word_1_53' title='bbox 748 805 843 825; x_wconf 79' lang='lat' dir='ltr'><strong><em>senes</em></strong></span> <span class='ocrx_word' id='word_1_54' title='bbox 868 794 935 825; x_wconf 90' lang='lat' dir='ltr'><strong><em>im-</em></strong></span> 
     </span>
     <span class='ocr_line' id='line_1_12' title="bbox 269 836 935 880; baseline 0.002 -9"><span class='ocrx_word' id='word_1_55' title='bbox 269 836 539 878; x_wconf 80' lang='lat' dir='ltr'><strong><em>molant,1,216.</em></strong></span> <span class='ocrx_word' id='word_1_56' title='bbox 565 839 706 870; x_wconf 68' lang='lat' dir='ltr'><strong><em>vestitus</em></strong></span> <span class='ocrx_word' id='word_1_57' title='bbox 730 842 808 880; x_wconf 64' lang='lat' dir='ltr'><strong><em>etc„</em></strong></span> <span class='ocrx_word' id='word_1_58' title='bbox 830 837 935 880; x_wconf 80' lang='lat'>1‚215</span> 
     </span>
     <span class='ocr_line' id='line_1_13' title="bbox 268 882 935 926; baseline 0.003 -10"><span class='ocrx_word' id='word_1_59' title='bbox 268 887 339 917; x_wconf 84' lang='lat' dir='ltr'><strong><em>not.</em></strong></span> <span class='ocrx_word' id='word_1_60' title='bbox 363 883 512 926; x_wconf 77' lang='lat' dir='ltr'><strong><em>Scythas</em></strong></span> <span class='ocrx_word' id='word_1_61' title='bbox 534 882 705 916; x_wconf 78' lang='lat' dir='ltr'><strong><em>Nomades</em></strong></span> <span class='ocrx_word' id='word_1_62' title='bbox 724 884 861 917; x_wconf 78' lang='lat' dir='ltr'><strong><em>sedibus</em></strong></span> <span class='ocrx_word' id='word_1_63' title='bbox 877 896 935 918; x_wconf 87' lang='lat' dir='ltr'><strong><em>ex-</em></strong></span> 
     </span>
     <span class='ocr_line' id='line_1_14' title="bbox 268 928 934 972; baseline 0.005 -11"><span class='ocrx_word' id='word_1_64' title='bbox 268 929 417 972; x_wconf 84' lang='lat' dir='ltr'><strong><em>pellunt,</em></strong></span> <span class='ocrx_word' id='word_1_65' title='bbox 440 928 498 968; x_wconf 84' lang='lat' dir='ltr'><strong><em>IV,</em></strong></span> <span class='ocrx_word' id='word_1_66' title='bbox 523 928 579 962; x_wconf 95' lang='grc'><strong><em>11.</em></strong></span> <span class='ocrx_word' id='word_1_67' title='bbox 619 929 750 972; x_wconf 82' lang='lat' dir='ltr'><strong>Cyrum</strong></span> <span class='ocrx_word' id='word_1_68' title='bbox 785 930 934 972; x_wconf 82' lang='lat' dir='ltr'><strong><em>vincunt,</em></strong></span> 
     </span>
     <span class='ocr_line' id='line_1_15' title="bbox 267 974 936 1018; baseline 0.004 -13"><span class='ocrx_word' id='word_1_69' title='bbox 267 974 297 1011; x_wconf 86' lang='grc' dir='ltr'><strong><em>Ι,</em></strong></span> <span class='ocrx_word' id='word_1_70' title='bbox 332 974 411 1006; x_wconf 66' lang='grc'><strong>211.</strong></span> <span class='ocrx_word' id='word_1_71' title='bbox 452 974 672 1017; x_wconf 80' lang='lat' dir='ltr'><strong><em>Massagetae</em></strong></span> <span class='ocrx_word' id='word_1_72' title='bbox 711 985 798 1009; x_wconf 86' lang='lat' dir='ltr'><strong><em>auro</em></strong></span> <span class='ocrx_word' id='word_1_73' title='bbox 833 982 936 1018; x_wconf 78' lang='lat' dir='ltr'><strong><em>atque</em></strong></span> 
     </span>
     <span class='ocr_line' id='line_1_16' title="bbox 268 1019 937 1107; baseline 0.004 -54"><span class='ocrx_word' id='word_1_74' title='bbox 268 1030 350 1053; x_wconf 84' lang='lat' dir='ltr'><strong><em>aere</em></strong></span> <span class='ocrx_word' id='word_1_75' title='bbox 382 1019 581 1107; x_wconf 51' lang='lat' dir='ltr'><strong><em>Jabundant,</em></strong></span> <span class='ocrx_word' id='word_1_76' title='bbox 628 1019 656 1062; x_wconf 84' lang='grc' dir='ltr'><strong><em>Ι,</em></strong></span> <span class='ocrx_word' id='word_1_77' title='bbox 691 1019 759 1054; x_wconf 87' lang='grc'><strong><em>205</em></strong></span> <span class='ocrx_word' id='word_1_78' title='bbox 795 1025 829 1055; x_wconf 85' lang='lat' dir='ltr'><strong><em>et</em></strong></span> <span class='ocrx_word' id='word_1_79' title='bbox 868 1021 937 1056; x_wconf 90' lang='grc'><strong><em>215</em></strong></span> 
     </span>
     <span class='ocr_line' id='line_1_17' title="bbox 267 1065 379 1098; baseline 0.009 -1"><span class='ocrx_word' id='word_1_80' title='bbox 267 1069 339 1098; x_wconf 87' lang='lat' dir='ltr'><strong><em>not.</em></strong></span> <span class='ocrx_word' id='word_1_81' title='bbox 367 1065 379 1079; x_wconf 79' lang='lat'><em>&#39;</em></span> 
     </span>
     <span class='ocr_line' id='line_1_18' title="bbox 222 1109 938 1153; baseline 0.003 -10"><span class='ocrx_word' id='word_1_82' title='bbox 222 1110 395 1151; x_wconf 79' lang='lat' dir='ltr'><em>Massilia,</em></span> <span class='ocrx_word' id='word_1_83' title='bbox 419 1109 554 1153; x_wconf 86' lang='lat' dir='ltr'><strong><em>quando</em></strong></span> <span class='ocrx_word' id='word_1_84' title='bbox 577 1110 715 1144; x_wconf 82' lang='lat' dir='ltr'><strong><em>condita</em></strong></span> <span class='ocrx_word' id='word_1_85' title='bbox 737 1122 757 1145; x_wconf 82' lang='lat' dir='ltr'><strong><em>a</em></strong></span> <span class='ocrx_word' id='word_1_86' title='bbox 780 1112 938 1146; x_wconf 86' lang='lat' dir='ltr'><strong><em>Phocae-</em></strong></span> 
     </span>
     <span class='ocr_line' id='line_1_19' title="bbox 267 1156 934 1204; baseline 0.006 -16"><span class='ocrx_word' id='word_1_87' title='bbox 267 1156 418 1194; x_wconf 71' lang='lat' dir='ltr'><strong><em>ensibus,</em></strong></span> <span class='ocrx_word' id='word_1_88' title='bbox 465 1160 535 1192; x_wconf 86' lang='lat' dir='ltr'><strong><em>not.</em></strong></span> <span class='ocrx_word' id='word_1_89' title='bbox 580 1156 624 1190; x_wconf 84' lang='lat' dir='ltr'><strong><em>ad</em></strong></span> <span class='ocrx_word' id='word_1_90' title='bbox 670 1156 697 1198; x_wconf 92' lang='grc' dir='ltr'><strong><em>Ι,</em></strong></span> <span class='ocrx_word' id='word_1_91' title='bbox 739 1157 807 1191; x_wconf 88' lang='grc'><strong><em>166</em></strong></span> <span class='ocrx_word' id='word_1_92' title='bbox 853 1170 934 1204; x_wconf 81' lang='lat' dir='ltr'><strong><em>pag.</em></strong></span> 
     </span>
     <span class='ocr_line' id='line_1_20' title="bbox 266 1201 432 1245; baseline 0.006 -10"><span class='ocrx_word' id='word_1_93' title='bbox 266 1201 346 1236; x_wconf 85' lang='grc'><strong>368.</strong></span> <span class='ocrx_word' id='word_1_94' title='bbox 373 1202 432 1245; x_wconf 76' lang='grc'><strong><em>**)</em></strong></span> 
     </span>
    </p>
   </div>
   <div class='ocr_carea' id='block_1_3' title="bbox 220 1259 937 1541">
    <p class='ocr_par' dir='ltr' id='par_1_3' title="bbox 221 1259 937 1350">
     <span class='ocr_line' id='line_1_21' title="bbox 221 1259 936 1303; baseline 0.003 -11"><span class='ocrx_word' id='word_1_95' title='bbox 221 1259 418 1292; x_wconf 82' lang='lat' dir='ltr'><strong><em>Maternum</em></strong></span> <span class='ocrx_word' id='word_1_96' title='bbox 458 1269 565 1303; x_wconf 80' lang='lat' dir='ltr'><strong><em>genus</em></strong></span> <span class='ocrx_word' id='word_1_97' title='bbox 611 1262 754 1301; x_wconf 82' lang='lat' dir='ltr'><strong><em>paterno</em></strong></span> <span class='ocrx_word' id='word_1_98' title='bbox 785 1260 936 1294; x_wconf 76' lang='lat' dir='ltr'>nobilius</span> 
     </span>
     <span class='ocr_line' id='line_1_22' title="bbox 267 1304 937 1350; baseline 0.004 -12"><span class='ocrx_word' id='word_1_99' title='bbox 267 1306 356 1348; x_wconf 86' lang='lat' dir='ltr'><strong><em>apud</em></strong></span> <span class='ocrx_word' id='word_1_100' title='bbox 382 1305 517 1349; x_wconf 77' lang='lat' dir='ltr'><strong><em>Lycios,</em></strong></span> <span class='ocrx_word' id='word_1_101' title='bbox 541 1305 569 1347; x_wconf 89' lang='lat'><strong><em>1,</em></strong></span> <span class='ocrx_word' id='word_1_102' title='bbox 595 1304 674 1338; x_wconf 82' lang='grc'><strong>173.</strong></span> <span class='ocrx_word' id='word_1_103' title='bbox 723 1305 793 1339; x_wconf 88' lang='lat' dir='ltr'><strong><em>vid.</em></strong></span> <span class='ocrx_word' id='word_1_104' title='bbox 817 1306 937 1350; x_wconf 73' lang='lat' dir='ltr'><strong><em>Isycia.</em></strong></span> 
     </span>
    </p>

    <p class='ocr_par' dir='ltr' id='par_1_4' title="bbox 221 1349 891 1393">
     <span class='ocr_line' id='line_1_23' title="bbox 221 1349 891 1393; baseline 0.004 -10"><span class='ocrx_word' id='word_1_105' title='bbox 221 1350 379 1384; x_wconf 81' lang='lat' dir='ltr'><strong><em>Matiani</em></strong></span> <span class='ocrx_word' id='word_1_106' title='bbox 402 1355 546 1392; x_wconf 80' lang='lat' dir='ltr'><strong><em>montes,</em></strong></span> <span class='ocrx_word' id='word_1_107' title='bbox 571 1349 601 1393; x_wconf 90' lang='lat' dir='ltr'><strong><em>I,</em></strong></span> <span class='ocrx_word' id='word_1_108' title='bbox 627 1349 704 1384; x_wconf 83' lang='grc'><strong>189.</strong></span> <span class='ocrx_word' id='word_1_109' title='bbox 728 1351 796 1385; x_wconf 82' lang='grc'><strong><em>202</em></strong></span> <span class='ocrx_word' id='word_1_110' title='bbox 820 1357 891 1387; x_wconf 84' lang='lat' dir='ltr'><strong><em>not.</em></strong></span> 
     </span>
    </p>

    <p class='ocr_par' dir='ltr' id='par_1_5' title="bbox 220 1407 937 1541">
     <span class='ocr_line' id='line_1_24' title="bbox 220 1407 937 1450; baseline 0.003 -9"><span class='ocrx_word' id='word_1_111' title='bbox 220 1407 373 1442; x_wconf 73' lang='lat' dir='ltr'><strong><em>Matiani</em></strong></span> <span class='ocrx_word' id='word_1_112' title='bbox 397 1419 488 1450; x_wconf 64' lang='lat' dir='ltr'><strong><em>pop„</em></strong></span> <span class='ocrx_word' id='word_1_113' title='bbox 513 1407 539 1446; x_wconf 89' lang='grc' dir='ltr'><strong><em>Ι,</em></strong></span> <span class='ocrx_word' id='word_1_114' title='bbox 560 1407 605 1440; x_wconf 84' lang='grc'><strong>72</strong></span> <span class='ocrx_word' id='word_1_115' title='bbox 628 1412 698 1442; x_wconf 89' lang='lat' dir='ltr'><strong><em>not.</em></strong></span> <span class='ocrx_word' id='word_1_116' title='bbox 725 1408 788 1450; x_wconf 90' lang='grc' dir='ltr'><strong>ΙΙΙ,</strong></span> <span class='ocrx_word' id='word_1_117' title='bbox 811 1408 937 1444; x_wconf 85' lang='lat' dir='ltr'><strong><em>94n0t.</em></strong></span> 
     </span>
     <span class='ocr_line' id='line_1_25' title="bbox 270 1452 937 1495; baseline 0.006 -9"><span class='ocrx_word' id='word_1_118' title='bbox 270 1454 309 1495; x_wconf 88' lang='lat' dir='ltr'><strong><em>V,</em></strong></span> <span class='ocrx_word' id='word_1_119' title='bbox 333 1452 390 1486; x_wconf 77' lang='lat'><strong><em>49.</em></strong></span> <span class='ocrx_word' id='word_1_120' title='bbox 413 1452 459 1486; x_wconf 83' lang='lat'><strong><em>52</em></strong></span> <span class='ocrx_word' id='word_1_121' title='bbox 483 1457 554 1486; x_wconf 84' lang='lat' dir='ltr'><strong><em>not.</em></strong></span> <span class='ocrx_word' id='word_1_122' title='bbox 589 1464 709 1486; x_wconf 88' lang='lat' dir='ltr'><strong><em>eorum</em></strong></span> <span class='ocrx_word' id='word_1_123' title='bbox 744 1454 779 1487; x_wconf 87' lang='lat' dir='ltr'><strong><em>in</em></strong></span> <span class='ocrx_word' id='word_1_124' title='bbox 813 1456 937 1490; x_wconf 73' lang='lat' dir='ltr'><strong><em>Xerxis</em></strong></span> 
     </span>
     <span class='ocr_line' id='line_1_26' title="bbox 266 1499 816 1541; baseline 0 -9"><span class='ocrx_word' id='word_1_125' title='bbox 266 1500 418 1533; x_wconf 78' lang='lat' dir='ltr'><strong><em>exercitu</em></strong></span> <span class='ocrx_word' id='word_1_126' title='bbox 442 1503 635 1540; x_wconf 82' lang='lat' dir='ltr'><strong><em>armatura,</em></strong></span> <span class='ocrx_word' id='word_1_127' title='bbox 659 1499 738 1541; x_wconf 90' lang='lat' dir='ltr'>VII,</span> <span class='ocrx_word' id='word_1_128' title='bbox 759 1499 816 1536; x_wconf 87' lang='grc'><strong><em>72.</em></strong></span> 
     </span>
    </p>
   </div>
   <div class='ocr_carea' id='block_1_4' title="bbox 218 1556 935 1600">
    <p class='ocr_par' dir='ltr' id='par_1_6' title="bbox 218 1556 935 1600">
     <span class='ocr_line' id='line_1_27' title="bbox 218 1556 935 1600; baseline 0.006 -11"><span class='ocrx_word' id='word_1_129' title='bbox 218 1556 477 1590; x_wconf 80' lang='lat' dir='ltr'><em>Matrimonium</em></span> <span class='ocrx_word' id='word_1_130' title='bbox 501 1556 649 1590; x_wconf 79' lang='lat' dir='ltr'><strong><em>emtione</em></strong></span> <span class='ocrx_word' id='word_1_131' title='bbox 671 1557 720 1598; x_wconf 86' lang='lat' dir='ltr'><strong><em>fit,</em></strong></span> <span class='ocrx_word' id='word_1_132' title='bbox 756 1557 798 1600; x_wconf 88' lang='lat' dir='ltr'><strong><em>V,</em></strong></span> <span class='ocrx_word' id='word_1_133' title='bbox 818 1557 840 1591; x_wconf 88' lang='grc'><strong>6</strong></span> <span class='ocrx_word' id='word_1_134' title='bbox 863 1562 935 1594; x_wconf 86' lang='lat' dir='ltr'><strong><em>not.</em></strong></span> 
     </span>
    </p>
   </div>
   <div class='ocr_carea' id='block_1_5' title="bbox 219 1613 935 1928">
    <p class='ocr_par' dir='ltr' id='par_1_7' title="bbox 219 1613 935 1884">
     <span class='ocr_line' id='line_1_28' title="bbox 219 1613 934 1656; baseline 0.004 -10"><span class='ocrx_word' id='word_1_135' title='bbox 219 1613 349 1646; x_wconf 85' lang='lat' dir='ltr'><strong><em>Matris</em></strong></span> <span class='ocrx_word' id='word_1_136' title='bbox 383 1613 621 1656; x_wconf 70' lang='lat' dir='ltr'><strong><em>Dindymenae</em></strong></span> <span class='ocrx_word' id='word_1_137' title='bbox 659 1614 791 1655; x_wconf 79' lang='lat' dir='ltr'><strong><em>fanum,</em></strong></span> <span class='ocrx_word' id='word_1_138' title='bbox 825 1615 853 1656; x_wconf 87' lang='grc' dir='ltr'><strong><em>Ι,</em></strong></span> <span class='ocrx_word' id='word_1_139' title='bbox 877 1615 934 1649; x_wconf 84' lang='grc'><strong>80.</strong></span> 
     </span>
     <span class='ocr_line' id='line_1_29' title="bbox 264 1658 935 1693; baseline 0.001 -1"><span class='ocrx_word' id='word_1_140' title='bbox 264 1658 371 1692; x_wconf 83' lang='lat' dir='ltr'><strong><em>Matri</em></strong></span> <span class='ocrx_word' id='word_1_141' title='bbox 396 1660 546 1692; x_wconf 84' lang='lat' dir='ltr'><strong><em>Deorum</em></strong></span> <span class='ocrx_word' id='word_1_142' title='bbox 570 1659 697 1692; x_wconf 80' lang='lat' dir='ltr'><strong><em>festum</em></strong></span> <span class='ocrx_word' id='word_1_143' title='bbox 713 1660 865 1692; x_wconf 76' lang='lat' dir='ltr'><strong><em>celebrat</em></strong></span> <span class='ocrx_word' id='word_1_144' title='bbox 888 1664 935 1693; x_wconf 83' lang='lat' dir='ltr'><strong><em>A-</em></strong></span> 
     </span>
     <span class='ocr_line' id='line_1_30' title="bbox 264 1703 935 1745; baseline 0.002 -8"><span class='ocrx_word' id='word_1_145' title='bbox 264 1703 454 1744; x_wconf 79' lang='lat' dir='ltr'><strong><em>nacharsis,</em></strong></span> <span class='ocrx_word' id='word_1_146' title='bbox 480 1704 537 1745; x_wconf 76' lang='lat' dir='ltr'><strong><em>IV,</em></strong></span> <span class='ocrx_word' id='word_1_147' title='bbox 561 1703 606 1736; x_wconf 88' lang='grc'><strong><em>76</em></strong></span> <span class='ocrx_word' id='word_1_148' title='bbox 630 1708 699 1737; x_wconf 85' lang='lat' dir='ltr'><strong><em>not.</em></strong></span> <span class='ocrx_word' id='word_1_149' title='bbox 723 1704 935 1738; x_wconf 76' lang='lat' dir='ltr'><strong><em>MaterPon</em></strong></span> 
     </span>
     <span class='ocr_line' id='line_1_31' title="bbox 265 1749 933 1792; baseline 0 -10"><span class='ocrx_word' id='word_1_150' title='bbox 265 1749 294 1782; x_wconf 84' lang='lat' dir='ltr'><strong><em>ti</em></strong></span> <span class='ocrx_word' id='word_1_151' title='bbox 328 1749 504 1782; x_wconf 85' lang='lat' dir='ltr'><strong><em>nominata</em></strong></span> <span class='ocrx_word' id='word_1_152' title='bbox 534 1749 630 1792; x_wconf 79' lang='lat' dir='ltr'><strong><em>palus</em></strong></span> <span class='ocrx_word' id='word_1_153' title='bbox 669 1749 830 1791; x_wconf 83' lang='lat' dir='ltr'><strong><em>Maeotis,</em></strong></span> <span class='ocrx_word' id='word_1_154' title='bbox 872 1751 933 1791; x_wconf 88' lang='lat' dir='ltr'><strong><em>1V,</em></strong></span> 
     </span>
     <span class='ocr_line' id='line_1_32' title="bbox 264 1776 935 1839; baseline 0.003 -12"><span class='ocrx_word' id='word_1_155' title='bbox 264 1793 312 1827; x_wconf 83' lang='lat'><strong><em>86</em></strong></span> <span class='ocrx_word' id='word_1_156' title='bbox 336 1798 405 1828; x_wconf 85' lang='lat' dir='ltr'><strong><em>not.</em></strong></span> <span class='ocrx_word' id='word_1_157' title='bbox 431 1794 555 1828; x_wconf 76' lang='lat' dir='ltr'><strong><em>Matris</em></strong></span> <span class='ocrx_word' id='word_1_158' title='bbox 579 1795 681 1827; x_wconf 87' lang='lat' dir='ltr'><strong><em>deum</em></strong></span> <span class='ocrx_word' id='word_1_159' title='bbox 705 1795 816 1828; x_wconf 82' lang='lat' dir='ltr'><strong><em>cultus</em></strong></span> <span class='ocrx_word' id='word_1_160' title='bbox 823 1776 935 1839; x_wconf 82' lang='lat' dir='ltr'><strong><em>apud</em></strong></span> 
     </span>
     <span class='ocr_line' id='line_1_33' title="bbox 266 1838 707 1884; baseline -0.002 -11"><span class='ocrx_word' id='word_1_161' title='bbox 266 1840 466 1884; x_wconf 79' lang='lat' dir='ltr'><strong><em>Cyzicenos,</em></strong></span> <span class='ocrx_word' id='word_1_162' title='bbox 492 1840 550 1881; x_wconf 89' lang='lat' dir='ltr'><strong><em>IV,</em></strong></span> <span class='ocrx_word' id='word_1_163' title='bbox 573 1838 620 1872; x_wconf 89' lang='grc'><strong><em>76</em></strong></span> <span class='ocrx_word' id='word_1_164' title='bbox 639 1843 707 1872; x_wconf 84' lang='lat' dir='ltr'><strong><em>not.</em></strong></span> 
     </span>
    </p>

    <p class='ocr_par' dir='ltr' id='par_1_8' title="bbox 219 1883 901 1928">
     <span class='ocr_line' id='line_1_34' title="bbox 219 1883 901 1928; baseline -0.001 -9"><span class='ocrx_word' id='word_1_165' title='bbox 219 1885 409 1928; x_wconf 82' lang='lat' dir='ltr'><strong><em>Mausolus,</em></strong></span> <span class='ocrx_word' id='word_1_166' title='bbox 433 1888 533 1928; x_wconf 79' lang='lat' dir='ltr'><strong><em>pater</em></strong></span> <span class='ocrx_word' id='word_1_167' title='bbox 554 1884 732 1927; x_wconf 80' lang='lat' dir='ltr'><strong><em>Pixodari,</em></strong></span> <span class='ocrx_word' id='word_1_168' title='bbox 756 1884 798 1928; x_wconf 88' lang='lat' dir='ltr'><strong><em>V,</em></strong></span> <span class='ocrx_word' id='word_1_169' title='bbox 822 1883 901 1919; x_wconf 89' lang='lat'>118.</span> 
     </span>
    </p>
   </div>
   <div class='ocr_carea' id='block_1_6' title="bbox 221 2006 495 2014">
    <p class='ocr_par' dir='ltr' id='par_1_9' title="bbox 221 2006 495 2014">
     <span class='ocr_line' id='line_1_35' title="bbox 221 2006 495 2014; baseline 0 1208"><span class='ocrx_word' id='word_1_170' title='bbox 221 2006 495 2014; x_wconf 95' lang='lat' dir='ltr'><strong><em> </em></strong></span> 
     </span>
    </p>
   </div>
   <div class='ocr_carea' id='block_1_7' title="bbox 750 183 1189 223">
    <p class='ocr_par' dir='ltr' id='par_1_10' title="bbox 750 183 1189 223">
     <span class='ocr_line' id='line_1_36' title="bbox 750 183 1189 223; baseline 0.007 -5"><span class='ocrx_word' id='word_1_171' title='bbox 750 183 780 222; x_wconf 90' lang='lat'><strong><em>1.</em></strong></span> <span class='ocrx_word' id='word_1_172' title='bbox 811 183 970 220; x_wconf 88' lang='lat' dir='ltr'>INDEX</span> <span class='ocrx_word' id='word_1_173' title='bbox 998 184 1189 223; x_wconf 77' lang='lat' dir='ltr'><strong><em>RERUM.</em></strong></span> 
     </span>
    </p>
   </div>
   <div class='ocr_carea' id='block_1_8' title="bbox 991 293 1705 1919">
    <p class='ocr_par' dir='ltr' id='par_1_11' title="bbox 994 293 1702 381">
     <span class='ocr_line' id='line_1_37' title="bbox 994 293 1702 341; baseline 0.001 -13"><span class='ocrx_word' id='word_1_174' title='bbox 994 295 1134 338; x_wconf 66' lang='lat' dir='ltr'><strong><em>Illaryes</em></strong></span> <span class='ocrx_word' id='word_1_175' title='bbox 1170 293 1312 337; x_wconf 72' lang='lat' dir='ltr'><strong><em>Libyes,</em></strong></span> <span class='ocrx_word' id='word_1_176' title='bbox 1343 293 1403 334; x_wconf 85' lang='lat' dir='ltr'><strong><em>IV,</em></strong></span> <span class='ocrx_word' id='word_1_177' title='bbox 1439 293 1505 327; x_wconf 90' lang='grc'><strong><em>191</em></strong></span> <span class='ocrx_word' id='word_1_178' title='bbox 1538 295 1618 332; x_wconf 85' lang='lat' dir='ltr'><strong><em>coll.</em></strong></span> <span class='ocrx_word' id='word_1_179' title='bbox 1642 297 1702 341; x_wconf 90' lang='lat' dir='ltr'><strong><em>1v,</em></strong></span> 
     </span>
     <span class='ocr_line' id='line_1_38' title="bbox 1044 340 1306 381; baseline 0 -8"><span class='ocrx_word' id='word_1_180' title='bbox 1044 340 1109 373; x_wconf 78' lang='grc'><strong><em>178</em></strong></span> <span class='ocrx_word' id='word_1_181' title='bbox 1135 346 1204 373; x_wconf 81' lang='lat' dir='ltr'><strong><em>not.</em></strong></span> <span class='ocrx_word' id='word_1_182' title='bbox 1232 341 1306 381; x_wconf 70' lang='lat'><strong><em>**&#39;)</em></strong></span> 
     </span>
    </p>

    <p class='ocr_par' dir='ltr' id='par_1_12' title="bbox 994 384 1704 472">
     <span class='ocr_line' id='line_1_39' title="bbox 994 384 1704 426; baseline 0.003 -7"><span class='ocrx_word' id='word_1_183' title='bbox 994 386 1153 419; x_wconf 81' lang='lat' dir='ltr'><strong><em>Mazares</em></strong></span> <span class='ocrx_word' id='word_1_184' title='bbox 1178 385 1311 423; x_wconf 70' lang='lat' dir='ltr'><strong><em>&#39;ned-n</em></strong></span> <span class='ocrx_word' id='word_1_185' title='bbox 1337 384 1465 426; x_wconf 80' lang='lat'><strong><em>1‚156.</em></strong></span> <span class='ocrx_word' id='word_1_186' title='bbox 1505 385 1704 422; x_wconf 74' lang='lat' dir='ltr'><strong><em>Prienenses</em></strong></span> 
     </span>
     <span class='ocr_line' id='line_1_40' title="bbox 1041 431 1335 472; baseline -0.007 -8"><span class='ocrx_word' id='word_1_187' title='bbox 1041 431 1180 472; x_wconf 72' lang='lat' dir='ltr'><strong><em>subigit,</em></strong></span> <span class='ocrx_word' id='word_1_188' title='bbox 1206 431 1232 469; x_wconf 89' lang='lat'><strong><em>1,</em></strong></span> <span class='ocrx_word' id='word_1_189' title='bbox 1259 431 1335 463; x_wconf 88' lang='grc'><strong>161.</strong></span> 
     </span>
    </p>

    <p class='ocr_par' dir='ltr' id='par_1_13' title="bbox 995 476 1614 516">
     <span class='ocr_line' id='line_1_41' title="bbox 995 476 1614 516; baseline 0 -6"><span class='ocrx_word' id='word_1_190' title='bbox 995 477 1164 515; x_wconf 78' lang='lat' dir='ltr'><strong><em>Mecisles,</em></strong></span> <span class='ocrx_word' id='word_1_191' title='bbox 1187 477 1321 509; x_wconf 75' lang='lat' dir='ltr'><strong><em>Adrasti</em></strong></span> <span class='ocrx_word' id='word_1_192' title='bbox 1347 477 1464 516; x_wconf 79' lang='lat' dir='ltr'><strong><em>frater,</em></strong></span> <span class='ocrx_word' id='word_1_193' title='bbox 1491 476 1532 515; x_wconf 86' lang='lat' dir='ltr'><strong><em>V,</em></strong></span> <span class='ocrx_word' id='word_1_194' title='bbox 1556 476 1614 510; x_wconf 87' lang='grc'><strong><em>67.</em></strong></span> 
     </span>
    </p>

    <p class='ocr_par' dir='ltr' id='par_1_14' title="bbox 992 521 1704 606">
     <span class='ocr_line' id='line_1_42' title="bbox 992 521 1704 565; baseline 0 -10"><span class='ocrx_word' id='word_1_195' title='bbox 992 522 1205 564; x_wconf 67' lang='lat' dir='ltr'><strong><em>Mecyberna,</em></strong></span> <span class='ocrx_word' id='word_1_196' title='bbox 1234 522 1370 555; x_wconf 77' lang='lat' dir='ltr'><strong><em>Graeca</em></strong></span> <span class='ocrx_word' id='word_1_197' title='bbox 1396 524 1488 565; x_wconf 73' lang='lat' dir='ltr'><strong><em>urbs,</em></strong></span> <span class='ocrx_word' id='word_1_198' title='bbox 1516 521 1704 563; x_wconf 69' lang='lat' dir='ltr'><strong><em>Thraciae,</em></strong></span> 
     </span>
     <span class='ocr_line' id='line_1_43' title="bbox 1040 567 1298 606; baseline -0.004 -7"><span class='ocrx_word' id='word_1_199' title='bbox 1040 567 1113 606; x_wconf 91' lang='lat' dir='ltr'>VII,</span> <span class='ocrx_word' id='word_1_200' title='bbox 1138 567 1205 599; x_wconf 78' lang='grc'><strong><em>122</em></strong></span> <span class='ocrx_word' id='word_1_201' title='bbox 1229 572 1298 600; x_wconf 85' lang='lat' dir='ltr'><strong><em>not.</em></strong></span> 
     </span>
    </p>

    <p class='ocr_par' dir='ltr' id='par_1_15' title="bbox 991 612 1703 697">
     <span class='ocr_line' id='line_1_44' title="bbox 991 612 1703 657; baseline 0 -11"><span class='ocrx_word' id='word_1_202' title='bbox 991 613 1125 652; x_wconf 82' lang='lat' dir='ltr'><strong><em>Medea,</em></strong></span> <span class='ocrx_word' id='word_1_203' title='bbox 1149 612 1357 646; x_wconf 82' lang='lat' dir='ltr'><strong><em>Colchorum</em></strong></span> <span class='ocrx_word' id='word_1_204' title='bbox 1379 613 1472 657; x_wconf 78' lang='lat' dir='ltr'><strong><em>regis</em></strong></span> <span class='ocrx_word' id='word_1_205' title='bbox 1494 613 1585 653; x_wconf 87' lang='lat' dir='ltr'><strong><em>filia,</em></strong></span> <span class='ocrx_word' id='word_1_206' title='bbox 1617 613 1645 655; x_wconf 91' lang='lat'><strong><em>1,</em></strong></span> <span class='ocrx_word' id='word_1_207' title='bbox 1669 612 1703 646; x_wconf 84' lang='grc'><strong><em>2.</em></strong></span> 
     </span>
     <span class='ocr_line' id='line_1_45' title="bbox 1041 657 1280 697; baseline 0.008 -9"><span class='ocrx_word' id='word_1_208' title='bbox 1041 657 1116 697; x_wconf 82' lang='lat' dir='ltr'>VII,</span> <span class='ocrx_word' id='word_1_209' title='bbox 1140 657 1185 689; x_wconf 79' lang='grc'><strong><em>62</em></strong></span> <span class='ocrx_word' id='word_1_210' title='bbox 1210 661 1280 690; x_wconf 74' lang='lat' dir='ltr'><strong><em>not.</em></strong></span> 
     </span>
    </p>

    <p class='ocr_par' dir='ltr' id='par_1_16' title="bbox 992 701 1705 1919">
     <span class='ocr_line' id='line_1_46' title="bbox 992 701 1705 745; baseline -0.001 -8"><span class='ocrx_word' id='word_1_211' title='bbox 992 703 1099 742; x_wconf 87' lang='lat' dir='ltr'><strong><em>Medi,</em></strong></span> <span class='ocrx_word' id='word_1_212' title='bbox 1131 702 1190 742; x_wconf 85' lang='lat' dir='ltr'><strong><em>lv,</em></strong></span> <span class='ocrx_word' id='word_1_213' title='bbox 1228 701 1286 736; x_wconf 77' lang='lat'><strong><em>37.</em></strong></span> <span class='ocrx_word' id='word_1_214' title='bbox 1307 702 1362 735; x_wconf 76' lang='lat'><strong><em>40.</em></strong></span> <span class='ocrx_word' id='word_1_215' title='bbox 1395 714 1456 745; x_wconf 89' lang='lat' dir='ltr'><strong><em>per</em></strong></span> <span class='ocrx_word' id='word_1_216' title='bbox 1484 703 1578 736; x_wconf 79' lang='lat' dir='ltr'><strong><em>vicos</em></strong></span> <span class='ocrx_word' id='word_1_217' title='bbox 1602 703 1705 736; x_wconf 78' lang='lat' dir='ltr'><strong><em>habi-</em></strong></span> 
     </span>
     <span class='ocr_line' id='line_1_47' title="bbox 1038 747 1704 792; baseline 0 -10"><span class='ocrx_word' id='word_1_218' title='bbox 1038 752 1123 788; x_wconf 80' lang='lat' dir='ltr'><strong><em>tant,</em></strong></span> <span class='ocrx_word' id='word_1_219' title='bbox 1146 747 1174 788; x_wconf 90' lang='grc' dir='ltr'><strong><em>Ι,</em></strong></span> <span class='ocrx_word' id='word_1_220' title='bbox 1199 747 1255 781; x_wconf 87' lang='grc'><strong><em>96.</em></strong></span> <span class='ocrx_word' id='word_1_221' title='bbox 1289 759 1409 781; x_wconf 89' lang='lat' dir='ltr'><strong><em>eorum</em></strong></span> <span class='ocrx_word' id='word_1_222' title='bbox 1440 748 1595 782; x_wconf 75' lang='lat' dir='ltr'><strong><em>diversae</em></strong></span> <span class='ocrx_word' id='word_1_223' title='bbox 1618 761 1704 792; x_wconf 70' lang='lat' dir='ltr'><strong><em>gen-</em></strong></span> 
     </span>
     <span class='ocr_line' id='line_1_48' title="bbox 1039 793 1703 835; baseline -0.002 -8"><span class='ocrx_word' id='word_1_224' title='bbox 1039 799 1101 833; x_wconf 79' lang='lat' dir='ltr'><strong><em>tes,</em></strong></span> <span class='ocrx_word' id='word_1_225' title='bbox 1135 793 1164 833; x_wconf 93' lang='lat' dir='ltr'><strong><em>I,</em></strong></span> <span class='ocrx_word' id='word_1_226' title='bbox 1189 793 1276 826; x_wconf 82' lang='grc'><strong>-101,</strong></span> <span class='ocrx_word' id='word_1_227' title='bbox 1310 793 1394 826; x_wconf 85' lang='grc' dir='ltr'><strong>οΙίιιι</strong></span> <span class='ocrx_word' id='word_1_228' title='bbox 1419 794 1493 827; x_wconf 79' lang='lat' dir='ltr'><strong><em>Arii</em></strong></span> <span class='ocrx_word' id='word_1_229' title='bbox 1524 796 1703 835; x_wconf 79' lang='lat' dir='ltr'><strong><em>nominati,</em></strong></span> 
     </span>
     <span class='ocr_line' id='line_1_49' title="bbox 1038 839 1701 873; baseline 0 0"><span class='ocrx_word' id='word_1_230' title='bbox 1038 850 1060 873; x_wconf 84' lang='lat' dir='ltr'><strong><em>a</em></strong></span> <span class='ocrx_word' id='word_1_231' title='bbox 1086 839 1206 871; x_wconf 75' lang='lat' dir='ltr'><strong><em>Medea</em></strong></span> <span class='ocrx_word' id='word_1_232' title='bbox 1231 839 1391 872; x_wconf 86' lang='lat' dir='ltr'><strong><em>Colchica</em></strong></span> <span class='ocrx_word' id='word_1_233' title='bbox 1415 850 1536 872; x_wconf 88' lang='lat' dir='ltr'><strong><em>nomen</em></strong></span> <span class='ocrx_word' id='word_1_234' title='bbox 1562 841 1701 873; x_wconf 81' lang='lat' dir='ltr'><strong><em>invene-</em></strong></span> 
     </span>
     <span class='ocr_line' id='line_1_50' title="bbox 1037 884 1704 928; baseline 0.001 -10"><span class='ocrx_word' id='word_1_235' title='bbox 1037 888 1127 925; x_wconf 86' lang='lat' dir='ltr'><strong><em>runt,</em></strong></span> <span class='ocrx_word' id='word_1_236' title='bbox 1162 884 1236 924; x_wconf 86' lang='lat' dir='ltr'>VII,</span> <span class='ocrx_word' id='word_1_237' title='bbox 1266 884 1321 917; x_wconf 85' lang='grc'><strong><em>62.</em></strong></span> <span class='ocrx_word' id='word_1_238' title='bbox 1364 885 1407 918; x_wconf 91' lang='lat' dir='ltr'><strong><em>ab</em></strong></span> <span class='ocrx_word' id='word_1_239' title='bbox 1439 885 1589 928; x_wconf 66' lang='lat' dir='ltr'><strong><em>Assyriis</em></strong></span> <span class='ocrx_word' id='word_1_240' title='bbox 1619 887 1704 919; x_wconf 85' lang='lat' dir='ltr'><strong><em>deli—</em></strong></span> 
     </span>
     <span class='ocr_line' id='line_1_51' title="bbox 1037 928 1702 976; baseline 0.005 -14"><span class='ocrx_word' id='word_1_241' title='bbox 1037 930 1143 969; x_wconf 81' lang='lat' dir='ltr'><strong><em>ciunt,</em></strong></span> <span class='ocrx_word' id='word_1_242' title='bbox 1168 930 1194 970; x_wconf 92' lang='lat'><strong><em>1,</em></strong></span> <span class='ocrx_word' id='word_1_243' title='bbox 1218 928 1274 963; x_wconf 84' lang='lat'><strong><em>95.</em></strong></span> <span class='ocrx_word' id='word_1_244' title='bbox 1300 930 1461 963; x_wconf 74' lang='lat' dir='ltr'><strong><em>Deincem</em></strong></span> <span class='ocrx_word' id='word_1_245' title='bbox 1485 931 1549 963; x_wconf 81' lang='lat' dir='ltr'><strong><em>sibi</em></strong></span> <span class='ocrx_word' id='word_1_246' title='bbox 1583 943 1702 976; x_wconf 83' lang='lat' dir='ltr'><strong><em>regem</em></strong></span> 
     </span>
     <span class='ocr_line' id='line_1_52' title="bbox 1037 975 1703 1018; baseline 0 -9"><span class='ocrx_word' id='word_1_247' title='bbox 1037 976 1256 1018; x_wconf 78' lang='lat' dir='ltr'><strong><em>constituunt,</em></strong></span> <span class='ocrx_word' id='word_1_248' title='bbox 1281 975 1307 1016; x_wconf 91' lang='lat' dir='ltr'><strong><em>I,</em></strong></span> <span class='ocrx_word' id='word_1_249' title='bbox 1328 975 1500 1012; x_wconf 79' lang='grc'><strong>96-1110.</strong></span> <span class='ocrx_word' id='word_1_250' title='bbox 1522 977 1703 1010; x_wconf 81' lang='lat' dir='ltr'><strong><em>Medorum</em></strong></span> 
     </span>
     <span class='ocr_line' id='line_1_53' title="bbox 1037 1022 1704 1066; baseline 0 -11"><span class='ocrx_word' id='word_1_251' title='bbox 1037 1033 1160 1066; x_wconf 79' lang='lat' dir='ltr'><strong><em>regum</em></strong></span> <span class='ocrx_word' id='word_1_252' title='bbox 1184 1027 1354 1064; x_wconf 79' lang='lat' dir='ltr'><strong><em>tempora:</em></strong></span> <span class='ocrx_word' id='word_1_253' title='bbox 1380 1023 1518 1055; x_wconf 70' lang='lat' dir='ltr'><strong><em>Excute.</em></strong></span> <span class='ocrx_word' id='word_1_254' title='bbox 1543 1023 1585 1056; x_wconf 82' lang='lat' dir='ltr'><strong><em>ad</em></strong></span> <span class='ocrx_word' id='word_1_255' title='bbox 1600 1023 1625 1062; x_wconf 84' lang='lat' dir='ltr'><strong><em>I,</em></strong></span> <span class='ocrx_word' id='word_1_256' title='bbox 1639 1022 1704 1055; x_wconf 81' lang='lat'><strong><em>130</em></strong></span> 
     </span>
     <span class='ocr_line' id='line_1_54' title="bbox 1037 1067 1703 1111; baseline 0.003 -12"><span class='ocrx_word' id='word_1_257' title='bbox 1037 1079 1071 1111; x_wconf 87' lang='lat' dir='ltr'><strong><em>p.</em></strong></span> <span class='ocrx_word' id='word_1_258' title='bbox 1094 1067 1161 1101; x_wconf 84' lang='grc'><strong><em>899</em></strong></span> <span class='ocrx_word' id='word_1_259' title='bbox 1184 1079 1251 1110; x_wconf 81' lang='lat' dir='ltr'><strong><em>seq.</em></strong></span> <span class='ocrx_word' id='word_1_260' title='bbox 1285 1067 1326 1111; x_wconf 52' lang='grc' dir='ltr'><strong><em>ἢ)</em></strong></span> <span class='ocrx_word' id='word_1_261' title='bbox 1362 1068 1541 1101; x_wconf 80' lang='lat' dir='ltr'><strong><em>Medorum</em></strong></span> <span class='ocrx_word' id='word_1_262' title='bbox 1581 1079 1703 1101; x_wconf 75' lang='lat' dir='ltr'><strong><em>numen</em></strong></span> 
     </span>
     <span class='ocr_line' id='line_1_55' title="bbox 1039 1113 1704 1156; baseline 0 -10"><span class='ocrx_word' id='word_1_263' title='bbox 1039 1115 1109 1146; x_wconf 80' lang='lat' dir='ltr'><strong><em>late</em></strong></span> <span class='ocrx_word' id='word_1_264' title='bbox 1154 1119 1283 1156; x_wconf 78' lang='lat' dir='ltr'><strong><em>patens,</em></strong></span> <span class='ocrx_word' id='word_1_265' title='bbox 1330 1113 1393 1153; x_wconf 77' lang='lat' dir='ltr'><strong><em>lx,</em></strong></span> <span class='ocrx_word' id='word_1_266' title='bbox 1439 1113 1484 1147; x_wconf 88' lang='grc'><strong><em>77</em></strong></span> <span class='ocrx_word' id='word_1_267' title='bbox 1516 1119 1584 1148; x_wconf 86' lang='lat' dir='ltr'><strong><em>not.</em></strong></span> <span class='ocrx_word' id='word_1_268' title='bbox 1639 1115 1704 1146; x_wconf 65' lang='lat' dir='ltr'><strong><em>sub</em></strong></span> 
     </span>
     <span class='ocr_line' id='line_1_56' title="bbox 1037 1159 1703 1203; baseline 0 -11"><span class='ocrx_word' id='word_1_269' title='bbox 1037 1159 1208 1192; x_wconf 86' lang='lat' dir='ltr'><strong><em>Phraorte</em></strong></span> <span class='ocrx_word' id='word_1_270' title='bbox 1250 1170 1332 1202; x_wconf 80' lang='lat' dir='ltr'><strong><em>rege</em></strong></span> <span class='ocrx_word' id='word_1_271' title='bbox 1378 1159 1495 1192; x_wconf 83' lang='lat' dir='ltr'><strong><em>Asiam</em></strong></span> <span class='ocrx_word' id='word_1_272' title='bbox 1527 1159 1703 1203; x_wconf 84' lang='lat' dir='ltr'><strong><em>subigunt,</em></strong></span> 
     </span>
     <span class='ocr_line' id='line_1_57' title="bbox 1036 1203 1702 1249; baseline 0.002 -12"><span class='ocrx_word' id='word_1_273' title='bbox 1036 1216 1111 1247; x_wconf 85' lang='lat' dir='ltr'><strong><em>cap.</em></strong></span> <span class='ocrx_word' id='word_1_274' title='bbox 1138 1203 1214 1237; x_wconf 84' lang='grc'><strong>102.</strong></span> <span class='ocrx_word' id='word_1_275' title='bbox 1239 1205 1302 1237; x_wconf 79' lang='lat' dir='ltr'><strong><em>sub</em></strong></span> <span class='ocrx_word' id='word_1_276' title='bbox 1317 1205 1474 1248; x_wconf 85' lang='lat' dir='ltr'><strong><em>Cyaxare</em></strong></span> <span class='ocrx_word' id='word_1_277' title='bbox 1496 1205 1626 1238; x_wconf 85' lang='lat' dir='ltr'><strong><em>bellum</em></strong></span> <span class='ocrx_word' id='word_1_278' title='bbox 1638 1216 1702 1249; x_wconf 83' lang='lat' dir='ltr'><strong><em>ge-</em></strong></span> 
     </span>
     <span class='ocr_line' id='line_1_58' title="bbox 1036 1250 1702 1294; baseline -0.002 -10"><span class='ocrx_word' id='word_1_279' title='bbox 1036 1255 1116 1284; x_wconf 84' lang='lat' dir='ltr'><strong><em>runt</em></strong></span> <span class='ocrx_word' id='word_1_280' title='bbox 1142 1261 1219 1283; x_wconf 86' lang='lat' dir='ltr'><strong><em>cum</em></strong></span> <span class='ocrx_word' id='word_1_281' title='bbox 1252 1250 1368 1294; x_wconf 66' lang='lat' dir='ltr'><strong><em>Lydis,</em></strong></span> <span class='ocrx_word' id='word_1_282' title='bbox 1401 1262 1476 1293; x_wconf 78' lang='lat' dir='ltr'><strong><em>cap.</em></strong></span> <span class='ocrx_word' id='word_1_283' title='bbox 1513 1250 1591 1284; x_wconf 80' lang='lat'><strong><em>103.</em></strong></span> <span class='ocrx_word' id='word_1_284' title='bbox 1633 1262 1702 1294; x_wconf 85' lang='lat' dir='ltr'><strong><em>quo</em></strong></span> 
     </span>
     <span class='ocr_line' id='line_1_59' title="bbox 1037 1296 1703 1336; baseline 0.003 -8"><span class='ocrx_word' id='word_1_285' title='bbox 1037 1297 1131 1329; x_wconf 87' lang='lat' dir='ltr'><strong><em>bello</em></strong></span> <span class='ocrx_word' id='word_1_286' title='bbox 1154 1296 1273 1330; x_wconf 78' lang='lat' dir='ltr'><strong><em>incidit</em></strong></span> <span class='ocrx_word' id='word_1_287' title='bbox 1296 1296 1378 1329; x_wconf 79' lang='lat' dir='ltr'><strong><em>solis</em></strong></span> <span class='ocrx_word' id='word_1_288' title='bbox 1401 1297 1565 1336; x_wconf 79' lang='lat' dir='ltr'><strong><em>defectus,</em></strong></span> <span class='ocrx_word' id='word_1_289' title='bbox 1590 1308 1621 1330; x_wconf 86' lang='lat' dir='ltr'><strong><em>c.</em></strong></span> <span class='ocrx_word' id='word_1_290' title='bbox 1644 1296 1703 1330; x_wconf 84' lang='grc'><strong><em>73.</em></strong></span> 
     </span>
     <span class='ocr_line' id='line_1_60' title="bbox 1037 1341 1702 1384; baseline 0 -10"><span class='ocrx_word' id='word_1_291' title='bbox 1037 1341 1095 1376; x_wconf 73' lang='grc'><strong>7-1.</strong></span> <span class='ocrx_word' id='word_1_292' title='bbox 1138 1342 1241 1374; x_wconf 80' lang='lat' dir='ltr'><strong><em>Asiae</em></strong></span> <span class='ocrx_word' id='word_1_293' title='bbox 1286 1341 1471 1384; x_wconf 87' lang='lat' dir='ltr'><strong><em>imperium</em></strong></span> <span class='ocrx_word' id='word_1_294' title='bbox 1528 1342 1702 1383; x_wconf 71' lang='lat' dir='ltr'><strong><em>amittunt,</em></strong></span> 
     </span>
     <span class='ocr_line' id='line_1_61' title="bbox 1038 1387 1704 1431; baseline 0.002 -10"><span class='ocrx_word' id='word_1_295' title='bbox 1038 1387 1181 1431; x_wconf 72' lang='lat' dir='ltr'><strong><em>Scythis</em></strong></span> <span class='ocrx_word' id='word_1_296' title='bbox 1226 1387 1507 1430; x_wconf 75' lang='lat' dir='ltr'><strong><em>irrumpentibus,</em></strong></span> <span class='ocrx_word' id='word_1_297' title='bbox 1552 1399 1583 1421; x_wconf 89' lang='lat' dir='ltr'><strong><em>c.</em></strong></span> <span class='ocrx_word' id='word_1_298' title='bbox 1623 1387 1704 1422; x_wconf 72' lang='lat'><strong><em>104.</em></strong></span> 
     </span>
     <span class='ocr_line' id='line_1_62' title="bbox 1038 1432 1702 1478; baseline 0 -11"><span class='ocrx_word' id='word_1_299' title='bbox 1038 1433 1177 1473; x_wconf 67' lang='lat' dir='ltr'><strong><em>Ninum,</em></strong></span> <span class='ocrx_word' id='word_1_300' title='bbox 1208 1432 1278 1466; x_wconf 84' lang='lat' dir='ltr'><strong><em>iam</em></strong></span> <span class='ocrx_word' id='word_1_301' title='bbox 1321 1439 1422 1467; x_wconf 88' lang='lat' dir='ltr'><strong><em>antea</em></strong></span> <span class='ocrx_word' id='word_1_302' title='bbox 1454 1440 1702 1478; x_wconf 80' lang='lat' dir='ltr'><strong><em>oppugnatam,</em></strong></span> 
     </span>
     <span class='ocr_line' id='line_1_63' title="bbox 1037 1480 1703 1524; baseline 0.003 -13"><span class='ocrx_word' id='word_1_303' title='bbox 1037 1480 1178 1521; x_wconf 77' lang='lat' dir='ltr'><strong><em>capiunt</em></strong></span> <span class='ocrx_word' id='word_1_304' title='bbox 1194 1484 1226 1512; x_wconf 83' lang='lat' dir='ltr'><strong><em>et</em></strong></span> <span class='ocrx_word' id='word_1_305' title='bbox 1249 1480 1406 1524; x_wconf 75' lang='lat' dir='ltr'><strong><em>Assyrios</em></strong></span> <span class='ocrx_word' id='word_1_306' title='bbox 1428 1480 1604 1523; x_wconf 78' lang='lat' dir='ltr'><strong><em>subigunt.</em></strong></span> <span class='ocrx_word' id='word_1_307' title='bbox 1627 1490 1703 1523; x_wconf 82' lang='lat' dir='ltr'><strong><em>cap.</em></strong></span> 
     </span>
     <span class='ocr_line' id='line_1_64' title="bbox 1037 1524 1704 1569; baseline 0 -11"><span class='ocrx_word' id='word_1_308' title='bbox 1037 1524 1105 1558; x_wconf 90' lang='grc'><strong><em>106</em></strong></span> <span class='ocrx_word' id='word_1_309' title='bbox 1129 1528 1197 1558; x_wconf 88' lang='lat' dir='ltr'><strong><em>not.</em></strong></span> <span class='ocrx_word' id='word_1_310' title='bbox 1220 1525 1284 1557; x_wconf 89' lang='lat' dir='ltr'><strong><em>sub</em></strong></span> <span class='ocrx_word' id='word_1_311' title='bbox 1313 1526 1467 1569; x_wconf 72' lang='lat' dir='ltr'><strong><em>Astyage</em></strong></span> <span class='ocrx_word' id='word_1_312' title='bbox 1500 1536 1584 1569; x_wconf 83' lang='lat' dir='ltr'><strong><em>rege</em></strong></span> <span class='ocrx_word' id='word_1_313' title='bbox 1613 1526 1704 1559; x_wconf 87' lang='lat' dir='ltr'><strong><em>Per-</em></strong></span> 
     </span>
     <span class='ocr_line' id='line_1_65' title="bbox 1036 1569 1703 1612; baseline 0.001 -9"><span class='ocrx_word' id='word_1_314' title='bbox 1036 1571 1083 1604; x_wconf 78' lang='lat' dir='ltr'><strong><em>sis</em></strong></span> <span class='ocrx_word' id='word_1_315' title='bbox 1108 1571 1347 1612; x_wconf 80' lang='lat' dir='ltr'><strong><em>succumbunt,</em></strong></span> <span class='ocrx_word' id='word_1_316' title='bbox 1371 1582 1400 1603; x_wconf 88' lang='lat' dir='ltr'><strong><em>c.</em></strong></span> <span class='ocrx_word' id='word_1_317' title='bbox 1425 1569 1494 1604; x_wconf 82' lang='lat'><strong><em>130</em></strong></span> <span class='ocrx_word' id='word_1_318' title='bbox 1516 1575 1584 1604; x_wconf 88' lang='lat' dir='ltr'><strong><em>uut.</em></strong></span> <span class='ocrx_word' id='word_1_319' title='bbox 1619 1571 1703 1604; x_wconf 81' lang='lat' dir='ltr'><strong><em>dess-</em></strong></span> 
     </span>
     <span class='ocr_line' id='line_1_66' title="bbox 1038 1616 1703 1658; baseline 0 -10"><span class='ocrx_word' id='word_1_320' title='bbox 1038 1616 1133 1648; x_wconf 89' lang='lat' dir='ltr'><strong><em>ciunt</em></strong></span> <span class='ocrx_word' id='word_1_321' title='bbox 1158 1627 1178 1648; x_wconf 84' lang='lat' dir='ltr'><strong><em>a</em></strong></span> <span class='ocrx_word' id='word_1_322' title='bbox 1202 1616 1320 1657; x_wconf 83' lang='lat' dir='ltr'><strong><em>Dario,</em></strong></span> <span class='ocrx_word' id='word_1_323' title='bbox 1344 1620 1378 1649; x_wconf 83' lang='lat' dir='ltr'><strong><em>et</em></strong></span> <span class='ocrx_word' id='word_1_324' title='bbox 1404 1617 1514 1648; x_wconf 90' lang='lat' dir='ltr'><strong><em>denuo</em></strong></span> <span class='ocrx_word' id='word_1_325' title='bbox 1536 1616 1703 1658; x_wconf 77' lang='lat' dir='ltr'><strong><em>subigun-</em></strong></span> 
     </span>
     <span class='ocr_line' id='line_1_67' title="bbox 1037 1661 1702 1704; baseline -0.002 -10"><span class='ocrx_word' id='word_1_326' title='bbox 1037 1666 1103 1698; x_wconf 87' lang='lat' dir='ltr'><strong><em>tur,</em></strong></span> <span class='ocrx_word' id='word_1_327' title='bbox 1134 1661 1217 1692; x_wconf 76' lang='lat' dir='ltr'><strong><em>ibid.</em></strong></span> <span class='ocrx_word' id='word_1_328' title='bbox 1242 1665 1310 1693; x_wconf 81' lang='lat' dir='ltr'><strong><em>not.</em></strong></span> <span class='ocrx_word' id='word_1_329' title='bbox 1347 1661 1415 1703; x_wconf 88' lang='lat'><strong><em>††)</em></strong></span> <span class='ocrx_word' id='word_1_330' title='bbox 1439 1662 1483 1693; x_wconf 83' lang='lat' dir='ltr'><strong><em>cf.</em></strong></span> <span class='ocrx_word' id='word_1_331' title='bbox 1516 1661 1631 1704; x_wconf 84' lang='lat' dir='ltr'><strong><em>Magi.</em></strong></span> <span class='ocrx_word' id='word_1_332' title='bbox 1655 1679 1702 1686; x_wconf 92' lang='lat'>-</span> 
     </span>
     <span class='ocr_line' id='line_1_68' title="bbox 1037 1705 1701 1739; baseline 0 -1"><span class='ocrx_word' id='word_1_333' title='bbox 1037 1706 1218 1738; x_wconf 84' lang='lat' dir='ltr'><strong><em>Medorum</em></strong></span> <span class='ocrx_word' id='word_1_334' title='bbox 1250 1705 1284 1737; x_wconf 91' lang='lat' dir='ltr'><strong><em>iu</em></strong></span> <span class='ocrx_word' id='word_1_335' title='bbox 1318 1705 1440 1738; x_wconf 69' lang='lat' dir='ltr'><strong><em>Xerxis</em></strong></span> <span class='ocrx_word' id='word_1_336' title='bbox 1470 1707 1622 1739; x_wconf 76' lang='lat' dir='ltr'><strong><em>exercitu</em></strong></span> <span class='ocrx_word' id='word_1_337' title='bbox 1645 1717 1701 1738; x_wconf 82' lang='lat' dir='ltr'><strong><em>ar-</em></strong></span> 
     </span>
     <span class='ocr_line' id='line_1_69' title="bbox 1035 1749 1700 1790; baseline 0.002 -7"><span class='ocrx_word' id='word_1_338' title='bbox 1035 1755 1182 1790; x_wconf 84' lang='lat' dir='ltr'><strong><em>matura,</em></strong></span> <span class='ocrx_word' id='word_1_339' title='bbox 1207 1750 1278 1790; x_wconf 69' lang='lat' dir='ltr'><strong><em>wi,</em></strong></span> <span class='ocrx_word' id='word_1_340' title='bbox 1303 1749 1359 1783; x_wconf 84' lang='grc'><strong><em>62.</em></strong></span> <span class='ocrx_word' id='word_1_341' title='bbox 1385 1751 1440 1784; x_wconf 84' lang='grc'><strong><em>86.</em></strong></span> <span class='ocrx_word' id='word_1_342' title='bbox 1467 1751 1560 1784; x_wconf 83' lang='lat' dir='ltr'><strong><em>Medi</em></strong></span> <span class='ocrx_word' id='word_1_343' title='bbox 1583 1752 1700 1784; x_wconf 80' lang='lat' dir='ltr'><strong><em>etCis-</em></strong></span> 
     </span>
     <span class='ocr_line' id='line_1_70' title="bbox 1035 1795 1701 1838; baseline 0.002 -10"><span class='ocrx_word' id='word_1_344' title='bbox 1035 1796 1078 1829; x_wconf 76' lang='lat' dir='ltr'><strong><em>sii</em></strong></span> <span class='ocrx_word' id='word_1_345' title='bbox 1119 1795 1154 1829; x_wconf 85' lang='lat' dir='ltr'><strong><em>in</em></strong></span> <span class='ocrx_word' id='word_1_346' title='bbox 1197 1796 1446 1838; x_wconf 75' lang='lat' dir='ltr'><strong><em>Thermopylis</em></strong></span> <span class='ocrx_word' id='word_1_347' title='bbox 1496 1798 1701 1838; x_wconf 69' lang='lat' dir='ltr'><strong><em>propulsati,</em></strong></span> 
     </span>
     <span class='ocr_line' id='line_1_71' title="bbox 1035 1840 1700 1919; baseline 0.005 -47"><span class='ocrx_word' id='word_1_348' title='bbox 1035 1840 1112 1919; x_wconf 51' lang='grc' dir='ltr'><strong><em>ίξΊΙΙ,</em></strong></span> <span class='ocrx_word' id='word_1_349' title='bbox 1149 1840 1227 1876; x_wconf 88' lang='grc'><strong>210.</strong></span> <span class='ocrx_word' id='word_1_350' title='bbox 1263 1841 1420 1875; x_wconf 65' lang='lat' dir='ltr'><strong><em>Medic-..e</em></strong></span> <span class='ocrx_word' id='word_1_351' title='bbox 1451 1841 1586 1882; x_wconf 82' lang='lat' dir='ltr'><strong><em>hastae,</em></strong></span> <span class='ocrx_word' id='word_1_352' title='bbox 1619 1842 1700 1886; x_wconf 88' lang='lat' dir='ltr'>VII,</span> 
     </span>
    </p>
   </div>
   <div class='ocr_carea' id='block_1_9' title="bbox 218 2090 1701 2319">
    <p class='ocr_par' dir='ltr' id='par_1_17' title="bbox 218 2090 1701 2319">
     <span class='ocr_line' id='line_1_72' title="bbox 308 2090 1697 2136; baseline 0.001 -12"><span class='ocrx_word' id='word_1_353' title='bbox 308 2091 340 2134; x_wconf 81' lang='lat'><strong><em>&#39;)</em></strong></span> <span class='ocrx_word' id='word_1_354' title='bbox 382 2092 448 2124; x_wconf 91' lang='lat' dir='ltr'><strong><em>Pro</em></strong></span> <span class='ocrx_word' id='word_1_355' title='bbox 479 2090 594 2124; x_wconf 86' lang='lat' dir='ltr'><strong><em>Alanis</em></strong></span> <span class='ocrx_word' id='word_1_356' title='bbox 619 2090 726 2124; x_wconf 82' lang='lat' dir='ltr'><strong><em>habet</em></strong></span> <span class='ocrx_word' id='word_1_357' title='bbox 754 2091 964 2134; x_wconf 83' lang='lat' dir='ltr'><strong><em>Massagetas</em></strong></span> <span class='ocrx_word' id='word_1_358' title='bbox 987 2090 1137 2135; x_wconf 86' lang='lat' dir='ltr'><strong><em>Halling.</em></strong></span> <span class='ocrx_word' id='word_1_359' title='bbox 1161 2091 1197 2125; x_wconf 84' lang='lat' dir='ltr'><strong><em>in</em></strong></span> <span class='ocrx_word' id='word_1_360' title='bbox 1221 2091 1353 2125; x_wconf 83' lang='lat' dir='ltr'><strong><em>Annall.</em></strong></span> <span class='ocrx_word' id='word_1_361' title='bbox 1377 2091 1503 2126; x_wconf 82' lang='lat' dir='ltr'><strong><em>Vienn.</em></strong></span> <span class='ocrx_word' id='word_1_362' title='bbox 1528 2091 1642 2124; x_wconf 81' lang='lat' dir='ltr'>LXIII</span> <span class='ocrx_word' id='word_1_363' title='bbox 1662 2104 1697 2136; x_wconf 91' lang='lat' dir='ltr'><strong><em>p.</em></strong></span> 
     </span>
     <span class='ocr_line' id='line_1_73' title="bbox 219 2137 1700 2181; baseline -0.002 -8"><span class='ocrx_word' id='word_1_364' title='bbox 219 2138 299 2173; x_wconf 83' lang='lat'><strong><em>131.</em></strong></span> <span class='ocrx_word' id='word_1_365' title='bbox 323 2137 366 2170; x_wconf 84' lang='lat' dir='ltr'><strong><em>ad</em></strong></span> <span class='ocrx_word' id='word_1_366' title='bbox 384 2138 591 2170; x_wconf 81' lang='lat' dir='ltr'><strong><em>Ammianum</em></strong></span> <span class='ocrx_word' id='word_1_367' title='bbox 610 2148 802 2181; x_wconf 86' lang='lat' dir='ltr'><strong><em>provocans</em></strong></span> <span class='ocrx_word' id='word_1_368' title='bbox 819 2138 950 2176; x_wconf 82' lang='lat' dir='ltr'>XXIII,</span> <span class='ocrx_word' id='word_1_369' title='bbox 970 2139 1013 2172; x_wconf 86' lang='lat'><strong><em>14</em></strong></span> <span class='ocrx_word' id='word_1_370' title='bbox 1032 2144 1067 2170; x_wconf 89' lang='lat' dir='ltr'><strong><em>et</em></strong></span> <span class='ocrx_word' id='word_1_371' title='bbox 1082 2139 1220 2179; x_wconf 76' lang='lat' dir='ltr'>XXXI,</span> <span class='ocrx_word' id='word_1_372' title='bbox 1235 2141 1268 2173; x_wconf 76' lang='grc'><strong><em>2.</em></strong></span> <span class='ocrx_word' id='word_1_373' title='bbox 1287 2138 1384 2170; x_wconf 79' lang='lat' dir='ltr'><strong><em>Conf.</em></strong></span> <span class='ocrx_word' id='word_1_374' title='bbox 1405 2138 1506 2170; x_wconf 87' lang='lat' dir='ltr'><strong><em>etiam</em></strong></span> <span class='ocrx_word' id='word_1_375' title='bbox 1528 2137 1700 2170; x_wconf 85' lang='lat' dir='ltr'><strong><em>Reichard</em></strong></span> 
     </span>
     <span class='ocr_line' id='line_1_74' title="bbox 218 2182 1700 2227; baseline 0.001 -13"><span class='ocrx_word' id='word_1_376' title='bbox 218 2183 253 2215; x_wconf 87' lang='lat' dir='ltr'><strong><em>in</em></strong></span> <span class='ocrx_word' id='word_1_377' title='bbox 272 2183 402 2216; x_wconf 85' lang='lat' dir='ltr'><strong><em>Hertha</em></strong></span> <span class='ocrx_word' id='word_1_378' title='bbox 424 2184 476 2215; x_wconf 88' lang='lat' dir='ltr'>XI</span> <span class='ocrx_word' id='word_1_379' title='bbox 494 2195 529 2227; x_wconf 88' lang='lat' dir='ltr'><strong><em>p.</em></strong></span> <span class='ocrx_word' id='word_1_380' title='bbox 549 2182 603 2217; x_wconf 86' lang='lat'><strong><em>15.</em></strong></span> <span class='ocrx_word' id='word_1_381' title='bbox 630 2182 847 2216; x_wconf 82' lang='lat' dir='ltr'><strong><em>Gatterer.in</em></strong></span> <span class='ocrx_word' id='word_1_382' title='bbox 866 2183 992 2216; x_wconf 87' lang='lat' dir='ltr'><strong><em>Comm.</em></strong></span> <span class='ocrx_word' id='word_1_383' title='bbox 1005 2183 1124 2218; x_wconf 86' lang='lat' dir='ltr'><strong><em>societ.</em></strong></span> <span class='ocrx_word' id='word_1_384' title='bbox 1139 2184 1294 2226; x_wconf 82' lang='lat' dir='ltr'><strong><em>Gotting.</em></strong></span> <span class='ocrx_word' id='word_1_385' title='bbox 1314 2184 1398 2216; x_wconf 84' lang='lat' dir='ltr'>XIV</span> <span class='ocrx_word' id='word_1_386' title='bbox 1417 2196 1449 2227; x_wconf 90' lang='lat' dir='ltr'><strong><em>p.</em></strong></span> <span class='ocrx_word' id='word_1_387' title='bbox 1462 2184 1590 2227; x_wconf 74' lang='lat' dir='ltr'><strong><em>Sseqq.</em></strong></span> <span class='ocrx_word' id='word_1_388' title='bbox 1605 2184 1700 2215; x_wconf 78' lang='lat' dir='ltr'><strong><em>Mas-</em></strong></span> 
     </span>
     <span class='ocr_line' id='line_1_75' title="bbox 219 2228 1701 2272; baseline 0 -11"><span class='ocrx_word' id='word_1_389' title='bbox 219 2236 354 2272; x_wconf 81' lang='lat' dir='ltr'><strong><em>sagetas</em></strong></span> <span class='ocrx_word' id='word_1_390' title='bbox 373 2228 522 2261; x_wconf 87' lang='lat' dir='ltr'><strong><em>tenuisse</em></strong></span> <span class='ocrx_word' id='word_1_391' title='bbox 541 2234 709 2260; x_wconf 83' lang='lat' dir='ltr'><strong><em>statuerat</em></strong></span> <span class='ocrx_word' id='word_1_392' title='bbox 725 2234 851 2260; x_wconf 86' lang='lat' dir='ltr'><strong><em>terram</em></strong></span> <span class='ocrx_word' id='word_1_393' title='bbox 872 2229 1085 2272; x_wconf 84' lang='lat' dir='ltr'><strong><em>Kirgisorum</em></strong></span> <span class='ocrx_word' id='word_1_394' title='bbox 1105 2230 1242 2272; x_wconf 76' lang='lat' dir='ltr'><strong><em>grandia</em></strong></span> <span class='ocrx_word' id='word_1_395' title='bbox 1269 2229 1407 2269; x_wconf 87' lang='lat' dir='ltr'><strong><em>hordae,</em></strong></span> <span class='ocrx_word' id='word_1_396' title='bbox 1433 2229 1454 2262; x_wconf 90' lang='lat' dir='ltr'><strong><em>i.</em></strong></span> <span class='ocrx_word' id='word_1_397' title='bbox 1475 2240 1503 2261; x_wconf 88' lang='lat' dir='ltr'><strong><em>e.</em></strong></span> <span class='ocrx_word' id='word_1_398' title='bbox 1532 2228 1701 2262; x_wconf 82' lang='lat' dir='ltr'><strong><em>meridio-</em></strong></span> 
     </span>
     <span class='ocr_line' id='line_1_76' title="bbox 218 2274 1495 2319; baseline 0 -13"><span class='ocrx_word' id='word_1_399' title='bbox 218 2275 329 2308; x_wconf 89' lang='lat' dir='ltr'><strong><em>nalem</em></strong></span> <span class='ocrx_word' id='word_1_400' title='bbox 351 2274 572 2318; x_wconf 88' lang='lat' dir='ltr'><strong><em>Soongariam</em></strong></span> <span class='ocrx_word' id='word_1_401' title='bbox 584 2298 595 2315; x_wconf 94' lang='lat'><strong><em>,</em></strong></span> <span class='ocrx_word' id='word_1_402' title='bbox 618 2280 654 2306; x_wconf 83' lang='lat' dir='ltr'><strong><em>et</em></strong></span> <span class='ocrx_word' id='word_1_403' title='bbox 673 2274 857 2306; x_wconf 86' lang='lat' dir='ltr'><strong><em>Buchariae</em></strong></span> <span class='ocrx_word' id='word_1_404' title='bbox 875 2274 1014 2307; x_wconf 87' lang='lat' dir='ltr'><strong><em>minoris</em></strong></span> <span class='ocrx_word' id='word_1_405' title='bbox 1031 2282 1160 2319; x_wconf 83' lang='lat' dir='ltr'><strong><em>partem</em></strong></span> <span class='ocrx_word' id='word_1_406' title='bbox 1180 2274 1495 2318; x_wconf 84' lang='lat' dir='ltr'><strong><em>septentrionalem.</em></strong></span> 
     </span>
    </p>
   </div>
   <div class='ocr_carea' id='block_1_10' title="bbox 218 2329 1699 2466">
    <p class='ocr_par' dir='ltr' id='par_1_18' title="bbox 218 2329 1699 2466">
     <span class='ocr_line' id='line_1_77' title="bbox 309 2329 1699 2373; baseline 0 -11"><span class='ocrx_word' id='word_1_407' title='bbox 309 2330 356 2373; x_wconf 73' lang='lat'><strong><em>⁸*)</em></strong></span> <span class='ocrx_word' id='word_1_408' title='bbox 381 2330 483 2370; x_wconf 90' lang='lat' dir='ltr'><strong><em>Quod</em></strong></span> <span class='ocrx_word' id='word_1_409' title='bbox 501 2330 698 2363; x_wconf 82' lang='lat' dir='ltr'><strong><em>Herodotus</em></strong></span> <span class='ocrx_word' id='word_1_410' title='bbox 715 2330 790 2373; x_wconf 88' lang='lat' dir='ltr'><strong><em>ipse</em></strong></span> <span class='ocrx_word' id='word_1_411' title='bbox 802 2330 973 2364; x_wconf 87' lang='lat' dir='ltr'><strong><em>Massiliae</em></strong></span> <span class='ocrx_word' id='word_1_412' title='bbox 993 2331 1150 2363; x_wconf 88' lang='lat' dir='ltr'><strong><em>conditae</em></strong></span> <span class='ocrx_word' id='word_1_413' title='bbox 1168 2331 1293 2364; x_wconf 88' lang='lat' dir='ltr'><strong><em>nullam</em></strong></span> <span class='ocrx_word' id='word_1_414' title='bbox 1303 2331 1405 2364; x_wconf 84' lang='lat' dir='ltr'><strong><em>faciat</em></strong></span> <span class='ocrx_word' id='word_1_415' title='bbox 1421 2330 1638 2373; x_wconf 72' lang='lat' dir='ltr'><strong><em>mentionem,</em></strong></span> <span class='ocrx_word' id='word_1_416' title='bbox 1661 2329 1699 2362; x_wconf 82' lang='lat' dir='ltr'><strong><em>id</em></strong></span> 
     </span>
     <span class='ocr_line' id='line_1_78' title="bbox 218 2376 1697 2420; baseline 0.001 -12"><span class='ocrx_word' id='word_1_417' title='bbox 218 2376 370 2409; x_wconf 89' lang='lat' dir='ltr'><strong><em>Lehnert</em></strong></span> <span class='ocrx_word' id='word_1_418' title='bbox 391 2377 440 2408; x_wconf 85' lang='lat' dir='ltr'><strong><em>De</em></strong></span> <span class='ocrx_word' id='word_1_419' title='bbox 457 2376 550 2410; x_wconf 83' lang='lat' dir='ltr'><strong><em>soed.</em></strong></span> <span class='ocrx_word' id='word_1_420' title='bbox 569 2377 642 2409; x_wconf 90' lang='lat' dir='ltr'><strong><em>Ion.</em></strong></span> <span class='ocrx_word' id='word_1_421' title='bbox 661 2389 696 2420; x_wconf 90' lang='lat' dir='ltr'><strong><em>p.</em></strong></span> <span class='ocrx_word' id='word_1_422' title='bbox 713 2376 759 2410; x_wconf 82' lang='lat'><strong><em>53</em></strong></span> <span class='ocrx_word' id='word_1_423' title='bbox 779 2388 851 2420; x_wconf 88' lang='lat' dir='ltr'><strong><em>seq.</em></strong></span> <span class='ocrx_word' id='word_1_424' title='bbox 871 2388 911 2408; x_wconf 85' lang='lat' dir='ltr'><strong><em>ex</em></strong></span> <span class='ocrx_word' id='word_1_425' title='bbox 928 2376 1046 2409; x_wconf 87' lang='lat' dir='ltr'><strong><em>humili</em></strong></span> <span class='ocrx_word' id='word_1_426' title='bbox 1061 2376 1154 2409; x_wconf 87' lang='lat' dir='ltr'><strong><em>urbis</em></strong></span> <span class='ocrx_word' id='word_1_427' title='bbox 1181 2384 1284 2418; x_wconf 79' lang='lat' dir='ltr'><strong><em>statu,</em></strong></span> <span class='ocrx_word' id='word_1_428' title='bbox 1310 2377 1366 2420; x_wconf 89' lang='lat' dir='ltr'><strong><em>qui</em></strong></span> <span class='ocrx_word' id='word_1_429' title='bbox 1389 2377 1493 2409; x_wconf 83' lang='lat' dir='ltr'><strong><em>fuerit</em></strong></span> <span class='ocrx_word' id='word_1_430' title='bbox 1510 2376 1588 2420; x_wconf 85' lang='lat' dir='ltr'><strong><em>Cyri</em></strong></span> <span class='ocrx_word' id='word_1_431' title='bbox 1606 2383 1697 2410; x_wconf 89' lang='lat' dir='ltr'><strong><em>tem-</em></strong></span> 
     </span>
     <span class='ocr_line' id='line_1_79' title="bbox 220 2422 1697 2466; baseline 0 -12"><span class='ocrx_word' id='word_1_432' title='bbox 220 2432 306 2464; x_wconf 82' lang='lat' dir='ltr'><strong><em>pore</em></strong></span> <span class='ocrx_word' id='word_1_433' title='bbox 331 2422 586 2466; x_wconf 63' lang='lat' dir='ltr'><strong><em>miserrimaque</em></strong></span> <span class='ocrx_word' id='word_1_434' title='bbox 606 2422 677 2455; x_wconf 84' lang='lat' dir='ltr'><strong><em>eius</em></strong></span> <span class='ocrx_word' id='word_1_435' title='bbox 695 2422 893 2455; x_wconf 84' lang='lat' dir='ltr'><strong><em>conditione</em></strong></span> <span class='ocrx_word' id='word_1_436' title='bbox 913 2422 974 2454; x_wconf 92' lang='lat' dir='ltr'><strong><em>illo</em></strong></span> <span class='ocrx_word' id='word_1_437' title='bbox 993 2429 1149 2466; x_wconf 89' lang='lat' dir='ltr'><strong><em>tempore</em></strong></span> <span class='ocrx_word' id='word_1_438' title='bbox 1175 2423 1277 2456; x_wconf 82' lang='lat' dir='ltr'><strong><em>arctis</em></strong></span> <span class='ocrx_word' id='word_1_439' title='bbox 1300 2422 1423 2456; x_wconf 87' lang='lat' dir='ltr'><strong><em>finibus</em></strong></span> <span class='ocrx_word' id='word_1_440' title='bbox 1444 2423 1622 2455; x_wconf 85' lang='lat' dir='ltr'><strong><em>conclusae</em></strong></span> <span class='ocrx_word' id='word_1_441' title='bbox 1635 2433 1697 2454; x_wconf 86' lang='lat' dir='ltr'><strong><em>ex-</em></strong></span> 
     </span>
    </p>
   </div>
   <div class='ocr_carea' id='block_1_11' title="bbox 219 2467 608 2512">
    <p class='ocr_par' dir='ltr' id='par_1_19' title="bbox 219 2467 608 2512">
     <span class='ocr_line' id='line_1_80' title="bbox 219 2467 608 2512; baseline 0.005 -14"><span class='ocrx_word' id='word_1_442' title='bbox 219 2467 340 2510; x_wconf 87' lang='lat' dir='ltr'><strong><em>plicari</em></strong></span> <span class='ocrx_word' id='word_1_443' title='bbox 359 2479 461 2512; x_wconf 81' lang='lat' dir='ltr'><strong><em>posse</em></strong></span> <span class='ocrx_word' id='word_1_444' title='bbox 480 2474 608 2501; x_wconf 86' lang='lat' dir='ltr'><strong><em>censet.</em></strong></span> 
     </span>
    </p>
   </div>
   <div class='ocr_carea' id='block_1_12' title="bbox 309 2523 1125 2568">
    <p class='ocr_par' dir='ltr' id='par_1_20' title="bbox 309 2523 1125 2568">
     <span class='ocr_line' id='line_1_81' title="bbox 309 2523 1125 2568; baseline -0.001 -10.938"><span class='ocrx_word' id='word_1_445' title='bbox 309 2524 482 2566; x_wconf 78' lang='grc' dir='ltr'><strong>“.)Α(1(Ι</strong></span> <span class='ocrx_word' id='word_1_446' title='bbox 505 2524 639 2561; x_wconf 81' lang='lat' dir='ltr'><strong><em>Annall.</em></strong></span> <span class='ocrx_word' id='word_1_447' title='bbox 659 2524 783 2560; x_wconf 83' lang='lat' dir='ltr'><strong><em>Vienn.</em></strong></span> <span class='ocrx_word' id='word_1_448' title='bbox 807 2525 915 2557; x_wconf 81' lang='lat' dir='ltr'>LVIII</span> <span class='ocrx_word' id='word_1_449' title='bbox 934 2535 968 2568; x_wconf 88' lang='lat' dir='ltr'><strong><em>p.</em></strong></span> <span class='ocrx_word' id='word_1_450' title='bbox 987 2523 1030 2558; x_wconf 86' lang='lat'><strong><em>45</em></strong></span> <span class='ocrx_word' id='word_1_451' title='bbox 1052 2535 1125 2568; x_wconf 86' lang='lat' dir='ltr'><strong><em>seq.</em></strong></span> 
     </span>
    </p>
   </div>
   <div class='ocr_carea' id='block_1_13' title="bbox 220 2578 1696 2763">
    <p class='ocr_par' dir='ltr' id='par_1_21' title="bbox 220 2578 1696 2763">
     <span class='ocr_line' id='line_1_82' title="bbox 310 2578 1694 2625; baseline -0.002 -13"><span class='ocrx_word' id='word_1_452' title='bbox 310 2580 352 2621; x_wconf 82' lang='lat'><strong><em>†)</em></strong></span> <span class='ocrx_word' id='word_1_453' title='bbox 377 2581 463 2614; x_wconf 81' lang='lat' dir='ltr'><strong><em>Add.</em></strong></span> <span class='ocrx_word' id='word_1_454' title='bbox 486 2581 613 2623; x_wconf 79' lang='lat' dir='ltr'><strong><em>Hitzig.</em></strong></span> <span class='ocrx_word' id='word_1_455' title='bbox 645 2581 680 2614; x_wconf 87' lang='lat' dir='ltr'><strong><em>in</em></strong></span> <span class='ocrx_word' id='word_1_456' title='bbox 706 2583 947 2616; x_wconf 84' lang='lat' dir='ltr'><strong><em>Commentarr.</em></strong></span> <span class='ocrx_word' id='word_1_457' title='bbox 978 2582 1022 2613; x_wconf 91' lang='lat' dir='ltr'><strong><em>ad</em></strong></span> <span class='ocrx_word' id='word_1_458' title='bbox 1041 2582 1180 2614; x_wconf 79' lang='lat' dir='ltr'><strong><em>[esaiam</em></strong></span> <span class='ocrx_word' id='word_1_459' title='bbox 1199 2593 1234 2625; x_wconf 90' lang='lat' dir='ltr'><strong><em>p.</em></strong></span> <span class='ocrx_word' id='word_1_460' title='bbox 1253 2580 1330 2622; x_wconf 74' lang='lat'><strong><em>294,</em></strong></span> <span class='ocrx_word' id='word_1_461' title='bbox 1354 2580 1411 2613; x_wconf 91' lang='lat' dir='ltr'><strong><em>ubi</em></strong></span> <span class='ocrx_word' id='word_1_462' title='bbox 1435 2580 1470 2613; x_wconf 90' lang='lat' dir='ltr'><strong><em>in</em></strong></span> <span class='ocrx_word' id='word_1_463' title='bbox 1494 2578 1694 2611; x_wconf 78' lang='lat' dir='ltr'><strong><em>Herodoteo</em></strong></span> 
     </span>
     <span class='ocr_line' id='line_1_83' title="bbox 220 2619 1695 2678; baseline -0.001 -20"><span class='ocrx_word' id='word_1_464' title='bbox 220 2625 298 2658; x_wconf 87' lang='lat' dir='ltr'><strong><em>Ioco</em></strong></span> <span class='ocrx_word' id='word_1_465' title='bbox 319 2626 405 2657; x_wconf 83' lang='lat' dir='ltr'><strong><em>hanc</em></strong></span> <span class='ocrx_word' id='word_1_466' title='bbox 422 2627 585 2678; x_wconf 84' lang='lat' dir='ltr'><strong><em>proponit</em></strong></span> <span class='ocrx_word' id='word_1_467' title='bbox 599 2627 798 2660; x_wconf 86' lang='lat' dir='ltr'><strong><em>lectionem:</em></strong></span> <span class='ocrx_word' id='word_1_468' title='bbox 824 2625 879 2661; x_wconf 80' lang='grc' dir='ltr'><strong><em>ἐπ’</em></strong></span> <span class='ocrx_word' id='word_1_469' title='bbox 900 2625 982 2660; x_wconf 71' lang='grc' dir='ltr'><strong><em>ἔτεα</em></strong></span> <span class='ocrx_word' id='word_1_470' title='bbox 1002 2624 1133 2660; x_wconf 74' lang='grc' dir='ltr'><strong>ἑκατὸν</strong></span> <span class='ocrx_word' id='word_1_471' title='bbox 1159 2627 1260 2660; x_wconf 76' lang='grc' dir='ltr'>δυῶν</span> <span class='ocrx_word' id='word_1_472' title='bbox 1282 2625 1415 2660; x_wconf 81' lang='grc' dir='ltr'><em>δέοντα</em></span> <span class='ocrx_word' id='word_1_473' title='bbox 1429 2619 1582 2668; x_wconf 74' lang='grc' dir='ltr'><strong><em>παρὲξ</em></strong></span> <span class='ocrx_word' id='word_1_474' title='bbox 1560 2635 1593 2675; x_wconf 43' lang='grc' dir='ltr'><strong><em>η.</em></strong></span> <span class='ocrx_word' id='word_1_475' title='bbox 1605 2619 1695 2657; x_wconf 79' lang='grc' dir='ltr'>ὅσον</span> 
     </span>
     <span class='ocr_line' id='line_1_84' title="bbox 222 2664 1696 2716; baseline -0.002 -12"><span class='ocrx_word' id='word_1_476' title='bbox 222 2670 259 2704; x_wconf 80' lang='grc' dir='ltr'><strong><em>οἱ</em></strong></span> <span class='ocrx_word' id='word_1_477' title='bbox 279 2664 467 2703; x_wconf 82' lang='grc' dir='ltr'><strong><em>Σκύθαι</em></strong></span> <span class='ocrx_word' id='word_1_478' title='bbox 443 2683 566 2713; x_wconf 81' lang='grc' dir='ltr'><strong>ηρχον,</strong></span> <span class='ocrx_word' id='word_1_479' title='bbox 588 2685 786 2716; x_wconf 79' lang='grc' dir='ltr'><strong>τριηκοντα</strong></span> <span class='ocrx_word' id='word_1_480' title='bbox 804 2673 904 2707; x_wconf 80' lang='grc' dir='ltr'><em>δυῶν</em></span> <span class='ocrx_word' id='word_1_481' title='bbox 924 2671 1069 2713; x_wconf 76' lang='grc' dir='ltr'><strong>δέοντα,</strong></span> <span class='ocrx_word' id='word_1_482' title='bbox 1094 2672 1157 2704; x_wconf 86' lang='lat' dir='ltr'><strong><em>nisi</em></strong></span> <span class='ocrx_word' id='word_1_483' title='bbox 1176 2673 1304 2705; x_wconf 82' lang='lat' dir='ltr'><strong><em>calamo</em></strong></span> <span class='ocrx_word' id='word_1_484' title='bbox 1324 2672 1455 2715; x_wconf 52' lang='lat' dir='ltr'><strong><em>lapsum</em></strong></span> <span class='ocrx_word' id='word_1_485' title='bbox 1483 2681 1557 2703; x_wconf 71' lang='lat' dir='ltr'><strong><em>ease</em></strong></span> <span class='ocrx_word' id='word_1_486' title='bbox 1584 2670 1696 2712; x_wconf 83' lang='lat' dir='ltr'><strong><em>ipsum</em></strong></span> 
     </span>
     <span class='ocr_line' id='line_1_85' title="bbox 221 2697 1401 2763; baseline 0 -13"><span class='ocrx_word' id='word_1_487' title='bbox 221 2716 435 2750; x_wconf 78' lang='lat' dir='ltr'><strong><em>Herodotum</em></strong></span> <span class='ocrx_word' id='word_1_488' title='bbox 454 2717 571 2748; x_wconf 79' lang='lat' dir='ltr'><strong><em>credas</em></strong></span> <span class='ocrx_word' id='word_1_489' title='bbox 592 2719 740 2763; x_wconf 83' lang='lat' dir='ltr'><strong><em>indeque</em></strong></span> <span class='ocrx_word' id='word_1_490' title='bbox 760 2719 940 2763; x_wconf 84' lang='lat' dir='ltr'><strong><em>legendum</em></strong></span> <span class='ocrx_word' id='word_1_491' title='bbox 961 2714 1014 2750; x_wconf 76' lang='grc' dir='ltr'><strong><em>ἐπ’</em></strong></span> <span class='ocrx_word' id='word_1_492' title='bbox 1037 2697 1118 2752; x_wconf 66' lang='grc' dir='ltr'><em>ἔπ’ῑεα</em></span> <span class='ocrx_word' id='word_1_493' title='bbox 1142 2717 1256 2752; x_wconf 78' lang='grc' dir='ltr'><em>εἴκοσι</em></span> <span class='ocrx_word' id='word_1_494' title='bbox 1273 2729 1304 2751; x_wconf 82' lang='grc' dir='ltr'><strong><em>κ.</em></strong></span> <span class='ocrx_word' id='word_1_495' title='bbox 1324 2729 1356 2751; x_wconf 86' lang='grc' dir='ltr'><strong><em>τ.</em></strong></span> <span class='ocrx_word' id='word_1_496' title='bbox 1370 2718 1401 2750; x_wconf 78' lang='grc' dir='ltr'><strong><em>λ.</em></strong></span> 
     </span>
    </p>
   </div>
   <div class='ocr_carea' id='block_1_14' title="bbox 311 2771 1374 2819">
    <p class='ocr_par' dir='ltr' id='par_1_22' title="bbox 311 2771 1374 2819">
     <span class='ocr_line' id='line_1_86' title="bbox 311 2771 1374 2819; baseline 0.003 -16"><span class='ocrx_word' id='word_1_497' title='bbox 311 2771 378 2816; x_wconf 83' lang='lat'><strong><em>††)</em></strong></span> <span class='ocrx_word' id='word_1_498' title='bbox 402 2771 452 2806; x_wconf 81' lang='lat' dir='ltr'><strong><em>cf.</em></strong></span> <span class='ocrx_word' id='word_1_499' title='bbox 474 2771 623 2815; x_wconf 82' lang='lat' dir='ltr'><strong><em>Kruger.</em></strong></span> <span class='ocrx_word' id='word_1_500' title='bbox 644 2772 678 2806; x_wconf 89' lang='lat' dir='ltr'><strong><em>in</em></strong></span> <span class='ocrx_word' id='word_1_501' title='bbox 698 2775 780 2810; x_wconf 84' lang='lat' dir='ltr'><strong><em>vita</em></strong></span> <span class='ocrx_word' id='word_1_502' title='bbox 806 2774 1000 2819; x_wconf 87' lang='lat' dir='ltr'><strong><em>Thucydid.</em></strong></span> <span class='ocrx_word' id='word_1_503' title='bbox 1024 2787 1059 2819; x_wconf 88' lang='lat' dir='ltr'><strong><em>p.</em></strong></span> <span class='ocrx_word' id='word_1_504' title='bbox 1086 2775 1130 2809; x_wconf 68' lang='lat'><strong><em>26</em></strong></span> <span class='ocrx_word' id='word_1_505' title='bbox 1148 2786 1220 2819; x_wconf 82' lang='lat' dir='ltr'><strong><em>seq.</em></strong></span> <span class='ocrx_word' id='word_1_506' title='bbox 1240 2773 1284 2807; x_wconf 75' lang='lat'><strong><em>29</em></strong></span> <span class='ocrx_word' id='word_1_507' title='bbox 1301 2782 1374 2815; x_wconf 81' lang='lat' dir='ltr'><strong><em>seq.</em></strong></span> 
     </span>
    </p>
   </div>
   <div class='ocr_carea' id='block_1_15' title="bbox 1842 0 1879 1781">
    <p class='ocr_par' dir='ltr' id='par_1_23' title="bbox 1842 0 1879 1781">
     <span class='ocr_line' id='line_1_87' title="bbox 1842 0 1879 1781; baseline 0 0"><span class='ocrx_word' id='word_1_508' title='bbox 1842 0 1879 1781; x_wconf 95' lang='lat' dir='ltr'><strong><em> </em></strong></span> 
     </span>
    </p>
   </div>
  </div>
 </body>
</html>
