1996 3238
642 208 969 245 URANIA
1028 208 1155 245 VIII.

1473 206 1527 246 61

239 320 358 365 3οἷπὸ
376 318 600 374 Ἀθηνέων.
633 314 792 367 Νάξιοι
823 315 868 358 δὲ
889 317 1145 371 παρείχοντο
1164 314 1386 370 τέσσερας·
1418 313 1527 359 ἀπο-

266 387 534 445 πεμφθέντες
571 388 646 441 μὲν
690 384 732 435 ἐς
769 383 873 435 τούς
921 383 1109 438 Μήδους
1152 384 1239 427 ὑπὸ
1270 389 1357 428 τῶν
1378 389 1525 440 πολιη-

267 458 386 509 τέων,
415 453 605 507 κατάπερ
635 447 765 496 ὧλλοι
785 456 1011 509 νησιῶται·
1045 450 1334 507 ἀλογήσαντες
1365 453 1409 497 δὲ
1438 456 1582 496 τῶν95

265 524 497 574 ἐντολέων,
543 520 726 565 ἀπίκατο
772 520 814 572 ἐς
851 519 1205 575 τούς”Ελληνας,
1245 522 1526 576 Δημοκρίτου

265 591 553 642 σπεύσαντος,
585 589 747 642 ἀνδρὸς
784 593 872 632 τῶν
905 587 1050 632 ἀστῶν
1081 590 1288 643 δοκίμου,
1328 590 1401 632 καὶ
1431 588 1526 632 τότε

233 660 635 716 4τριηραρχέοντος.
654 657 826 711 »Νάξιοι
844 656 887 701 δέ
918 657 998 700 εἰσι
1017 655 1176 708 Ἴωνες,
1206 653 1278 698 ἄπ’
1304 655 1524 713 Ἀθηνέων
1583 665 1664 709 640

209 833 301 871 olim
339 835 444 884 vulg.
474 829 711 883 Ἀθηναίων
749 832 869 869 Wes-

207 891 340 940 seling.
366 898 402 928 et
423 890 461 931 11,
484 891 508 926 l.
532 897 567 926 et
589 902 670 939 cap.
692 891 745 930 48
767 896 867 924 recte

208 946 314 983 dedit
361 943 586 996 Ἀθηνέων,
642 958 866 996 comparans

206 1004 306 1050 VIII,
329 1002 394 1051 45,
418 1004 483 1040 ubi
505 999 584 1042 ἅπὸ
596 1003 807 1054 Κορίνθου
830 1009 866 1039 et

206 1061 306 1106 VIII,
333 1060 399 1108 46,
423 1061 486 1096 ubi
508 1055 574 1098 (ἐπ’
599 1054 865 1111 Ἐπιδαύρου.

205 1116 268 1154 Ad
285 1130 420 1154 vocem
444 1119 556 1155 Κεῖοι
577 1116 677 1153 conf.
699 1123 795 1156 nott.
817 1115 866 1152 ad

205 1175 306 1220 VIII,
340 1176 377 1213 1.
434 1175 605 1210 1011103111
634 1174 756 1223 gentis
791 1174 858 1209 ori-

205 1231 349 1282 ginem,
374 1244 491 1283 quam
520 1238 668 1281 praeter
689 1229 865 1266 Herodo-

205 1295 290 1324 tum
322 1289 437 1324 etiam
465 1295 621 1324 testatur
655 1286 783 1324 Schol.
817 1286 865 1323 ad

204 1346 363 1396 Dionys.
392 1346 544 1395 Perieg.
580 1345 673 1390 526,
705 1357 748 1380 eo
766 1344 866 1379 refe-

204 1409 305 1448 runt,
318 1401 420 1453 quod
437 1403 593 1438 omnino
611 1400 865 1451 Cycladarum

204 1460 417 1495 insularum
456 1459 603 1495 incolae
643 1458 689 1494 ab
725 1459 863 1494 Ionicis

204 1516 339 1552 Atticis
359 1522 594 1566 repetuntur,
615 1521 708 1550 teste
729 1515 861 1564 Eurip-

203 1574 286 1608 Ion.
311 1572 412 1612 1581
437 1585 515 1622 seq.
539 1570 758 1622 Thucydid.
781 1572 861 1619 Vll,

204 1629 272 1670 57.
330 1630 551 1665 Accuratius
594 1629 633 1663 in
670 1626 764 1664 haec
802 1629 862 1663 in-

205 1686 357 1737 quisivit
389 1684 638 1722 Broendsted.
673 1687 773 1721 Reis.
820 1687 861 1721 in

204 1741 357 1779 Griech.
378 1744 395 1778 I
424 1755 510 1793 pag.
533 1743 586 1783 55
619 1742 703 1780 coll.
725 1756 763 1792 p.
794 1744 862 1782 72.

206 1801 279 1845 Qui
301 1813 356 1848 ea,
380 1812 476 1851 quae
499 1799 545 1836 de
574 1801 700 1836 Ionica
724 1799 863 1850 Cycla-

205 1856 340 1893 darum
362 1858 506 1906 origine
526 1857 778 1907 institutisque
799 1857 863 1892 Io-

203 1914 297 1949 nicis
326 1913 460 1950 tradita
482 1920 650 1960 exstant,
687 1926 766 1949 non
815 1912 863 1950 ad

206 1970 312 2005 illam
378 1972 516 2006 Ionum
582 1972 863 2020 migrationem,

207 2038 306 2077 quae
334 2026 537 2063 undecimo
569 2034 655 2063 ante
695 2026 784 2063 Chr.
822 2041 861 2065 n.

208 2082 343 2119 accidit
376 2084 515 2130 seculo,
556 2083 621 2119 sed
660 2082 707 2119 ad
749 2084 862 2119 aliam

207 2139 402 2190 quandam
440 2141 727 2189 migrationem,
764 2153 862 2189 quae

205 2197 322 2232 serius
342 2194 500 2232 Athenis
522 2197 619 2232 facta
640 2198 703 2243 sit,
733 2197 863 2232 referri

205 2253 310 2299 vult3
331 2251 434 2289 unde
456 2252 735 2303 explicandum,
759 2252 861 2304 quod

205 2310 246 2345 in
276 2310 346 2346 illis
378 2310 518 2356 insulis,
550 2322 623 2361 qua
654 2323 723 2346 nos
754 2311 862 2361 novi-

206 2379 292 2402 mus
313 2373 446 2411 aetate,
465 2367 507 2402 eit
527 2368 664 2402 Ionum
685 2367 862 2403 obtinue—

206 2424 281 2459 rint
314 2424 503 2470 instituta,
533 2436 630 2474 quae
663 2424 709 2459 ab
730 2424 863 2461 Atticis

207 2480 324 2530 vulgo
362 2481 480 2530 repeti
507 2481 654 2527 solent,
699 2482 765 2517 etsi
786 2493 861 2532 quo

207 2542 380 2587 tempore
416 2538 544 2573 locum
574 2535 747 2573 habuerit
768 2536 862 2574 haec

207 2595 395 2642 migratio,
434 2595 474 2629 111
503 2595 671 2630 maxima
691 2595 862 2631 testimo-

208 2651 360 2687 niorum
400 2651 528 2702 inopia
573 2650 729 2687 definire
757 2649 860 2688 haud

207 2707 306 2744 licet.
363 2708 460 2744 Hinc
483 2721 636 2760 quoque
666 2707 861 2758 explican-

209 2762 257 2801 da
268 2777 457 2817 sacrorum
467 2766 529 2802 illa
547 2766 722 2815 coguatio
740 2778 859 2816 quae-

209 2818 309 2870 dam,
324 2822 371 2859 ab
382 2823 508 2859 Attica
527 2829 564 2860 et
583 2821 739 2875 quidem
749 2821 859 2861 valde

923 829 1045 882 prisco
1075 832 1121 869 ab
1148 844 1241 869 aevo
1274 830 1494 882 repetenda,
1534 830 1582 868 de

925 901 999 939 qua
1028 891 1177 926 monuit
1201 890 1406 925 Creuzerus
1436 889 1475 924 in
1497 888 1583 924 An-

923 945 1012 982 nall.
1029 947 1251 985 Viennenss.
1272 947 1375 983 LVII
1394 959 1432 995 p.
1454 947 1516 984 18.

981 999 1126 1050 Νάξιοι
1159 1001 1229 1052 δὲ]
1261 1005 1317 1039 De
1348 1000 1482 1039 Naxiis
1503 1000 1580 1039 vid.

922 1059 1065 1097 Herod.
1087 1061 1131 1108 V,
1155 1063 1221 1101 31.
1255 1061 1317 1108 VI,
1349 1061 1415 1100 96.
1476 1060 1581 1104 Quae

921 1124 1143 1167 sequuntur,
1172 1118 1375 1154 insectatur
1407 1115 1582 1153 Pseudo-

921 1175 1022 1212 Plut.
1045 1176 1080 1210 II
1108 1189 1144 1225 p.
1167 1176 1247 1215 869
1268 1176 1314 1212 Α.
1330 1174 1372 1212 C.
1394 1175 1580 1211 malitiose

922 1244 1035 1281 agere
1063 1230 1298 1268 contendens
1327 1229 1579 1280 Herodotum,

921 1290 1009 1325 talia
1049 1288 1096 1325 de
1127 1290 1337 1325 Naxiorum
1369 1287 1581 1325 defectione

922 1345 1162 1391 referentem,
1186 1358 1305 1396 quum
1336 1345 1464 1392 Naxii,
1486 1352 1582 1382 teste

921 1403 1193 1450 Heraclito,sex
1203 1401 1584 1453 navibus,aut,Epho-

921 1472 963 1495 ro
978 1461 1205 1510 teste,quinq
1213 1472 1259 1495 ue
1272 1460 1431 1496 navibus
1443 1466 1579 1510 sponte

922 1517 1075 1552 Graecis
1097 1516 1239 1552 auxilio
1261 1518 1444 1555 venerint.
1468 1517 1580 1556 Conf.

919 1571 1063 1623 Ephori
1083 1573 1261 1623 fragmm.
1282 1587 1320 1623 p.
1341 1576 1436 1614 222.
1456 1575 1581 1612 Marx.

918 1629 1152 1666 Dahhnann.
1189 1629 1332 1666 Herod.
1367 1643 1453 1681 pag.
1485 1633 1580 1672 132.

919 1711 969 1715 -
992 1689 1035 1722 In
1057 1700 1162 1739 seqq.
1184 1689 1373 1736 νησιῶται
1401 1687 1580 1725 dicuntur

932 1744 1171 1794 Cycladarum
1200 1745 1397 1782 insularum
1425 1746 1579 1794 incolae,-

916 1809 959 1839 ut
979 1802 1113 1838 monui
1135 1800 1182 1838 ad
1203 1802 1247 1849 V,
1269 1803 1335 1841 30.

975 1859 1230 1909 Δημοκρίτου
1253 1856 1518 1908 σπεύσαντος]
1551 1861 1577 1898 1.

922 1929 955 1951 e.
982 1918 1161 1963 instante,
1201 1919 1348 1964 urgente
1371 1916 1577 1965 Democrito,

919 1972 967 2008 acl
985 1972 1207 2022 defectionem
1221 1973 1442 2011 adhortante.
1464 1974 1576 2012 Conf.

918 2031 948 2075 Ι,
991 2030 1054 2068 74.
1087 2032 1182 2069 206.
1240 2031 1374 2066 Exstat
1401 2031 1439 2066 in
1472 2029 1576 2068 hunc

918 2086 1180 2122 Democritum
1203 2088 1437 2136 epigramma
1449 2088 1575 2124 Simo-

919 2142 1015 2177 nidis
1038 2140 1138 2190 apud
1167 2141 1358 2178 Plutarch.
1380 2144 1416 2178 11
1436 2157 1470 2193 p.
1494 2145 1575 2185 869

919 2199 946 2234 C
969 2199 1054 2234 coll.
1084 2197 1254 2234 Brunck.
1281 2199 1470 2239 Analectt.
1498 2201 1516 2235 I
1536 2213 1574 2251 p.

921 2258 997 2294 133
1033 2256 1106 2303 [nr.
1140 2258 1206 2295 32.
1228 2256 1278 2292 T.
1310 2257 1336 2291 I.
1357 2270 1393 2306 p.
1416 2255 1469 2296 65
1490 2258 1576 2292 An-

917 2310 1062 2361 tholog.
1099 2310 1156 2348 ed.
1197 2312 1360 2360 IacobS.]
1407 2312 1467 2348 Ad
1487 2327 1576 2350 ver-

916 2369 1011 2405 bum
1057 2372 1304 2419 τριηραρχεῖν
1341 2369 1506 2416 (triremis
1541 2383 1572 2408 s,

916 2428 1015 2462 navis
1034 2425 1253 2475 praefectum
1276 2428 1363 2476 esse)
1394 2426 1469 2466 vid.
1492 2428 1573 2476 VII,

920 2484 991 2522 181.
1019 2483 1103 2520 coll.
1123 2483 1218 2529 VIII,
1241 2484 1306 2523 93.

975 2535 1120 2585 Νάξιοι
1159 2539 1202 2577 δέ
1237 2539 1313 2578 εἰσι
1341 2536 1474 2586 Ἴωνες
1507 2535 1573 2579 (ἔπ’

914 2590 1125 2646 Ἀθηνέων
1162 2592 1383 2648 γεγονότες]
1427 2597 1572 2634 Referri

914 2651 990 2689 huc
1019 2653 1214 2698 volumus,
1266 2666 1364 2705 quae
1386 2653 1502 2690 modo
1524 2653 1572 2691 de

917 2710 999 2746 Ceis
1015 2723 1035 2745 e
1052 2710 1298 2749 Broendsted.
1315 2710 1570 2762 disputatione

913 2767 1117 2804 attulimus.
1177 2769 1286 2819 Cepit
1321 2771 1473 2805 Naxum
1503 2770 1572 2805 Pi-

912 2824 1090 2874 sistratus,
1117 2831 1210 2863 teste
1236 2825 1431 2864 Herodoto
1452 2827 1481 2875 I,
1503 2824 1570 2874 64,
