1847 3272
429 209 454 247 2
820 207 1275 246 HERODOTI

397 314 729 370 Ξσυνεπλήρουν
749 319 858 358 τοῖσι
876 314 1140 371 Ἀθηναίοισι
1172 315 1247 367 τὰς
1266 317 1376 367 νέοις.

1435 317 1668 370 Κορίνθιοι

426 383 471 426 δὲ
483 380 793 436 τεσσεράκοντα
807 382 906 434 νέας
916 385 1170 439 παρείχοντο
1185 397 1194 407 ·
1211 382 1431 439 Μεγαρέες
1443 384 1499 435 δὲ,
1512 385 1665 427 εἴκοσι·
1683 392 1724 424 10

370 543 435 580 das
465 544 599 591 viginti
626 539 929 579 Chalcidensium
949 556 1019 579 na-

370 613 450 647 ves,
489 599 715 636 ducentarum
752 597 915 648 prodibit
944 613 1020 636 nu-

368 668 504 703 meruS,
536 667 651 706 quem
678 653 843 691 eundem
856 655 1019 719 proferri

367 713 577 748 invenimus
597 712 694 756 vm,
715 713 763 769 (ii
784 710 850 748 fin.
886 713 1018 763 Itaque

367 771 594 805 trecentarum
608 768 761 803 navium
776 768 805 804 si
822 768 944 805 classis
958 776 1019 804 to—

364 831 403 861 ta
424 831 513 871 erat,
530 831 570 860 nt
586 824 686 859 canit
698 822 906 874 Aeschylus
915 826 1019 861 Pers.

367 882 460 928 339,
492 878 586 928 (345
606 877 764 930 Bloms.)
799 879 890 917 duas
917 887 1018 917 certe

367 943 489 987 partes
517 934 766 972 Athenienses
804 937 873 973 soli
906 950 1017 987 prae-

367 993 491 1029 buisse
524 991 682 1042 putandi
710 998 809 1030 sunt.
857 994 903 1029 In
930 994 1018 1029 uni-

366 1061 517 1086 versnm
532 1050 687 1086 navium
701 1049 942 1085 multitudine
957 1063 1018 1085 re-

365 1105 476 1157 liquis
504 1106 741 1142 antecessisse
769 1104 1017 1143 Athenienses

363 1162 490 1198 scribit
509 1159 701 1198 Plutarch.
722 1159 970 1208 Themistocl.
991 1165 1017 1202 7

363 1218 505 1268 p.115.
526 1219 591 1254 Tu
611 1218 712 1258 conf,
729 1230 881 1270 quoqne
896 1217 1018 1255 Dabl-

363 1287 493 1310 mann.
514 1273 699 1311 Herodot.
720 1287 806 1324 pag.
829 1276 923 1314 219.

420 1326 692 1381 συνεπλήρουν
707 1333 809 1369 τοῖσι,
827 1327 1014 1381 Ἀθηναί-

364 1397 442 1426 οισι
469 1383 538 1432 τοὶς
569 1385 679 1433 νέας]
718 1386 745 1422 i.
775 1399 810 1423 e.
836 1399 908 1423 una
939 1399 1016 1424 cum

362 1443 626 1480 Atheniensibus
645 1454 748 1478 naves
767 1442 937 1479 militibus
959 1444 1015 1478 in-

361 1501 575 1536 struxerunt.
628 1500 803 1549 Namque
833 1500 1013 1550 πληροῦν

363 1561 400 1592 et
421 1549 627 1606 πλήρωμα,
659 1566 756 1606 quae
783 1555 898 1591 verba
928 1567 1012 1591 sae—

361 1612 444 1662 pius
457 1609 613 1663 quidem
627 1609 672 1646 de
680 1613 800 1648 nautis
812 1623 855 1647 ac
867 1612 1011 1659 remigi-

360 1668 422 1704 bus
455 1666 537 1719 (qui
557 1667 670 1716 igitur
690 1667 752 1703 alii
781 1673 868 1704 sunt
897 1673 1011 1719 atque

361 1723 403 1762 οἱ
422 1718 603 1774 ἐπιβάται
625 1727 914 1774 propugnatores,
940 1725 1011 1761 mi·-

360 1779 438 1816 lz'tes
466 1780 665 1827 classiarii,
702 1786 745 1816 ut
770 1779 933 1817 vidimus
963 1778 1011 1816 ad

358 1836 517 1885 vVILOG)
534 1836 806 1886 intelliguntur,
825 1834 872 1872 ad
887 1842 1012 1873 utros-

360 1905 434 1943 que
464 1893 578 1928 etiam
604 1891 763 1929 subinde
791 1892 920 1928 referri
947 1904 1011 1928 so-

354 1948 448 1996 lent,
476 1948 527 1985 ita
554 1954 597 1984 ut
619 1946 659 1985 h.
679 1949 704 1987 l.
735 1943 1011 1999 συνεπλήρουν

359 2003 406 2040 de
444 2005 786 2054 propugnatoribus
815 2017 935 2056 aeque
967 2017 1010 2041 ac

358 2058 405 2096 de
471 2061 675 2110 remigibus
745 2060 1009 2104 intellexerim,

359 2114 685 2167 quemadmodum
725 2116 822 2164 VIII,
851 2115 918 2155 43.
955 2115 1008 2156 45

357 2168 553 2223 πλήρωμα
573 2169 620 2207 de
646 2169 733 2220 ipsis
754 2169 912 2206 navibus
931 2169 1009 2205 unii

357 2240 447 2263 cum
466 2225 694 2273 hominibus,
716 2226 850 2277 quibus
869 2226 1009 2262 instru-

358 2284 439 2320 ctae
475 2289 572 2320 sunt.
639 2282 696 2319 Cf.
726 2282 855 2319 Lexic.
888 2282 1007 2332 Poly-

357 2340 458 2376 bian.
492 2352 521 2377 s.
538 2352 577 2378 v.
611 2337 716 2389 [pag.
742 2337 866 2386 482]‚
903 2335 1006 2389 qnod

355 2394 484 2433 laudat
504 2393 886 2444 Schweighaeuserus
905 2400 1006 2430 recte

355 2464 528 2500 monens,
548 2452 797 2498 Plataeenses,
819 2450 906 2487 licet
924 2462 1006 2486 ma-

357 2508 389 2543 ri
418 2507 562 2544 adsueti
591 2519 671 2544 non
700 2507 861 2553 fuerint,
902 2504 1006 2543 haud

356 2576 467 2614 aegre
485 2569 612 2600 tamen
636 2575 768 2600 eorum
791 2563 1006 2610 nonnullos,

357 2632 506 2672 quaque
525 2620 565 2654 in
584 2620 707 2656 Attica
730 2631 827 2656 nave
848 2619 1004 2668 remigi-

356 2677 425 2713 bns
445 2676 577 2712 Atticis
595 2676 754 2723 mixtos,
778 2674 910 2712 utilem
930 2673 1001 2711 hac

355 2733 467 2768 etlam
485 2732 524 2768 in
544 2738 649 2783 parte
660 2743 812 2781 operam
832 2737 1000 2781 praesta-

353 2801 393 2824 re
412 2789 586 2839 potuisse.
616 2789 829 2825 Memorant
847 2787 997 2824 Platae-

1077 555 1183 580 enses
1214 540 1506 579 Atheniensibus
1534 544 1573 579 in
1604 548 1725 580 certa-

1075 601 1178 635 mine
1208 600 1331 636 navali
1361 611 1473 649 opem
1497 605 1725 648 praestantes

1074 654 1348 693 Demosthenes
1378 669 1409 693 c.
1431 656 1564 692 Neaer.
1584 668 1620 705 p.
1643 655 1724 696 740
1777 683 1780 690 .

1077 712 1132 761 [p.
1156 715 1260 752 1377
1290 725 1396 763 seqq.
1419 711 1481 759 R.]
1516 718 1552 748 et
1580 712 1724 748 Pausa-

1075 769 1154 803 nias
1183 769 1257 814 lX,
1289 771 1307 807 1
1341 770 1377 814 §.
1401 769 1452 816 2,
1490 779 1584 818 quos
1616 766 1723 803 affert

1074 821 1319 861 Valckenaer.

1133 879 1347 930 Κορίνθιοι
1374 876 1416 917 δὲ
1443 874 1723 930 τεσσεράκοντα

1073 933 1166 981 νέας
1181 935 1432 985 παρείχοντο]
1460 936 1623 984 Intelligi
1633 933 1721 972 hinc

1073 998 1208 1042 potest,
1235 991 1435 1028 Corinthios
1455 992 1587 1027 ceteris
1607 991 1724 1028 Grae-

1058 1049 1138 1095 'cis,
1170 1049 1201 1084 si
1235 1048 1280 1084 ab
1311 1048 1395 1084 unis
1427 1045 1721 1084 Atheniensibus

1074 1103 1240 1141 discedas
1269 1104 1391 1140 subito
1421 1102 1469 1140 ad
1498 1109 1642 1140 tantam
1662 1117 1723 1140 re-

1073 1173 1159 1198 rum
1188 1161 1382 1196 navalium
1407 1160 1555 1210 copiam
1575 1161 1722 1208 evectis,

1073 1229 1162 1254 cum
1181 1217 1309 1267 paucis
1335 1222 1420 1252 ante
1441 1216 1548 1253 annis
1570 1216 1617 1253 ab
1636 1216 1723 1267 ipsis

1073 1271 1274 1310 Corinthiis
1294 1285 1407 1310 naves
1419 1273 1583 1309 mutuari
1603 1273 1723 1309 coacti
1753 1311 1762 1314 ,

1072 1336 1205 1375 essent,
1225 1333 1317 1366 teste
1347 1327 1540 1365 Herodoto
1575 1328 1636 1375 VI,
1666 1327 1720 1367 89

1071 1387 1156 1422 coll.
1184 1384 1454 1435 Thucydid-I,
1475 1382 1541 1431 41,
1561 1383 1719 1434 praesti-

1069 1443 1155 1478 tisse
1175 1455 1215 1477 re
1234 1441 1372 1478 navali.
1398 1438 1610 1477 Corinthios
1628 1451 1719 1490 pro-

1068 1498 1172 1534 xime
1189 1498 1382 1547 excipiant
1397 1497 1603 1545 Aeginetae,
1625 1507 1718 1547 quos

1067 1560 1215 1590 mature
1234 1554 1332 1590 inter
1351 1554 1513 1589 Graecos
1533 1565 1574 1588 re
1593 1551 1718 1589 navali

1068 1610 1270 1646 eminuisse
1299 1615 1455 1647 constat.
1492 1606 1718 1657 BIegarenses

1068 1673 1105 1702 et
1135 1664 1418 1713 Chalcidenses,
1444 1665 1578 1717 quibus
1597 1662 1719 1701 Athe-

1067 1723 1214 1759 nienses
1229 1735 1343 1760 naves
1357 1722 1576 1773 praebuere,
1596 1721 1661 1759 vix
1677 1720 1718 1756 in

1068 1792 1224 1816 censum
1264 1779 1394 1816 venire
1420 1783 1586 1828 possunt.
1634 1777 1718 1822 Quo

1067 1836 1187 1886 magis
1213 1835 1357 1872 mireris
1378 1834 1546 1882 Lacones,
1575 1833 1718 1883 priuci-

1067 1899 1199 1942 patum
1220 1892 1401 1928 Graeciae
1427 1897 1517 1927 ωηο
1538 1889 1717 1939 temporis

1068 1949 1291 1995 obtinentes,
1315 1946 1447 1984 decem
1466 1944 1582 1982 modo
1601 1956 1716 1982 naves

1067 2005 1325 2055 complevisse,
1353 2016 1396 2040 ac
1415 2001 1582 2039 sedecim
1605 2000 1717 2037 navi-

1066 2060 1134 2097 bus
1169 2059 1216 2097 ad
1257 2060 1492 2097 Salaminem
1529 2067 1716 2108 pugnasse

1066 2117 1180 2160 (VIII,
1211 2117 1292 2160 43).
1355 2114 1417 2148 Ad
1453 2117 1715 2162 paupertatem

1064 2170 1221 2207 civitatis
1247 2169 1467 2218 Spartanae,
1499 2167 1632 2217 opibus
1664 2165 1714 2204 ad

1061 2237 1175 2261 naves
1185 2222 1428 2261 exstruendas
1437 2223 1650 2260 necessariis
1659 2221 1723 2260 de-

1062 2281 1363 2328 stitutae,referas
1376 2281 1463 2317 licet
1471 2279 1712 2325 cumNG.We-

1061 2337 1140 2374 ber.
1180 2338 1252 2386 (De
1282 2335 1432 2388 Gytheo
1462 2342 1499 2373 et
1517 2334 1711 2372 Lacedae-

1060 2393 1278 2431 moniorum
1290 2393 1393 2429 rebb.
1405 2392 1540 2431 navall.
1553 2390 1710 2428 Heidel-

1060 2450 1165 2499 berg.
1190 2451 1293 2490 1833
1314 2461 1399 2500 pag.
1416 2446 1484 2494 48)
1504 2453 1569 2485 aut
1587 2448 1709 2498 potius

1061 2505 1109 2543 ad
1118 2507 1390 2556 Spartanorum
1398 2504 1605 2554 ingenium,
1615 2516 1708 2556 quos

1062 2574 1083 2598 a
1115 2562 1219 2598 bellis
1253 2561 1448 2598 maritimis
1498 2558 1709 2597 abhorren-

1059 2624 1115 2655 tes
1145 2630 1300 2655 omnem
1324 2616 1372 2654 ad
1403 2616 1502 2654 bella
1520 2616 1707 2653 terrestria

1057 2674 1280 2712 convertisse
1292 2686 1420 2711 curam
1428 2673 1614 2710 novimus.
1628 2669 1705 2709 Sed
1731 2695 1733 2698 ι

1054 2730 1169 2768 Attici
1208 2737 1370 2767 oratores
1407 2729 1498 2766 hinc
1536 2728 1703 2765 maxime

1053 2786 1264 2824 Laconibus
1285 2785 1418 2824 decem
1447 2786 1532 2823 istas
1551 2784 1702 2821 obiece-
