1879 3222
359 250 427 287 DE
461 247 585 286 VITA
617 247 689 284 ET
719 245 953 285 SCRIPTIS
984 246 1262 284 HERODOTI.
1466 245 1551 286 435

66 369 150 401 tum
164 361 275 399 fuisse
285 361 361 398 iam
375 371 486 410 supra
498 359 535 404 ξ.
549 360 600 398 17
619 356 806 395 diximus:
836 363 878 393 ut
897 370 987 394 sane
1009 355 1475 410 Schweighaeuserianam
1489 370 1552 395 re-

66 421 285 458 censionem
294 424 415 456 textus
428 413 530 452 haud
540 416 668 466 paucis
678 415 715 451 in
724 415 815 452 locis
827 414 1125 452 emendatiorem
1136 416 1348 453 exhibuisse
1361 413 1553 467 putandus

65 478 135 515 sit:
168 489 282 528 quare
301 481 447 511 nostrae
468 471 640 509 editionis
662 471 956 508 fundamentum
980 474 1195 522 posuimus,
1237 472 1297 510 his
1321 474 1410 510 locis
1434 471 1553 510 modo

67 532 312 580 discedentes,
323 530 387 567 ubi
398 528 630 567 Gaisfordius
650 529 770 567 nimio
790 526 929 566 codicis
950 528 1205 566 Sancrostiani
1232 529 1356 566 studio
1377 530 1554 580 abreptus

69 604 147 628 esse
162 588 269 626 nobis
283 585 492 635 videbatur,
516 587 834 624 autubinostrum
854 584 1041 622 iudicium
1055 587 1173 623 secuti
1193 599 1214 622 a
1234 586 1395 623 lectione
1406 593 1556 638 recepta

69 642 339 684 discedendum
359 657 438 681 esse
466 644 719 695 putabamusr,
748 644 778 680 si
801 641 956 695 quidem
976 655 1119 680 novam
1147 649 1273 679 textus
1294 644 1557 680 recensionem

67 702 293 741 constituere
324 701 483 737 minime
512 701 621 738 nobis
649 707 728 737 erat
747 701 1002 751 propositum,
1041 697 1108 736 sed
1129 697 1387 736 emendatiora
1407 706 1558 736 tantum

66 757 245 796 exhibere
276 757 461 795 Herodoti
495 758 632 806 verba,
673 756 887 794 difficiliora
921 755 1132 807 explicare,
1171 768 1284 793 usum
1321 755 1473 793 dicendi
1509 756 1558 793 il-

66 816 244 864 lustrare,
285 821 557 866 argumentum
590 826 783 865 exponere
814 820 851 850 et
882 813 1040 850 clariore
1069 814 1108 849 in
1135 813 1221 865 luce
1241 812 1451 850 collocare:
1481 824 1558 864 quo

64 870 221 910 taudem
269 869 317 908 de
365 871 554 923 scriptoris
592 870 668 909 fide
707 883 912 924 rerumque
949 869 1173 908 traditarum
1212 870 1435 908 auctoritate
1472 869 1561 908 satis

65 934 269 966 constaret.

179 1018 285 1063 Quae
308 1017 478 1069 reliquae
496 1023 624 1054 nostra
644 1023 767 1054 aetate
786 1015 1010 1068 prodierunt
1036 1013 1222 1054 Herodoti
1251 1015 1457 1065 editiones,
1492 1026 1562 1052 eae

67 1080 132 1111 aut
162 1076 307 1111 Graeca
327 1075 443 1111 verba
468 1075 547 1111 sola
576 1081 642 1111 aut
671 1073 806 1111 additis
836 1073 1064 1126 quibusdam
1092 1074 1190 1110 notis
1210 1072 1407 1110 exhibent.
1464 1073 1562 1109 Per-

66 1132 190 1168 tinent
210 1130 286 1168 huc
308 1130 490 1168 editiones
513 1144 534 1167 a
561 1131 606 1168 G.
625 1130 677 1170 H.
692 1130 883 1180 SchaeJero
903 1137 1056 1167 curatae
1075 1131 1177 1180 Lips.
1199 1131 1303 1170 1819
1325 1128 1426 1179 apud
1445 1129 1563 1166 Wei-

67 1189 143 1237 gel.
171 1189 224 1224 111
256 1189 340 1225 Vol.
367 1195 402 1224 et
429 1188 532 1237 Lips.
570 1188 674 1227 1822
705 1186 806 1238 apud
836 1185 1101 1234 Schwickert„
1146 1185 1180 1224 Ι.
1205 1185 1254 1225 Β.
1279 1185 1400 1223 Gailz'z·
1428 1185 1561 1234 (Paris.

70 1247 190 1284 1821.
217 1245 253 1280 II
283 1244 412 1294 volt),
453 1245 498 1281 G.
529 1243 766 1282 Stallbaumz‘z'
795 1244 928 1295 (Lips.
958 1244 1079 1284 1825.
1098 1244 1153 1280 111
1172 1242 1331 1292 Tom.)‚
1369 1243 1414 1280 A.
1452 1240 1563 1279 Mat-

66 1301 162 1338 thiae
194 1299 311 1352 (quae
341 1299 414 1338 hoc
443 1301 512 1337 sub
534 1301 642 1337 titulo
664 1302 701 1337 iu
723 1302 850 1338 lucem
873 1302 1007 1337 emissa
1034 1307 1111 1337 est:
1171 1298 1389 1348 „Herodoti
1416 1300 1564 1336 Musae.

67 1357 166 1394 cum
201 1358 306 1394 brevi
344 1364 512 1394 annotat.
547 1358 664 1398 critic.
701 1359 803 1408 Aug.
831 1356 1013 1394 Matthiae
1046 1364 1083 1394 et
1106 1358 1224 1393 Henr.
1254 1355 1418 1406 Apetzii.
1457 1356 1563 1405 Lips.

70 1414 191 1454 1825.
222 1416 270 1451 11.
290 1415 374 1452 Vol.
397 1416 467 1462 8.)‚
500 1413 541 1451 C.
568 1413 614 1452 A.
650 1413 794 1463 Stegeri
813 1414 951 1463 (Giess.
977 1416 1082 1455 1826
1103 1426 1211 1465 seqq.
1243 1415 1311 1462 8.),
1342 1412 1442 1449 Imm.
1462 1411 1564 1450 Bek-

66 1469 140 1508 ken·
159 1472 305 1517 (Berol.
326 1472 444 1511 1833.
474 1468 534 1520 8.)
565 1477 602 1507 et
621 1470 815 1509 Alexandr.
844 1470 978 1521 Negrz‘s
1007 1469 1240 1520 (Edinburg.
1265 1467 1386 1510 1834.
1407 1471 1466 1520 8.)

235 1561 340 1597 Inter
359 1558 543 1597 Herodoti
562 1562 734 1598 versiones
754 1561 918 1612 potiores
937 1560 1183 1598 nominamus
1201 1557 1315 1597 hasce
1327 1570 1340 1595 ε

181 1652 221 1690 1.
270 1650 455 1686 Gallicam
485 1649 661 1687 Larclcerz'
686 1651 923 1699 versionem,
964 1662 1062 1702 quae
1092 1646 1233 1700 prodiit
1257 1645 1433 1685 secundis
1465 1647 1564 1686 curis

68 1717 170 1742 anno
194 1707 301 1746 1802
322 1719 427 1758 seqq,
447 1703 492 1755 ἀρ”)
523 1719 666 1743 novem
686 1708 798 1743 tomis
815 1713 990 1744 constans
1003 1735 1013 1754 ‚
1046 1718 1210 1759 quorum
1230 1718 1299 1742 sex
1318 1705 1460 1756 priores
1474 1718 1564 1743 ver-

68 1763 216 1799 sionem
238 1763 425 1799 Gallicam
444 1776 522 1799 una
543 1776 633 1800 cum
651 1762 834 1800 Larcheri
853 1764 952 1801 notis
972 1764 1119 1800 Gallico
1139 1775 1315 1800 sermone
1344 1762 1565 1813 conscriptis

69 1820 291 1866 absolvunt,
323 1819 450 1856 addita
472 1820 554 1856 Vita
584 1821 742 1857 Homeri
763 1827 799 1858 et
823 1821 968 1858 Ctesiae
987 1821 1188 1871 Excerptis
1228 1817 1329 1870 apud
1358 1817 1563 1867 Photium3

68 1877 250 1926 septimus
269 1876 438 1912 tabulam
454 1875 750 1926 geographicam
762 1907 772 1926 ,
807 1885 961 1915 octavus
982 1875 1270 1926 chronologiam
1289 1876 1472 1923 eontinet,
1488 1887 1564 1911 no-

69 1944 141 1967 nus
160 1931 316 1968 indices.
374 1934 458 1982 Ipsa
474 1934 619 1969 Gallica
638 1934 911 1984 interpretatio,
936 1947 1015 1971 non
1037 1939 1211 1970 accurate
1231 1932 1379 1982 singula
1399 1930 1564 1969 reddens

70 1988 200 2035 verba,
221 2001 374 2024 sensum
400 1989 520 2038 magis
551 1996 657 2026 curat
684 1989 850 2042 indeque
870 1990 1122 2028 recentiorem
1151 1989 1264 2026 nimis
1293 1986 1438 2025 redolet
1458 1995 1564 2025 aeta-

70 2051 169 2092 tem,
200 2044 346 2094 perdita
364 2045 428 2081 illa
447 2046 631 2082 sermonis
651 2046 860 2084 Herodotei
879 2047 1119 2098 simplicitate
1139 2053 1176 2083 et
1194 2046 1321 2083 nativo
1337 2045 1402 2081 illo
1422 2045 1563 2094 colore,

71 2114 148 2153 quo
177 2099 353 2139 historiae
375 2108 482 2152 pater
501 2109 701 2154 tantopere
722 2105 878 2144 eminet.
935 2105 980 2141 In
1002 2103 1248 2142 annotatione
1272 2108 1315 2139 ut
1342 2102 1451 2153 plura
1469 2113 1564 2153 pro-

72 2347 186 2383 „quae
208 2338 264 2371 vel
288 2337 475 2371 sententias
499 2337 644 2371 auctoris
668 2337 771 2382 paulo
797 2336 1006 2371 difficiliores
1030 2337 1216 2382 aperirent,
1229 2336 1282 2370 vel
1305 2334 1478 2370 historiam
1501 2347 1564 2370 ve-

72 2391 205 2426 „terem
228 2383 439 2416 illustrarent
461 2383 514 2415 vel
537 2383 688 2416 eruditae
713 2383 925 2427 antiquitatis
950 2383 1111 2417 studiosis
1130 2393 1328 2428 quocunque
1341 2381 1438 2415 modo
1461 2382 1566 2426 prod-

73 2434 225 2474 „essent-
272 2428 375 2471 Immo
399 2428 548 2461 fideliter
571 2429 835 2473 pronuntiarim,
859 2429 940 2462 nihil
972 2430 1046 2462 fere
1071 2441 1122 2462 me
1159 2428 1340 2468 abiecisse,
1373 2427 1438 2460 nisi
1473 2427 1564 2473 quod

72 2475 165 2518 „viri
189 2474 466 2519 praestantissimi
490 2478 525 2507 et
547 2475 726 2518 praeconio
750 2487 823 2508 meo
847 2475 946 2519 longe
968 2475 1122 2515 maiores,
1146 2475 1173 2507 si
1198 2474 1297 2507 hodie
1327 2472 1361 2506 in
1393 2472 1479 2506 vivis
1507 2484 1563 2507 es-

74 2525 194 2562 „sent‚
229 2520 424 2566 nostrisque
454 2523 630 2554 uterentur
663 2526 699 2555 et
721 2520 933 2566 opinionibus
955 2525 991 2555 et
1014 2520 1223 2565 disciplinis,
1252 2518 1318 2564 ipsi
1350 2519 1473 2564 cupide
1506 2530 1565 2553 re·

76 2568 290 2608 ‚‚secarent.·‘

165 2634 201 2678 ²¹³)
225 2634 405 2676 „Histoire
427 2633 660 2675 ‹1'Hc'ro‹10te‚
683 2635 837 2668 traduite
855 2635 901 2668 du
921 2633 1018 2675 Grec,
1040 2645 1123 2668 avec
1147 2631 1207 2667 des
1237 2643 1431 2678 remarques
1454 2632 1564 2667 histo-

77 2677 190 2723 riques
211 2687 247 2714 et.
269 2681 452 2726 critiques‚
478 2692 521 2713 un
546 2680 649 2713 Essai
671 2692 730 2714 sur
753 2681 787 2714 ia
820 2681 1042 2724 chronologia
1065 2679 1275 2713 d'Herodote
1298 2685 1334 2712 et.
1360 2691 1425 2713 une
1448 2680 1560 2713 Table

78 2726 338 2771 geographique.
385 2726 552 2760 Nouvelle
576 2726 715 2769 edition,
739 2737 864 2768 revue,
897 2726 1049 2769 corrigee
1073 2731 1108 2767 et
1130 2724 1454 2767 considerablelnent
1477 2737 1564 2769 aug-

78 2771 221 2810 mentee‚
249 2770 269 2804 Ξι
284 2772 316 2805 la
339 2773 452 2817 quelle
474 2783 516 2806 ou
541 2783 561 2805 a
580 2772 668 2815 joint
689 2772 724 2806 la
748 2771 813 2806 Vie
835 2772 1029 2813 d'Honnere,
1057 2771 1226 2805 attribuee
1257 2770 1278 2804 ὲ.
1301 2771 1487 2811 He'rodote,
1512 2771 1562 2803 les

80 2815 236 2848 Extraits
259 2812 300 2849 (le
321 2817 495 2852 l'Histoire
519 2818 562 2851 de
585 2818 689 2852 Perse
713 2821 748 2851 et
771 2817 813 2851 de
836 2817 940 2850 l’lnde
964 2817 1006 2850 de
1031 2817 1184 2858 Ctesias,
1223 2819 1259 2850 et
1280 2818 1314 2850 la
1336 2817 1438 2849 traite'
1461 2817 1504 2849 de
1527 2816 1562 2850 la

78 2859 258 2906 Malignite
285 2861 512 2898 d'Herodotet
535 2865 568 2898 le
591 2867 667 2898 tout
693 2865 918 2910 accompagne
936 2863 978 2898 de
1001 2862 1148 2899 Notes.“
1172 2863 1272 2896 Paris
1297 2863 1386 2897 1802
1406 2873 1501 2907 seqq.
1526 2862 1558 2895 8.

1173 2907 1274 2952 28*
