1879 3222
97 1190 326 1218 Lacedaemoni}

98 1224 216 1264 auxilii?
226 1223 375 1253 Mardonii
403 1222 427 1256 2
433 1232 566 1272 μενον
579 1250 588 1270 ,

100 1256 226 1284 Graecus
258 1266 275 1284 o

100 1295 209 1317 namur
230 1290 270 1324 [c.

99 1324 151 1350 sed
178 1332 241 1350 mox
275 1332 356 1358 pnor

100 1357 171 1385 ordo
188 1356 355 1386 restitutus.

277 1265 371 1330 “32⁰ss

429 169 514 210 278

430 274 629 329 ,,του’των
665 277 753 316 τῶν
800 273 989 327 ἀνδρῶν.

429 343 706 397 ,,πεπείρηται
745 341 935 397 Μήδων·

401 412 602 462 4,,σαλῶν
631 409 823 464 ἔμπειροί
853 411 980 464 εἰμεν.

824 167 1278 205 HERODOT!

1054 275 1363 330 Σπαρτιητέων
1406 276 1490 330 γὰρ
1536 274 1678 327 οὐδεὶς

993 340 1109 397 ἡμεῖς
1148 343 1193 386 δὲ
1225 347 1430 387 Βοιωτῶν
1467 343 1539 385 καὶ
1572 347 1675 387 Θεσ-

1038 408 1125 451 ἁλλ’
1156 409 1453 465 ἀναλαβόντας
1481 410 1533 454 τὰ
1565 410 1677 454 ὅπλα

428 474 585 532 ,,χρεόν
614 475 702 519 ἐστι
722 475 831 520 ἰέναι
859 476 993 532 ὑμέας
1023 475 1100 530 μὲν
1120 476 1162 527 ές
1191 476 1287 520 τόδε
1304 476 1352 521 τὸ
1374 477 1515 531 κέρας,
1545 477 1677 534 ἡμέας

401 544 504 597 5,,δὲ
533 543 578 594 ἐς
604 543 653 587 τὸ
685 542 952 599 εὐώνυμον.“
995 543 1116 599 Πρὸς
1144 546 1189 588 δὲ
1218 549 1355 587 ταῦτα
1385 542 1511 587 εἶπαν
1541 548 1585 589 οἱ
1609 544 1675 588 ’A-
1688 555 1732 589 35

428 616 607 666 θηναῖοι
634 611 755 655 τάδε·
814 612 926 665 ,,Καὶ
947 610 1118 654 αὐτοῖσι
1145 609 1251 666 ἡμῖν
1271 611 1404 655 πάλαι
1423 611 1499 655 ἀπ’
1531 611 1678 670 ἀρχῆς,

430 678 548 731 ,ἐπεὶ
578 695 621 723 τε
642 681 810 735 εἴδομεν
835 678 934 722 κατ’
965 679 1098 734 ὑμέας
1124 679 1418 733 τασσομένους
1438 680 1542 731 τοὺς
1571 685 1680 735 Πέρ-

427 758 560 800 ,,σας,
604 747 653 790 έν
683 746 772 803 νόῳ
811 745 975 801 ἐγένετο
1015 747 1149 790 εἰπεῖν
1184 749 1320 789 ταῦτα
1356 746 1409 788 τά
1444 763 1521 801 περ
1558 746 1680 803 ’ὑμεῖς

428 814 651 870 9,φθάντες
669 812 929 868 προφέρετε·
954 811 1060 856 ἀλλὰ
1080 813 1165 869 γὰρ
1194 811 1472 867 άῤῥωδέομεν
1499 816 1557 870 μή
1576 815 1681 869 ὑμῖν

401 881 542 934 6,,οὐκ
570 882 690 938 ἡδέες
716 880 927 936 γένωνται
963 883 1006 924 οἳ
1045 880 1180 936 λόγοι.
1238 880 1326 923 ἐπεὶ
1369 879 1413 923 δ’
1454 876 1517 924 ὧν
1558 881 1739 925 αὐτοὶ4ο

429 949 722 1005 ,,έμνη’σθητε,
752 948 824 991 καὶ
845 947 1098 1004 ἡδομένοισι
1120 947 1226 1005 ἡμῖν
1257 950 1299 991 οἱ
1319 947 1441 1002 λόγοι
1466 948 1681 1004 γεγόνασι,

304 1026 371 1072 47
429 1017 532 1069 „aaz
563 1015 727 1072 έτοῖμοί
757 1017 873 1070 εἰμεν
908 1015 1071 1059 ποιέειν
1107 1019 1283 1058 ταῦτα.“
1338 1015 1413 1067 Ὡς
1449 1016 1494 1060 δ’
1534 1016 1683 1073 ἤρεσκε

104 1089 379 1130 Οτᾶεοοτμπιειοίεε
436 1080 719 1138 ἀμφοτέροισι
760 1087 920 1135 ταῦτα,
964 1081 1053 1138 ἠώς
1082 1099 1126 1126 τε
1145 1084 1360 1139 διέφαινε,
1390 1085 1462 1127 καὶ
1486 1086 1685 1129 διαλλάσ-

99 1125 380 1197 ffiss‘afflssfissffgssssj
435 1161 567 1193 σοντο
597 1151 674 1202 τοὶς
706 1150 832 1203 τάξις.
880 1149 1057 1206 γνόντες
1087 1151 1132 1194 δὲ
1163 1154 1206 1194 οἱ
1248 1154 1437 1196 Βοιωτοὶ
1465 1152 1513 1196 τὸ
1542 1152 1740 1196 ποιεύ-45

632 1218 941 1275 ἐξαγορεύουσι
980 1220 1237 1279 Μαρδονίῳ.
1294 1220 1318 1263 ὁ
1349 1219 1392 1263 δ’
1429 1220 1518 1264 ἐπεί
1557 1237 1601 1264 τε
1636 1221 1686 1277 ἥ-

429 1297 590 1339 κουσε,
642 1286 799 1331 αὐτίκα
822 1286 1071 1342 μετιστάναι
1092 1288 1166 1330 καὶ
1195 1286 1328 1339 αὐτὸς
1358 1289 1575 1343 ἐπειρᾶτο,
1607 1304 1686 1332 πα·

428 1350 576 1407 ράγων
624 1354 728 1405 τούς
768 1354 937 1409 Πέρσας
992 1355 1101 1398 κατὰ
1151 1355 1256 1407 τούς
1295 1358 1684 1412 Λακεδαιμονίους.

389 1418 514 1471 ·3Ὡς
544 1421 590 1466 δὲ
627 1423 760 1479 ἔμαθε
799 1429 930 1467 τοῦτο
967 1426 1142 1467 τοιοῦτο
1179 1423 1411 1479 γινόμενον
1449 1422 1472 1468 ὁ
1506 1428 1687 1467 Παυσα-

428 1487 546 1542 νίης,
589 1490 725 1546 γνούς
770 1490 839 1536 ὅτι
886 1490 943 1535 ου’
989 1490 1231 1543 λανθάνει,
1281 1491 1419 1537 ὀπίσω
1468 1490 1545 1549 ἦγε
1579 1491 1685 1543 τούς

428 1557 705 1613 Σπαρτιήτας
734 1559 802 1602 ἐπὶ
830 1558 879 1603 τὸ
909 1558 1052 1610 δεξιόν
1079 1559 1236 1612 κέρας·
1276 1558 1336 1612 ὥς
1366 1558 1409 1604 δ’
1448 1560 1588 1613 αὔτως
1611 1561 1740 1604 καὶὸο
1768 1557 1849 1600 715

431 1618 455 1662 ὅ
484 1625 742 1677 Μαρδόνιος
772 1625 842 1669 ἐπὶ
870 1629 951 1668 τοῦ
978 1624 1225 1681 εὐωνύμου.

371 1893 560 1945 impetum
595 1903 632 1935 et
665 1910 769 1935 arma
804 1899 1032 1950 repressisse,

372 1950 439 1988 lib.
468 1952 541 2001 VI,
574 1956 667 1993 112.
709 1954 811 1993 Add.
839 1954 1034 1993 Plutarch.

372 2006 525 2045 Aristid.
550 2010 626 2060 [cp.
652 2012 721 2062 16]
751 2024 840 2062 pag·
861 2015 941 2055 328
963 2012 1034 2052 c·“

380 2061 660 2115 Wesseling.
689 2089 741 2095 --
780 2069 825 2105 lu
851 2082 954 2121 seqq.
984 2066 1033 2105 ad

373 2119 540 2157 sormam
575 2122 730 2173 εἴδομεν
768 2126 870 2163 conf.
896 2123 1033 2162 Matth.

374 2176 441 2213 Gr.
463 2178 530 2216 Gr.
552 2180 588 2224 ξ.
612 2182 689 2220 231
714 2193 801 2231 pag.
822 2181 926 2229 449,
967 2181 1034 2233 qui

373 2231 478 2269 idem
515 2235 553 2279 §.
594 2235 674 2276 553
715 2250 802 2288 pag.
842 2237 948 2279 1085
984 2236 1033 2274 ad

373 2290 491 2326 verba
512 2286 693 2340 φθάντες
708 2292 923 2345 προφέρετε
938 2306 1034 2331 con·-

376 2345 574 2396 ferendus,
596 2349 764 2400 itemque
785 2353 821 2395 ξ,
844 2350 925 2391 615
944 2363 1031 2400 pag.

379 2402 485 2443 1242
506 2402 553 2440 ad
582 2406 781 2455 particulas
810 2401 908 2445 ἄλλά
944 2404 1031 2458 γάρ,

377 2458 414 2501 §·
437 2459 518 2500 520
548 2461 600 2497 in.
621 2474 708 2512 pag.
735 2465 842 2503 1000
872 2461 919 2499 ad
950 2476 1034 2499 ver-

377 2512 471 2550 bum
489 2514 681 2566 γένωνται
704 2526 741 2555 et
762 2520 798 2564 §.
820 2521 913 2566 388,
933 2520 966 2556 Ε
985 2517 1032 2555 ad

377 2575 602 2609 structuram
645 2573 760 2614 dativi
801 2573 1034 2626 ’ἡδομένοισι

377 2645 435 2652 -
473 2625 668 2677 γεγόνασι.
707 2653 762 2660 -
808 2633 883 2668 Pro
925 2628 1033 2671 εἶπαι

378 2685 552 2719 revocavi
574 2685 725 2737 εἰπεῖν;
767 2687 845 2726 vid.
870 2695 962 2726 nott.
985 2687 1034 2726 ad

379 2737 487 2787 vm,
508 2739 575 2780 65.

1286 1898 1375 1949 Cap.
1395 1900 1549 1940 XLVII.

1144 1948 1231 2005 ἠώς
1255 1969 1295 1994 τε
1323 1954 1502 2005 διέφαινε
1533 1954 1600 1996 καὶ
1640 1956 1745 1996 διαλ-

1088 2006 1282 2050 λάσσοντο
1292 2008 1362 2059 τὰς
1381 2010 1506 2065 τάξις]
1529 2013 1640 2052 Couf.
1662 2014 1745 2058 Vn,

1088 2069 1169 2107 217
1199 2068 1327 2120 ibique
1353 2076 1448 2108 nott.
1477 2090 1534 2099 -—
1571 2069 1633 2106 Ad
1657 2084 1745 2107 ver-

1088 2123 1183 2159 bum
1221 2122 1468 2177 ἐξαγορεύειν
1508 2126 1610 2164 conf.
1647 2133 1745 2164 nott.

1088 2177 1137 2216 ad
1155 2181 1211 2227 11,
1237 2184 1328 2221 170.

1143 2233 1218 2282 ‘'..Qg
1234 2234 1276 2275 δὲ
1298 2235 1423 2287 ἔμαθε
1438 2259 1494 2265 -
1509 2233 1743 2290 γινόμενον]

1086 2292 1211 2342 Vulgo
1226 2291 1453 2344 γενόμενον,
1479 2293 1582 2346 quod
1598 2293 1744 2332 Sebae-

1087 2349 1188 2386 ferus
1199 2349 1424 2388 etMatthine
1445 2358 1587 2388 tenent.
1621 2352 1743 2403 Equi-

1088 2403 1178 2442 dem
1198 2419 1287 2442 cum
1311 2408 1462 2459 reliquis
1482 2409 1741 2445 Florentinum

1087 2462 1227 2498 librum
1246 2471 1395 2500 secutus
1415 2477 1513 2501 sum.
1533 2483 1588 2491 —-
1605 2465 1647 2499 lu
1665 2461 1741 2498 fine

1089 2532 1171 2569 cap.
1193 2518 1258 2558 ἐπὶ
1279 2517 1322 2559 τὸ
1339 2519 1470 2570 κέρας,
1495 2521 1590 2557 bene
1611 2517 1740 2555 distin-

1088 2574 1287 2625 guendum
1317 2577 1363 2613 ab
1395 2590 1462 2625 eo,
1495 2573 1597 2627 quod
1616 2576 1741 2625 sequi-

1089 2638 1150 2668 tur
1172 2630 1234 2671 ἐπὶ
1252 2634 1325 2671 τοῦ
1346 2628 1551 2682 εὐωνύμου
1567 2632 1592 2667 i.
1609 2645 1641 2669 e.
1664 2631 1740 2667 lae-

1089 2701 1171 2725 vum
1199 2701 1304 2725 cornu
1333 2701 1449 2726 versus
1485 2686 1579 2724 illud
1617 2688 1737 2725 valet:

1090 2744 1138 2782 acl
1153 2744 1288 2782 laevum
1306 2757 1422 2782 cornu.
