1879 3222
261 198 344 240 40⁰
805 190 1184 228 COMMENTATIO

264 310 399 360 scripta
422 321 499 345 esse
520 305 713 344 contendit
729 307 908 344 Klausen.
929 306 953 342 l.
974 306 999 342 l.
1019 318 1104 356 pag.
1122 306 1187 352 9⁶2,
1218 303 1278 342 cui
1309 302 1421 340 etiam
1443 302 1506 354 (p.
1541 306 1642 352 131)
1661 306 1739 341 He-

266 366 420 404 rodotus
440 366 486 412 11,
518 367 566 403 3:
585 360 774 412 ”Ελληνες
803 360 844 401 δὲ
869 360 1022 413 λέγῡυσι
1052 360 1147 400 ἄλλα
1174 376 1213 400 τε
1243 357 1387 411 μάταια
1416 357 1540 399 πολλὰ
1579 359 1645 399 καὶ
1685 360 1740 407 ὥς

266 423 467 475 γυναικῶν
492 417 560 466 τοὶς
590 416 769 471 γλώσσας
799 416 821 458 ὁ
857 419 1094 468 Ψαμμίτιχος
1124 414 1300 467 ἐκταμών
1330 432 1363 454 κ.
1400 432 1433 454 τ.
1471 420 1520 464 λ.,
1554 415 1650 453 hanc
1680 418 1740 454 sa—

267 480 379 517 bulae
409 476 698 526 discrepantiam
731 477 769 511 in
797 476 974 510 Hecataei
1004 475 1096 509 libro
1130 475 1260 523 legisse
1297 472 1464 518 videtur,
1505 474 1644 524 quique
1677 472 1741 524 (p.

270 535 364 582 1‘28)
395 532 561 569 eundem
584 534 814 569 Hecataeum
835 532 991 579 intelligi
1014 536 1049 565 et
1069 531 1200 578 respici
1225 536 1328 578 putat
1349 532 1394 576 ll,
1419 531 1467 569 15
1490 531 1526 564 in
1557 531 1611 576 iis,
1645 543 1742 580 quae

268 591 316 628 de
336 591 445 626 rebus
463 587 721 639 geographicis
741 590 848 624 Iones
864 593 1042 632 statuunt,
1071 593 1107 621 et
1127 587 1172 630 ll,
1200 586 1276 625 156
1297 587 1333 620 in
1355 587 1409 632 iis,
1441 599 1536 637 quae
1556 584 1602 622 de
1623 586 1744 622 insula

268 647 401 685 mobili
419 645 532 682 habet
551 644 762 682 Herodotus
782 657 915 693 parum
936 644 1004 692 ipsi
1025 641 1228 678 credibilia.
1291 641 1374 678 Vid.
1396 642 1529 691 fragm.
1553 644 1681 679 llecat.
1705 655 1744 692 p.

271 706 363 744 123.
419 704 469 739 Et
488 704 720 738 Hecataeum
742 702 929 736 Milesium
945 700 1110 748 aliosque
1131 697 1293 732 Milesios
1317 705 1504 746 auctoreS,
1528 697 1744 745 Thaletem,

268 757 622 804 Anaximandrum,
646 758 938 801 Anaximenem,
969 753 1169 801 Cadmum,
1192 765 1354 804 quorum
1374 755 1569 803 populares
1585 756 1747 805 plurima

270 816 499 854 commercia
532 828 599 865 per
619 813 816 864 Scythiam
841 812 1006 861 egerint,
1043 817 1191 846 secutus
1207 808 1355 846 videtur
1381 809 1593 847 Herodotus
1613 812 1659 859 11,
1681 810 1746 858 34,

270 874 335 910 ubi
366 879 491 908 narrat
510 872 647 907 Istrum
663 866 763 921 πρός
791 869 988 907 πολλῶν
1018 862 1300 919 γινώσκεσθαι.
1357 866 1414 903 Cf.
1442 867 1562 903 Kruse
1587 868 1645 903 De
1667 867 1749 904 Istri

271 930 378 968 Ostiis
399 942 435 978 p.
465 930 532 967 20.

381 986 484 1020 Haec
506 980 660 1034 quidem
679 981 806 1018 omnia
825 981 864 1017 iu
885 993 1006 1016 unum
1026 985 1271 1030 conspectum
1290 978 1408 1028 posita
1437 991 1670 1030 quamquam
1689 976 1753 1015 sa-

271 1041 316 1079 tis
353 1046 650 1077 commonstrare
680 1037 867 1085 videntur,
906 1036 1098 1074 Herodoto
1133 1037 1330 1081 Hecataei,
1371 1036 1441 1070 viri
1461 1037 1558 1072 inter
1578 1036 1753 1087 aequales

271 1110 357 1135 suos
379 1096 655 1141 eminentioris,
685 1101 727 1131 ut
742 1095 803 1131 vel
825 1108 844 1129 e
859 1095 943 1130 loco
963 1095 1007 1140 V,
1026 1095 1077 1133 36
1098 1099 1272 1143 apparet,
1302 1092 1437 1142 scripta
1458 1093 1607 1142 cognita
1628 1093 1752 1138 fuisse,

271 1154 430 1191 minime
461 1159 590 1188 tamen
624 1151 719 1187 illud
741 1163 1013 1202 usquequaque
1039 1149 1188 1185 efficere
1216 1161 1322 1198 posse
1343 1147 1538 1195 videntur,
1568 1156 1611 1185 ut
1631 1150 1754 1184 Hero-

273 1210 408 1247 dotum
428 1209 604 1245 Hecataei
624 1209 737 1244 libros
758 1208 976 1257 compilasse
998 1205 1161 1257 indeque
1178 1204 1278 1241 haud
1295 1218 1415 1255 pauca
1435 1206 1474 1240 in
1494 1218 1603 1241 suam
1625 1217 1756 1241 narra-

275 1268 420 1304 tionem
440 1265 668 1302 transtulisse
699 1265 944 1311 arbitremur,
970 1264 1189 1313 praesertim
1208 1275 1296 1298 cum
1322 1274 1385 1308 ea,
1427 1274 1524 1312 quae
1554 1275 1602 1298 ex
1630 1263 1756 1297 Heca-

273 1330 358 1360 taeo
379 1321 511 1358 hausta
537 1327 736 1372 putentur,
775 1335 794 1356 e
815 1333 882 1357 suo
913 1333 1065 1372 quoque
1095 1332 1198 1368 penu
1224 1331 1301 1355 non
1321 1319 1446 1354 minus
1466 1318 1563 1354 bene
1589 1317 1757 1368 proferre

272 1380 438 1430 potuerit
456 1380 601 1425 Noster,
624 1390 739 1428 quem
762 1378 830 1414 ista
852 1377 934 1413 loca
950 1377 1073 1426 ipsum
1096 1374 1227 1411 adiisse
1251 1387 1363 1424 supra
1384 1376 1575 1412 evicimus.
1631 1375 1757 1410 Immo

276 1435 380 1472 haud
407 1447 550 1486 pauca,
584 1447 704 1485 quae,
732 1435 787 1470 uti
815 1432 872 1469 his
907 1439 1011 1479 utar,
1042 1433 1081 1467 in
1102 1432 1267 1482 Aegypti
1299 1431 1546 1481 descriptione
1567 1431 1613 1467 ab
1634 1432 1760 1467 Hero-

276 1492 366 1530 doto
387 1492 648 1542 praetermissa
666 1491 861 1537 miramur,
884 1486 929 1538 Α”“)
957 1490 1019 1526 vel
1048 1501 1132 1524 eam
1151 1490 1198 1524 ob
1220 1500 1371 1524 causam
1384 1488 1428 1523 ab
1445 1487 1761 1524 Halicarnassensi

276 1550 413 1586 omissa
434 1561 512 1585 esse
532 1546 777 1596 crediderim,
810 1545 912 1598 quod
941 1544 1034 1582 haec
1055 1546 1205 1581 uberius
1235 1545 1312 1580 iam
1342 1545 1509 1594 exposita
1538 1543 1684 1581 viderat
1712 1543 1759 1579 ab

276 1607 479 1650 Hecataeo,
502 1605 607 1640 cuius
626 1605 761 1653 scripta
781 1604 947 1639 multum
963 1602 1138 1637 manibus
1170 1601 1340 1637 terebant
1361 1601 1554 1651 aequales;
1585 1598 1651 1636 sed
1663 1611 1760 1650 quae

276 1661 367 1697 falsa
389 1661 434 1696 ab
465 1661 653 1695 Hecataeo
681 1659 810 1694 referri
831 1657 995 1703 viderat,
1029 1670 1070 1692 ea
1091 1658 1138 1693 ob
1168 1669 1350 1705 magnam
1365 1685 1375 1703 ,
1415 1669 1487 1706 qua
1508 1657 1674 1692 floruisse
1702 1655 1762 1692 vi-

278 1716 414 1754 dentur
428 1715 607 1751 Hecataei
626 1716 783 1764 scripta,
814 1714 1074 1749 auctoritatem
1095 1713 1283 1761 corrigere
1305 1718 1340 1747 et
1361 1710 1564 1746 emendare
1584 1724 1672 1748 cum
1691 1723 1762 1748 vo-

277 1774 406 1810 luisset
426 1774 578 1818 Noster,
618 1769 708 1806 hinc
738 1771 777 1806 ni
798 1770 906 1806 fallor
927 1767 1221 1819 explicandum,
1268 1767 1373 1818 quod
1406 1766 1466 1804 hic
1499 1769 1573 1803 illic
1595 1768 1762 1804 acerbius

278 1831 514 1866 Hecataeum
538 1827 723 1876 tetigerit:
760 1826 831 1861 nisi
862 1826 976 1861 etiam
996 1826 1181 1875 privatam
1206 1823 1399 1874 quandam
1428 1824 1506 1859 sive
1528 1824 1763 1860 inimicitiam

279 1899 357 1923 slve
377 1884 672 1920 aemulationem
692 1884 790 1919 iuter
812 1889 1017 1932 utrumque
1041 1881 1288 1917 intercessisse
1309 1886 1440 1931 putes,
1469 1878 1516 1917 de
1538 1879 1612 1932 quai
1637 1886 1765 1918 tamen

279 1940 374 1979 nihil
395 1939 605 1994 quidquam
623 1940 771 1990 uspiam
790 1937 970 1976 traditum
990 1938 1124 1988 repen-I.

974 2096 1013 2142 ξ.
1045 2096 1083 2134 9.

397 2221 509 2258 Hisce
528 2218 760 2270 argumentis
780 2224 995 2269 permotus,
1032 2215 1269 2253 Herodotum
1290 2229 1338 2253 ex
1364 2216 1524 2253 aliorum
1543 2215 1621 2253 sive
1649 2213 1770 2252 histo-

284 2277 449 2314 ricorum
480 2278 557 2314 sive
587 2274 931 2326 logographorum,
971 2274 1098 2325 quales
1119 2280 1201 2309 tum
1224 2274 1346 2320 suere,
1377 2274 1520 2323 scriptis
1547 2271 1651 2309 haud
1679 2284 1770 2309 sane

286 2336 405 2371 multa
426 2333 589 2370 hausisse
609 2333 782 2369 arbitror.
838 2333 916 2367 Nec
932 2337 1079 2366 tantum
1098 2330 1261 2365 tribuam
1279 2330 1361 2366 loco
1383 2331 1441 2373 l,1
1469 2327 1676 2381 (Περσέων
1699 2326 1771 2378 μέν

288 2406 362 2429 νυν
393 2390 443 2428 οἱ
469 2392 490 2428 λ
506 2385 527 2429 ό
542 2407 564 2442 γ
577 2404 589 2428 ι.
602 2403 622 2428 0
635 2403 647 2427 ι
672 2389 863 2433 Φοίνικας
884 2387 1033 2431 αἰτίους
1054 2400 1084 2433 φ
1098 2401 1122 2423 α
1134 2385 1181 2424 σὶ
1211 2385 1396 2437 γενέσθαι
1408 2400 1445 2423 κ.
1460 2400 1494 2423 τ.
1504 2388 1571 2432 λ.),
1584 2390 1770 2436 quantum

290 2447 401 2482 tribui
422 2447 500 2483 vult
521 2444 674 2482 Dahlm.
695 2445 722 2481 l.
755 2445 781 2485 l.
812 2457 849 2494 p.
876 2445 966 2483 108.
996 2443 1172 2493 Namque
1195 2441 1407 2478 Herodotus
1425 2448 1467 2478 ut
1492 2442 1591 2489 alibi,
1621 2453 1654 2478 v.
1677 2452 1710 2476 c.
1730 2441 1769 2475 in

290 2503 399 2539 rebus
420 2503 614 2554 Aegyptiis
640 2501 848 2552 Aegyptios
868 2497 1099 2545 sacerdotes,
1132 2500 1182 2534 ita
1205 2498 1242 2535 h.
1259 2499 1284 2535 l.
1305 2499 1506 2535 Persarum
1530 2498 1626 2534 viros
1641 2494 1771 2532 doctos

290 2559 367 2595 sive
396 2560 527 2609 Magos
556 2557 704 2606 laudat,
748 2558 882 2610 quibus
910 2554 1010 2592 hanc
1039 2557 1296 2592 narrationem
1329 2555 1473 2592 debeat.
1543 2554 1621 2589 Nec
1651 2553 1771 2602 magis

386 2743 423 2786 *)
448 2741 525 2778 vid.
551 2744 636 2775 nott.
662 2742 703 2775 ad
729 2742 772 2784 Π,
800 2742 841 2777 15
866 2754 899 2787 p.
928 2743 996 2777 512
1020 2745 1055 2778 et
1078 2742 1121 2778 ad
1143 2743 1189 2785 11,
1213 2743 1257 2778 28
1281 2752 1313 2787 p.
1339 2740 1415 2775 534.
1439 2739 1483 2774 T.
1507 2738 1523 2773 1
1555 2742 1592 2773 et.
1620 2739 1673 2774 etl·
1689 2749 1774 2784 qno·

296 2800 362 2834 que
384 2792 468 2823 nott.
493 2787 536 2823 ad
560 2788 621 2830 vl,
646 2788 700 2822 55.
723 2789 768 2823 Τ.
794 2789 845 2821 111
869 2800 902 2832 p.
926 2789 1004 2824 297.
