1996 3238
106 770 172 816 89

600 190 946 229 URANIA.
1004 192 1138 229 VIII.

245 303 398 353 ρεῖσαν
426 296 655 354 ἠπιστέατο
687 296 798 342 εἶναι
827 298 1052 355 πολεμίην.

1418 193 1498 232 121

1114 301 1168 344 τά
1197 316 1242 344 τε
1271 298 1354 356 γάρ
1381 298 1501 350 ἄλλα,

245 366 303 419 ὦς
333 369 516 423 εἴρηται,
547 366 658 423 αὐτῇ
698 367 924 422 συνήνεικε
963 368 1004 418 ἐς
1035 367 1235 425 εὐτυχίην
1271 367 1529 424 γενόμενα,1

241 436 312 480 καὶ
344 435 392 477 τὸ
422 439 511 477 τῶν
542 435 587 478 ἐκ
617 439 692 491 τῆς
707 437 984 492 Καλυνδικῆς
1012 436 1118 490 νηός
1148 439 1312 493 μηδένα
1331 435 1502 480 ἀποσω-

211 503 373 546 Ξθέντα
401 503 645 558 κατήγορον
673 503 888 558 γενέσθαι.

239 588 310 615 ται
340 570 448 624 πρός
478 569 529 613 τοὶ
561 571 836 626 φραζόμενα·

950 503 1114 558 Ξέρξην
1151 504 1196 547 δὲ
1240 504 1355 548 εἶπαι
1385 507 1532 559 λέγε-5

879 573 965 622 „Oi
993 571 1072 627 μὲν
1103 570 1260 624 ἄνδρες
1299 573 1504 628 γεγόνασί

239 656 340 693 ,,μοι
369 644 587 693 γυναῖκες·
620 642 664 683 αἱ
698 640 743 684 δὲ
772 645 986 696 γυναῖκες,
1019 638 1217 696 ἄνδρες.ιζ
1257 645 1396 685 ταῦτα
1426 643 1505 697 μὲν

241 707 410 763 Ξέρξην
440 708 548 762 φασὶ
575 705 705 750 εἶπαι.

349 774 419 818 Ἐν
450 775 495 818 δὲ
526 780 585 832 τῷ
614 777 735 835 πόνῳ
753 774 893 830 τούτῳ
923 774 1009 820 ἀπὸ
1043 778 1121 831 μὲν
1151 777 1281 820 ἔθανε
1311 774 1333 819 ὁ
1364 787 1500 828 (ἳῖρα-
1559 789 1719 817 Persarum
1737 789 1768 814 et

240 844 369 902 τηγὸς
394 843 668 902 Ἀριαβίγνης
698 843 721 888 ὁ
752 846 956 900 Δαρείου,
987 845 1155 900 Ξέρξεω
1175 844 1258 889 ἐών
1277 842 1506 900 ἀδελφεός,

187 1043 298 1081 detur
318 1042 526 1085 Ruhnken.
559 1043 684 1094 (Diss.
715 1043 763 1082 de
782 1051 847 1081 tu-

186 1102 250 1138 tel.
264 1108 300 1138 et
319 1102 486 1152 insignu-
507 1115 620 1140 navv.
642 1115 728 1153 pag.
752 1104 847 1143 261.

184 1159 300 1208 299),
324 1157 416 1196 haec
437 1160 564 1210 signa,
588 1173 685 1210 quae
707 1163 849 1208 σημεῖα

185 1223 297 1252 vocat
316 1217 544 1267 Polyaenus,
567 1216 714 1254 diversa
733 1217 847 1253 fuisse

187 1285 209 1309 a
230 1274 463 1310 Graecorum
474 1270 726 1326 παρασήμοις
749 1287 846 1325 quae

185 1330 303 1380 vulgo
339 1338 540 1378 vocantur,
574 1332 614 1367 in
635 1332 755 1381 proris
771 1344 845 1367 na-

184 1387 292 1425 vium
313 1389 488 1424 constitui
509 1389 628 1436 solita,
647 1387 708 1424 dei
732 1387 849 1424 deae-

183 1457 232 1482 ve
251 1445 330 1481 sive
351 1442 474 1481 herois
506 1445 648 1482 aliusve
674 1444 768 1482 adeo
794 1445 850 1481 rei

184 1500 399 1551 insignioris
444 1500 662 1539 exhibentia
709 1502 850 1552 imagi-

184 1570 298 1606 nem,
329 1559 434 1595 cuius
455 1559 594 1595 tutelae
622 1560 849 1610 plerumque

187 1614 268 1665 ipsa
289 1616 591 1652 committeretur
610 1617 728 1653 navis.
769 1618 849 1653 Nec

188 1671 436 1708 barbarorum
467 1686 583 1709 naves
612 1674 750 1710 talibus
786 1674 851 1709 in-

189 1730 357 1779 signibus
377 1742 527 1780 prorsus
540 1731 700 1767 caruisse
722 1744 742 1766 e
755 1731 852 1766 Plu-

190 1785 311 1823 tarchi
331 1787 547 1823 narratione
559 1789 783 1838 perspicitur
803 1786 851 1824 de

189 1842 424 1894 Lycomede,
466 1845 532 1895 qui
571 1851 703 1894 captae
744 1845 851 1882 navis

191 1913 385 1951 parasema
398 1901 556 1937 abscissa
570 1902 739 1952 Apollini
760 1914 853 1938 con-

193 1958 362 2004 secravit,
392 1956 582 1995 Themist.
615 1957 665 1998 15
695 1972 734 2008 p.
773 1957 853 1998 115

193 2014 237 2052 F.
290 2015 348 2049 De
381 2011 600 2051 huiusmodi
643 2015 854 2064 insignibus

194 2069 411 2107 conferatur
440 2083 594 2122 quoque
625 2071 766 2109 Herod.
788 2072 854 2117 111,

194 2127 260 2168 59-
283 2130 348 2167 38.
369 2149 426 2154 ——
455 2127 514 2163 Ad
537 2123 746 2176 ἠπιστέατο
769 2125 856 2178 (pu-

193 2183 334 2232 tabant)
357 2184 458 2220 conf.
479 2183 612 2222 Matth.
643 2185 710 2222 Gr.
733 2185 798 2225 Gr.
816 2185 859 2230 §.·

198 2242 276 2280 160
297 2252 384 2290 pag.
407 2243 501 2280 292.

252 2295 294 2334 οἷ
313 2294 385 2347 μὲν
409 2293 553 2347 ἄνδρες
573 2293 761 2349 γεγόνασί
789 2311 856 2347 μοι

195 2357 402 2404 γυναῖκες·
435 2353 479 2392 αἱ
499 2352 541 2393 δὲ
561 2354 759 2406 γυναῖκες,
783 2351 857 2392 ἅν-

197 2408 316 2460 δρες]
360 2410 496 2460 Attigit
528 2409 703 2447 Eustath.
735 2409 783 2447 ad
809 2411 856 2448 Il.

195 2479 233 2517 p.
261 2468 356 2513 211,
377 2469 429 2507 23
460 2481 489 2505 ε.
515 2470 606 2514 160,
633 2470 680 2507 11
705 2474 740 2503 et
761 2469 855 2515 668,

198 2520 250 2562 43
279 2536 308 2561 s.
331 2523 426 2570 537,
453 2522 519 2565 48.
586 2523 695 2560 Idem
717 2525 856 2562 Xerxis

198 2577 344 2616 dictum
363 2580 477 2628 paulo
494 2581 601 2617 aliter
623 2581 764 2632 profert
779 2582 856 2617 Po-

197 2635 324 2687 lyaen.
349 2637 448 2685 VIII,
481 2636 534 2678 53
563 2639 600 2683 ς.
621 2636 659 2685 4,
691 2650 860 2689 quocum

199 2694 301 2730 conf.
323 2692 431 2730 Suid.
451 2707 480 2730 s.
501 2706 539 2730 v.
557 2690 715 2746 Ἀρτεμ.
731 2696 749 2730 Ι
769 2707 858 2745 pag.

202 2751 283 2790 338
314 2756 351 2786 et
383 2748 558 2787 Eustath.
588 2751 614 2788 l.
645 2751 670 2787 l.
692 2752 858 2788 Ptolem.

202 2804 304 2857 apud
323 2801 437 2845 Phot.
457 2807 549 2845 bibl.
570 2810 648 2849 190
660 2806 859 2859 pag.‚477.

902 1044 1003 1081 Dicti
1055 1040 1341 1080 vehementiam
1396 1041 1564 1091 infregit,

903 1107 1060 1138 notante
1070 1099 1217 1148 Valck,
1239 1101 1405 1150 Trogus,
1429 1097 1566 1135 Theo-

903 1170 1091 1210 pompum
1121 1157 1276 1194 fortasse
1305 1163 1478 1204 secutus,
1499 1157 1567 1191 Iu-

903 1217 990 1253 stin.
1033 1215 1081 1262 ΙΙ,
1117 1217 1168 1254 12
1202 1215 1287 1262 (ubi
1313 1220 1456 1249 exstat:
1490 1214 1566 1260 „in

902 1273 1062 1309 muliere
1083 1271 1232 1308 virilem
1261 1269 1461 1306 audaciam
1483 1283 1568 1306 cer-

903 1342 1014 1366 neres
1026 1328 1081 1375 “),
1104 1340 1220 1378 quem
1231 1328 1401 1379 sequitur
1414 1327 1567 1364 Orosius

908 1387 973 1435 [ΙῘ,
1007 1385 1076 1432 10]
1104 1397 1192 1434 pag.
1217 1387 1308 1424 113.
1342 1385 1399 1420 Ac
1428 1383 1569 1420 similes

906 1441 1009 1493 apud
1029 1440 1269 1478 Herodotum
1298 1442 1424 1490 ipsum
1456 1453 1570 1491 repe-

906 1501 1056 1536 riuntur
1085 1499 1294 1534 sententiae
1324 1498 1353 1545 I,
1393 1496 1487 1537 155,
1522 1497 1570 1544 II,

911 1558 1002 1596 102.
1033 1556 1102 1602 IX,
1135 1557 1201 1594 20.
1232 1556 1333 1600 1063
1366 1555 1457 1605 quin
1490 1554 1571 1604 ipsa

909 1613 1111 1649 Artemisia
1131 1611 1254 1647 simile
1277 1609 1368 1662 quid
1391 1609 1502 1646 effata
1517 1616 1572 1647 est

907 1670 1007 1717 VIII,
1030 1671 1106 1709 68:
1130 1681 1299 1719 quocum
1320 1667 1483 1704 conferri
1499 1680 1572 1704 vo-

907 1727 992 1763 lunt
1012 1725 1148 1762 similia
1169 1724 1280 1770 dicta,
1303 1738 1400 1776 quae
1422 1730 1573 1761 exstant

908 1782 1010 1833 apud
1051 1784 1213 1832 Diogen.
1254 1783 1380 1819 Laert.
1417 1781 1491 1829 IV,
1534 1783 1571 1820 1.

908 1841 1007 1877 Plat.
1027 1841 1150 1890 Legg.
1180 1841 1197 1875 Ι
1218 1852 1256 1889 p.
1278 1840 1359 1879 639
1380 1840 1426 1875 B.
1450 1838 1572 1874 Cicer.

909 1911 979 1948 pro
1014 1898 1148 1933 Milon.
1182 1899 1247 1936 21.
1286 1897 1370 1933 Liv.
1409 1896 1479 1941 IX,
1507 1896 1574 1935 19.

912 1954 1009 1991 Gell.
1026 1956 1070 1992 N.
1096 1955 1175 1990 Att.
1212 1953 1332 2000 XVII,
1354 1955 1422 1991 21.
1471 1951 1574 1996 Quin

911 2013 991 2062 ipsa
1011 2011 1128 2046 Ennii
1148 2011 1285 2046 verba:
1308 2009 1408 2057 „Vos
1431 2009 1575 2045 etenim

910 2069 1066 2104 iuvenes
1096 2068 1268 2102 animum
1288 2067 1414 2116 geritis
1434 2066 1576 2101 mulie-

912 2125 1043 2170 brem,
1073 2124 1141 2158 Illa
1167 2124 1298 2172 virago
1335 2123 1438 2159 viri“
1484 2119 1576 2157 hinc

914 2180 1059 2217 derivat
1099 2180 1327 2225 Gronovius,
1370 2176 1576 2215 accedente

913 2237 1170 2286 VVesselingio
1194 2243 1229 2272 et
1257 2235 1501 2281 Gottlebero3
1533 2241 1576 2271 tu

913 2293 990 2333 vid.
1024 2295 1067 2331 C.
1088 2295 1211 2330 Beier.
1235 2291 1283 2329 ad
1312 2292 1430 2331 Cicer.
1465 2291 1576 2329 Offic.

912 2353 942 2399 Ι,
969 2353 1018 2391 18
1059 2351 1154 2399 (ubi
1188 2350 1252 2385 illa
1283 2350 1399 2384 Ennii
1428 2355 1578 2385 exstant

913 2409 1028 2446 verba
1051 2421 1099 2444 ex
1120 2407 1329 2444 Annalium
1345 2406 1438 2442 libro
1461 2418 1579 2457 quar-

912 2472 952 2502 to
975 2464 1217 2515 deprompta)
1241 2477 1276 2513 p.
1299 2461 1377 2502 142
1400 2469 1435 2498 et
1448 2462 1578 2512 Span-

913 2522 1097 2572 geuberg.
1122 2520 1180 2556 ed.
1200 2520 1317 2556 Ennii
1345 2518 1577 2571 fragium-p.

915 2580 968 2620 64
995 2577 1054 2617 ed.
1083 2578 1187 2628 Lips.

1077 2668 1170 2719 Cap.
1189 2667 1413 2705 LXXXIX.

971 2743 1036 2787 ’Ev
1064 2745 1107 2787 δὲ
1125 2749 1181 2801 τῷ
1200 2743 1313 2799 πόνῳ
1326 2743 1472 2799 τούτῳ]
1499 2745 1523 2781 i.
1546 2758 1581 2781 e.

915 2808 952 2844 in
982 2805 1047 2843 hac
1065 2817 1206 2857 pugna.
1268 2804 1333 2843 Sic
1360 2800 1486 2850 πόνος
1517 2801 1582 2850 VI,

1560 306 1640 345 660

1563 823 1646 851 multi
1659 827 1689 849 et
1705 821 1840 848 illustres

1563 857 1611 883 vel
1630 855 1772 883 trucidati
1792 853 1839 881 vel

1563 890 1701 918 fluctibus
1728 888 1841 922 hausti,

1566 924 1668 958 paucis
1689 923 1823 960 Graeco-

1563 966 1630 985 rum
1658 956 1842 985 cadentibus.
