1996 3238
643 215 983 252 URANIA.
1046 216 1172 252 VIII.

1474 215 1530 255 59

271 325 381 369 λοίδα
415 321 705 379 καλεομένην,
755 318 867 378 ἦσαν
899 325 1137 378 Πελασγοὶ,
1181 321 1584 378 οὐνομαζόμενοι75

268 392 489 445 Κραναοί·
534 391 606 434 ἐπὶ
638 390 683 433 δὲ
713 390 943 445 Κέκροπος
976 391 1190 446 βασιλέος,
1225 392 1530 447 ἒπεκλήθησαν

268 460 559 512 Κεκροπίδαι·
598 458 882 514 ἐκδεξαμένου
919 460 964 502 δὲ
991 457 1227 514 Ἐρεχθέος
1271 458 1349 515 τὴν
1383 457 1528 515 ἀρχὴν,

263 527 489 582 Ἀθηναῖοι
516 525 939 583 μετωνομάσθησαν·
973 525 1128 577 Ἴωνος
1158 526 1204 570 δὲ
1234 531 1314 569 τοὺ
1345 526 1531 575 Ξούθου

267 593 537 650 στρατάρχεω
567 595 809 650 γενομένου
841 594 1134 650 Ἀθηναίοισι,
1169 592 1414 649 ἐκλήθησαν
1445 593 1529 639 ἀπὸ

208 944 414 1000 Ἐρεχθέος
429 963 497 1001 pro
518 951 623 1001 vulg.
642 945 871 1002 Ἐρεχθῆος,

210 1006 258 1043 de
280 1019 356 1058 quo
379 1006 458 1043 dixi
479 1007 527 1044 ad
548 1009 629 1055 VII,
656 1010 748 1048 189.
793 1008 873 1046 Sed

211 1063 368 1115 reliquo,
398 1077 496 1114 quae
518 1063 556 1104 h.
584 1065 608 1104 l,
633 1071 751 1101 tentat
768 1067 873 1102 Koe-

210 1121 307 1168 nius‚
367 1122 577 1159 mittamus.
656 1121 872 1159 Herodotea

212 1178 333 1227 attigit
362 1176 536 1215 Eustath.
559 1177 606 1215 ad
626 1179 873 1230 Dionys.Pe-

215 1234 305 1283 rieg.
331 1231 440 1283 4233
484 1236 584 1272 conf.
609 1235 770 1286 Scymn.
802 1235 872 1274 Ch.

212 1289 295 1331 558
321 1303 400 1341 seq.
432 1298 469 1328 et
494 1292 620 1329 Strab.
650 1294 707 1330 IX
731 1307 769 1344 p.
794 1295 874 1334 608

210 1347 260 1384 A.
290 1361 319 1386 ε.
343 1361 379 1398 p.
409 1350 505 1388 397.

267 1397 372 1454 ’ἦσαν
397 1403 611 1457 Πελασγοὶ,
653 1400 876 1455 ου’νομαζό-

213 1474 330 1511 μενοι
352 1461 554 1512 Κραναοί]
587 1463 673 1512 Ipsa
701 1461 876 1498 Athena-

213 1530 300 1553 rum
320 1518 409 1554 urbs
439 1520 518 1556 sive
547 1532 616 1555 arx
637 1519 729 1555 olim
758 1532 877 1555 voca-

213 1573 325 1610 batur
368 1571 537 1626 Κραναεὶ
574 1570 690 1622 πόλις
744 1573 876 1625 (conf.

214 1629 405 1681 Aristoph.
427 1630 602 1673 Ach.75.
627 1632 782 1683 Lysistr.
796 1631 876 1673 483

212 1688 342 1739 ibique
365 1686 527 1738 Scholl.)
543 1718 553 1735 ,
586 1690 745 1725 nomine
762 1689 876 1726 ducto

213 1746 274 1782 vel
303 1745 350 1781 ab
379 1747 536 1796 antiqno
558 1753 601 1782 ut
621 1746 794 1782 ferebant
813 1759 876 1782 re·-

212 1814 261 1852 ge
303 1801 443 1839 Cranno
476 1803 548 1851 (cf.
578 1801 772 1853 Aristoph.
800 1803 874 1840 Av.

218 1861 310 1898 122.
343 1861 506 1898 Pausan.
537 1861 567 1905 I,
588 1862 615 1899 2
636 1861 672 1906 ξ.
694 1859 731 1899 5·
764 1861 872 1905 31§.

213 1917 253 1955 2.
293 1915 517 1966 Apollodor.
550 1918 616 1964 ΙΙΙ,
652 1915 701 1956 14
722 1923 812 1955 sect.
832 1916 874 1965 1)

215 1971 278 2008 vel
298 1985 319 2007 a
340 1974 414 2010 loci
433 1980 568 2009 natura
598 1974 745 2025 solique
766 1986 877 2023 aspe-

217 2029 340 2064 ritate.
373 2030 431 2065 De
454 2030 599 2079 Cecrope
613 2037 726 2080 atque
737 2029 879 2066 Erech-

217 2084 294 2121 theo
309 2085 374 2122 vix
389 2098 483 2136 opus
502 2087 610 2136 plura
621 2085 768 2126 afferre.
792 2086 880 2122 Suf-

216 2140 358 2188 ficiant,
393 2155 491 2193 quae
514 2143 555 2179 C.
574 2144 615 2180 F.
639 2144 881 2179 Hermannus

219 2199 342 2234 attulit
362 2198 401 2234 in
423 2199 574 2236 Hellen.
604 2197 880 2236 Staatsalterth.

218 2255 318 2299 §.91
341 2262 422 2292 not.
447 2257 511 2296 19.
538 2258 599 2302 18,
623 2256 688 2306 qui
708 2255 812 2292 idem
834 2254 881 2292 de

218 2310 313 2358 lone,
335 2310 459 2348 Xuthi
478 2312 568 2360 filio,
583 2313 796 2349 Atticarum
818 2326 882 2348 re-

219 2381 307 2405 rum
341 2368 548 2415 conditore,
585 2368 632 2405 de
659 2382 734 2421 quo
757 2362 882 2405 etiam

220 2424 436 2463 Herodotus
467 2426 683 2462 conferatur
719 2427 798 2473 VII,
828 2424 881 2466 94

220 2483 328 2533 plura
350 2483 476 2520 citavit
493 2483 529 2527 ξ.
551 2483 604 2523 95
626 2489 704 2522 not.
729 2486 755 2523 2
775 2495 882 2533 seqq.

223 2539 309 2576 coll.
333 2541 370 2584 ξ.
401 2541 467 2585 91,
488 2539 554 2575 ubi
576 2540 711 2575 merito
737 2538 883 2576 attendi

221 2596 328 2632 iubet
358 2594 406 2632 ad
437 2595 601 2633 diversas
635 2593 745 2632 hasce
769 2597 883 2633 unius

223 2651 395 2689 eiusdem
415 2653 578 2703 regionis
599 2652 882 2703 appellationes3

223 2708 327 2746 unde
354 2710 386 2746 si
420 2709 512 2761 quid
544 2709 667 2757 aliud,
688 2707 762 2746 hoc
783 2717 884 2747 certe

225 2766 401 2816 colligas,
430 2780 589 2817 magnas
621 2767 714 2802 olim
742 2767 782 2802 iu
811 2767 884 2803 At-

224 2822 298 2860 tica
313 2816 490 2861 acciditsse
506 2824 734 2861 mutationes
749 2821 886 2861 dome-

135 658 201 704 45
265 661 428 706 τούτου
450 661 609 713 Ἴωνες.
667 663 891 720 Μεγαρέες
915 663 959 706 ὑὲ
988 661 1127 706 τωυτό
1159 659 1372 716 πλήρωμα
1392 663 1588 716 uacat-:50

272 748 402 787 χοντο
446 729 495 775 τό
544 732 619 775 καὶ
666 730 726 775 ἐπ’
779 731 1048 788 Ἀρτεμισίῳ·

1116 729 1436 786 Ἀμπρακιῶται
1475 731 1532 782 δὲ,

928 951 1049 1000 sticas‚
1070 949 1117 987 de
1139 950 1276 1002 qulbus
1297 955 1428 986 tamen
1439 947 1591 986 intanta

929 1009 1234 1046 testimoniorum
1263 1007 1393 1056 inopia
1415 1006 1481 1042 vix
1502 1008 1593 1042 certi

931 1065 1022 1117 qnid
1033 1066 1260 1102 constituere
1281 1064 1382 1102 licet.
1409 1061 1470 1099 Ad
1482 1063 1594 1099 Athe-

928 1125 1060 1161 menses
1085 1122 1181 1158 lones
1205 1121 1375 1157 referunt
1397 1120 1510 1156 etiam
1533 1120 1594 1156 Ιο-

929 1192 988 1217 nes
1025 1178 1127 1230 apud
1166 1180 1323 1214 Homer.
1355 1176 1462 1213 Iliad.
1488 1178 1593 1221 Xffl,

931 1236 1024 1284 685,
1063 1237 1127 1272 ubi
1148 1242 1190 1273 tu
1213 1235 1263 1272 cf.
1282 1232 1414 1271 Bothii
1433 1241 1595 1270 annota-

929 1294 1088 1330 tionem.

1153 1382 1246 1432 Cap.
1263 1380 1383 1418 XLV.

991 1458 1197 1512 Μεγαρέες
1218 1475 1254 1498 κ.
1272 1473 1306 1499 τ.
1330 1457 1400 1511 λη]
1432 1461 1490 1495 De
1511 1457 1597 1496 Me-

931 1518 1140 1566 garensibus
1172 1516 1251 1554 vid.
1285 1517 1386 1563 VIII,
1423 1518 1441 1555 1
1465 1517 1596 1566 ibique

932 1581 1042 1622 nott.‚
1075 1574 1140 1609 ubi
1167 1575 1284 1610 etiam
1306 1572 1352 1609 de
1374 1585 1469 1611 voce
1495 1568 1596 1622 πλή-

933 1645 1059 1682 ρωμα.
1094 1631 1281 1668 Voculam
1300 1626 1345 1669 τό
1364 1636 1449 1680 post
1463 1630 1596 1680 παρεί-

932 1703 1049 1739 χοντο
1076 1689 1299 1724 auctoritate
1329 1686 1469 1723 codicis
1494 1687 1597 1723 San-

934 1745 1044 1781 crofti
1093 1746 1275 1781 omissam
1317 1756 1339 1780 a
1374 1742 1596 1791 Schaefero,

934 1815 1051 1854 quem
1078 1800 1214 1838 Matth.
1257 1807 1295 1838 et
1326 1799 1497 1838 Bekker.
1536 1814 1599 1837 se-

934 1866 1122 1910 quuntur,
1152 1857 1333 1910 equidem
1363 1871 1454 1894 cum
1479 1857 1597 1896 Gaisf.

934 1923 970 1953 et
991 1914 1213 1966 Schweigh.
1238 1916 1428 1953 revocavi.

989 1968 1293 2025 Ἀμπρακιῶται
1319 1969 1425 2010 1533-—
1446 1967 1599 2022 ἐπεβώ-

936 2027 1092 2081 θησαν]
1134 2032 1192 2066 De
1221 2030 1346 2065 forma
1386 2025 1600 2080 ε’πεβώθη-

938 2096 1012 2125 σαν
1032 2085 1109 2122 vid.
1128 2093 1224 2122 nott.
1248 2085 1295 2122 ad
1312 2087 1410 2133 VIII,
1436 2089 1472 2125 1.
1509 2086 1599 2122 Am-

938 2143 1113 2179 bracz'otae
1127 2149 1215 2178 sunt
1227 2142 1374 2177 incolae
1386 2143 1487 2177 urbis
1499 2142 1599 2177 Am-

937 2199 1111 2245 braciae,
1170 2211 1269 2250 quae
1309 2210 1330 2233 a
1370 2197 1600 2249 quibusdam

938 2254 1190 2306 Thesprotiae
1241 2262 1460 2291 accensetur
1480 2285 1490 2303 ‚
1550 2253 1599 2291 ad

935 2310 1176 2349 Arachthum
1191 2312 1260 2348 sita
1272 2312 1431 2348 fluvium
1450 2313 1490 2348 in
1502 2313 1600 2358 Am—

937 2370 1055 2406 bracii
1079 2370 1181 2406 sinus
1202 2381 1351 2405 recessu
1368 2369 1513 2416 intimo,
1533 2369 1600 2405 ubi

939 2439 961 2463 a
991 2424 1195 2463 Corinthiis
1226 2426 1376 2476 Cypseli
1395 2425 1474 2462 fere
1496 2432 1601 2463 aeta-

938 2490 976 2520 te
1012 2489 1201 2519 exstructa
1229 2488 1284 2518 est
1311 2495 1355 2519 eo
1385 2483 1503 2529 loco,⁴
1525 2496 1601 2534 quo

940 2553 1044 2576 nunc
1061 2539 1198 2576 dicitur
1220 2552 1299 2575 esse
1318 2539 1424 2577 Arta.
1483 2540 1601 2576 Plura

940 2598 1061 2633 Kruse
1083 2596 1210 2632 Hellas
1230 2596 1277 2639 11,
1293 2597 1318 2635 2
1343 2609 1380 2647 p.
1400 2597 1480 2636 283
1493 2610 1600 2648 seqq.

942 2656 1023 2694 322
1063 2665 1170 2704 seqq.
1245 2650 1396 2689 Eodem
1445 2666 1599 2705 quoque

941 2717 1126 2759 tempore,
1148 2708 1288 2746 Leucas
1309 2708 1461 2746 condita
1481 2710 1600 2748 fertur

942 2779 963 2802 a
999 2764 1213 2814 Corinthiis,
1235 2765 1355 2817 patriai
1380 2768 1460 2804 scil.
1486 2767 1600 2817 pulsis

942 2821 1164 2861 dominante
1182 2823 1366 2875 Cypse103
1382 2823 1486 2876 quod
1495 2824 1600 2866 enim
