1996 3238
580 145 924 183 URANIA.
984 145 1111 183 VIII.

221 259 384 314 ,,θῆναι
411 255 485 298 καὶ
513 256 599 297 τῶν
622 254 845 296 οἰκετέων·

1399 144 1482 185 153

876 256 950 297 καί
969 270 1032 305 τις
1062 254 1206 309 οἰκίην
1225 268 1269 297 τε
1292 252 1484 297 ἀναπλα-

220 323 416 377 ,,σοὶσθω,
446 322 518 366 καὶ
549 320 720 375 σπόρου
751 319 925 372 ἀνακῶς
949 321 1085 377 ἐχέτω,
1116 321 1357 372 παντελέως
1386 320 1482 364 ἀπε-

222 392 382 446 ,,λοὲσας
410 389 487 432 τόν
516 389 766 445 βάρβαρον·
814 389 903 444 ἅμα
934 390 979 432 δὲ
1009 394 1070 449 τῷ
1101 391 1195 444 ἔαρι
1234 390 1482 433 καταπλέω-

195 466 218 500 6
229 476 332 516 ,,μεν
360 458 427 501 ἐπὶ
452 457 772 514 Ἑλλησπόντου
801 457 873 501 καὶ
908 455 1111 513 Ἱωνίης.“
1174 462 1320 501 Ταῦτα
1351 459 1477 512 ἔλεγε,

220 525 450 583 ἀποθήκην
478 526 646 583 μέλλων
674 525 938 583 ποιήσεσθαι
967 525 1009 577 ἐς
1037 524 1115 569 τόν
1156 525 1348 581 Πέρσεα·
1394 527 1480 579 ἵνα,
1493 531 1538 565 65

162 771 394 812 eorumque,
421 772 519 812 quae
534 756 624 797 huic
645 758 823 797 adiuncta

161 823 261 865 sunt,
286 819 519 854 accusativus
541 816 703 856 additur.
734 816 820 855 Vid.

160 873 258 910 iufra
287 874 365 922 IX,
399 877 451 914 60
480 881 517 910 et
547 875 720 912 Gramm.
752 875 818 913 Gr.

161 931 199 976 ξ.
221 930 300 971 546
320 944 408 981 pag.
433 933 539 972 1072
562 944 640 983 seq.
663 931 723 968 ed.
744 945 820 969 sec.

159 989 244 1024 Hoc
280 1001 370 1024 vero
402 988 485 1024 loco
526 986 820 1059 ἐπιμεληθῆναι

160 1043 365 1081 commode
385 1058 405 1080 e
427 1045 550 1081 verbis
568 1059 610 1083 ευ
642 1043 717 1096 γάρ
747 1044 822 1096 ἔχει

159 1101 260 1138 necti
273 1107 405 1151 potest.
411 1102 533 1138 “—V
535 1114 645 1138 ocem
659 1102 822 1141 οἰκετῶν

161 1157 299 1194 eodem
337 1158 573 1208 significatu,
613 1172 688 1211 quo
720 1160 820 1208 v,111

161 1217 242 1256 106
262 1217 382 1266 accipi
401 1216 530 1254 velim.

216 1283 286 1322 καί
320 1299 380 1331 τις
409 1284 542 1334 οἰκίην
573 1298 613 1322 τε
646 1279 820 1323 οἷναπλα-

161 1336 303 1379 σάσθω
325 1340 392 1380 καὶ
454 1337 609 1391 σπόρου
664 1338 820 1387 οἷνακῶς

159 1396 291 1447 ἐχέτω]
323 1399 348 1434 i.
371 1412 403 1437 e.
426 1397 480 1434 Et
501 1399 740 1448 unusquisque
767 1411 820 1435 re-

149 1455 260 1504 ficiat
282 1455 384 1492 aedes
406 1467 490 1492 suas
510 1460 672 1504 curetque
690 1468 821 1492 semen-

159 1514 227 1548 tem
258 1512 356 1562 fieri.
412 1513 471 1548 Ita
512 1510 698 1550 Valcken.
761 1513 820 1548 De

158 1570 387 1618 pronomine
398 1583 467 1615 τις,
489 1567 594 1620 quod
614 1567 653 1605 h.
669 1570 694 1606 l.
715 1568 821 1605 idem

158 1625 259 1662 vaiet
282 1633 396 1678 atque
416 1627 497 1672 πᾶς
521 1641 579 1672 τις
600 1638 628 1662 ε.
650 1621 707 1673 εἷς
730 1625 822 1665 ἕκα-

159 1693 250 1728 στος
280 1680 571 1735 (ιιηιιεφιίεᾳιιε),
613 1688 708 1720 teste
737 1685 821 1720 Eu—

157 1737 271 1776 stath.
298 1739 347 1776 ad
378 1739 522 1777 Od.111
552 1753 590 1790 p.
621 1742 722 1787 123,
751 1739 819 1780 25-

158 1794 236 1833 vid.
258 1795 392 1834 Matth.
415 1798 480 1833 Gr.
502 1797 567 1835 Gr.
602 1797 639 1841 ᾗ.
661 1794 763 1844 487,
794 1800 820 1838 2

158 1865 248 1903 pag.
271 1856 368 1894 910.
397 1852 616 1890 Blomfield.
656 1855 821 1890 Glossar.

161 1908 210 1945 ad
241 1909 419 1962 Aeschyl.
453 1909 625 1961 Choeph.
663 1909 729 1951 53.
766 1931 822 1939 —-

158 1967 218 2002 De
255 1968 409 2019 reliquis
439 1968 490 2003 ita
527 1966 821 2004 Valckenae-

159 2024 287 2060 rius:
319 2025 579 2071 „rarissimum
595 2024 754 2060 arbitror
774 2025 822 2060 il-

158 2078 227 2116 lud
248 2079 382 2129 οἰκίην
401 2075 714 2120 ἀναπλασάσθω.
754 2079 823 2117 Ni-

161 2136 242 2174 dum
255 2138 397 2188 fingere
415 2134 562 2176 πλάσαι
581 2133 707 2187 δόμον
728 2136 824 2174 dixit

158 2193 323 2231 incertus
354 2201 468 2245 poeta
506 2193 637 2246 [quem
667 2193 824 2245 Sopho-

159 2250 259 2287 clem
280 2264 359 2288 esse
378 2250 483 2288 idem
502 2253 712 2302 suspicatur
733 2252 824 2288 Val-

160 2305 359 2357 ckenaer.]
392 2307 494 2359 apud
524 2310 694 2360 Lycur-g.
735 2321 824 2358 pag.

162 2366 266 2412 166,
307 2364 374 2406 35.
423 2366 536 2416 [pag.
568 2368 649 2406 229
695 2363 823 2402 Reisk.

160 2421 228 2458 Tu
247 2422 348 2458 conf.
372 2435 526 2473 quoque
545 2420 825 2473 W.5ttenbach

164 2476 213 2513 ad
246 2480 346 2516 Plut.
366 2480 501 2516 Moral.
522 2480 539 2514 I
567 2493 604 2529 p.
626 2478 745 2531 755]
773 2501 825 2507 —

165 2527 328 2580 οἶνακως
358 2534 471 2584 ἐχέτω
500 2535 604 2572 idem
636 2542 691 2572 est
711 2543 826 2588 atque

163 2589 407 2641 ἐπιμελείτω.
465 2591 550 2628 vid.
573 2593 743 2629 Piersou.
779 2591 828 2630 ad

165 2646 304 2687 Moer.
325 2649 413 2687 Au-
437 2661 476 2699 p.
503 2647 600 2689 43.“
647 2649 712 2685 Tu
749 2648 827 2687 vid.

167 2705 282 2742 etiam
302 2703 445 2744 Herod.
465 2706 495 2753 Ι,
518 2703 570 2746 24
590 2705 718 2757 ibique
730 2713 826 2744 nott.

168 2760 369 2808 etMatth.
387 2763 455 2801 Gr.
487 2764 552 2800 Gr.
575 2764 612 2808 §.
634 2762 717 2804 348
738 2775 826 2815 pag.

880 756 975 798 657.
999 757 1097 795 citat
1122 755 1218 794 haec
1237 754 1423 794 Herodoti
1450 770 1539 794 ver-

877 815 926 851 ba
953 813 1124 852 Eustath.
1155 813 1203 851 ad
1223 815 1382 851 Homeri
1405 812 1540 865 Odyss.

876 873 895 908 I
914 885 967 909 vs.
992 873 1070 913 397
1091 884 1178 923 pag.
1202 874 1279 920 67,
1299 870 1353 911 47
1382 869 1441 909 ed.
1460 872 1539 906 Ba-

876 929 955 977 sil.,
1018 929 1085 966 ubi
1136 942 1206 980 pro
1270 924 1424 980 σπόρου
1475 926 1539 964 dat

877 987 1041 1036 σπορᾶς.

934 1048 1157 1104 ἀποθήκην
1200 1050 1353 1102 μέλλων
1375 1046 1542 1102 ποιήσε-

879 1114 977 1150 σθαι
994 1110 1034 1157 ἐς
1052 1107 1120 1150 τόν
1141 1108 1311 1160 Πέρσεα]
1337 1110 1540 1161 „Sequen-

876 1169 928 1204 tia
949 1181 1038 1205 cum
1058 1167 1115 1204 his
1137 1167 1297 1203 arbitror
1330 1166 1539 1217 iungenda,

879 1223 920 1271 ἐς
946 1222 1016 1264 τὸν
1046 1224 1225 1275 Πὲοσεα,
1264 1223 1332 1263 ι’να
1367 1220 1476 1273 (ὴν
1459 1219 1539 1273 α’ρα

877 1283 914 1320 τί
934 1297 1002 1331 μιν
1015 1275 1300 1335 καταλαμβανῃ
1311 1276 1410 1331 ποὸς
1417 1275 1542 1330 Ἀθη-

877 1337 1005 1377 ναίων
1044 1335 1199 1386 πάθος)
1231 1336 1298 1392 ἔχῃ
1342 1333 1542 1388 α’ποστρο-

878 1391 988 1444 φήνς
1031 1395 1084 1431 ita
1123 1401 1274 1442 tamen,
1315 1400 1357 1430 ut
1399 1393 1541 1444 partim

878 1454 992 1488 etiam
1021 1451 1070 1489 ad
1099 1452 1163 1487 illa
1185 1452 1421 1501 pertineant,
1469 1446 1541 1488 τὸν

878 1508 1056 1561 Πέρσεα,
1098 1509 1256 1544 Persam
1286 1508 1389 1543 enim
1413 1506 1541 1543 factu-

876 1579 940 1602 rus
962 1572 1041 1602 erat
1071 1560 1313 1615 οἷποθήκην,
1344 1564 1395 1600 ad
1437 1564 1542 1600 illum

877 1626 917 1659 ut
937 1623 1077 1659 liaberet
1101 1625 1274 1672 receptum
1307 1621 1370 1659 vel
1396 1620 1542 1670 refugi-

877 1692 955 1728 um,
986 1680 1017 1716 si
1039 1692 1115 1731 qua
1135 1685 1290 1729 urgeret
1313 1678 1540 1714 necessitas:

878 1710 1047 1773 amicum
1069 1735 1117 1773 ad
1137 1743 1286 1773 certum
1306 1742 1457 1785 tempus
1477 1746 1544 1771 ve-

876 1794 934 1830 lut
963 1795 1192 1845 sepositum,
1226 1791 1432 1844 aliquando
1454 1790 1542 1827 usui

876 1850 1071 1899 futurum
1097 1851 1291 1900 eleganter
1304 1864 1328 1886 v
1332 1855 1416 1885 ocat
1439 1842 1542 1886 α’πο-

877 1905 1027 1958 θήκην.
1086 1907 1147 1943 Ad
1157 1880 1383 1946 ῦοῖπὸθετον
1419 1905 1542 1953 φίλον

875 1966 916 2001 in
943 1966 1057 2016 Lysia
1084 1977 1171 2015 pag.
1209 1964 1287 2004 158
1321 1962 1429 2013 [pag.
1462 1963 1542 2001 313

877 2021 1026 2069 Reisk]
1060 2021 1137 2057 vid.
1160 2019 1369 2059 Marciand.
1392 2025 1446 2062 et,
1477 2017 1545 2069 qui

879 2077 941 2115 hic
965 2073 1189 2126 ἀποθήκην
1217 2078 1371 2126 egregie
1400 2081 1541 2121 tuetur,

879 2132 1064 2172 Abrescb.
1093 2134 1240 2170 Dilucc.
1262 2129 1472 2182 Thucydd.
1502 2144 1542 2181 p.

881 2190 977 2232 654.
1035 2190 1099 2227 Ad
1141 2185 1404 2241 ἀποστροφήν
1441 2187 1546 2224 conf.

880 2246 1063 2299 Xenoph.
1108 2248 1248 2299 Cyrop.
1291 2247 1345 2290 V,
1397 2247 1450 2291 2,
1476 2246 1544 2283 11.

880 2306 1007 2343 Anab.
1051 2305 1140 2353 Vll,
1182 2307 1228 2352 6,
1271 2301 1337 2344 24.
1388 2303 1543 2338 Isocrat.

880 2364 953 2414 Ep.
973 2364 1010 2398 Π
1029 2375 1116 2413 pag.
1141 2359 1221 2401 410
1243 2362 1289 2397 Β.
1311 2358 1547 2408 Wesseling.

883 2420 931 2456 ad
962 2419 1075 2456 Diod.
1115 2419 1132 2454 Ι
1171 2432 1209 2468 p.
1232 2420 1313 2457 207
1355 2422 1391 2452 et
1414 2416 1546 2465 Toup.

883 2478 972 2513 Em.
1001 2478 1041 2512 iu
1072 2474 1182 2513 Suid.
1210 2487 1292 2511 voc,
1332 2468 1546 2521 Ἀποστρο-

876 2530 945 2584 φή
965 2534 1032 2582 [Τ.
1063 2534 1080 2578 1
1100 2544 1188 2583 pag.
1210 2531 1294 2580 51].
1327 2528 1546 2565 Beneficio-

885 2604 971 2627 rum
998 2591 1039 2626 in
1069 2601 1201 2640 regem
1230 2587 1453 2638 regiamque
1486 2586 1546 2622 fa-

884 2649 1030 2685 miliam
1052 2644 1123 2683 hac
1145 2643 1261 2696 opera
1288 2643 1356 2681 sust
1387 2643 1547 2680 collato-

885 2718 995 2752 rum,
1027 2703 1076 2739 ob
1116 2715 1214 2755 quae
1237 2696 1465 2753 εὐεργεσίαν
1493 2700 1546 2735 si·

883 2762 923 2799 bi
952 2761 1081 2799 scribit
1118 2757 1379 2811 ὀφείλεσθαι,
1407 2756 1548 2793 memi-

1535 455 1613 494 671
