1996 3238
446 181 528 222 128
846 180 1305 219 HERODOTl

447 288 528 333 νὸν
565 287 651 343 γάρ
685 304 753 332 τοι
789 287 1043 342 ἐποιεῦντο,
1082 294 1269 346 γυναῖκα
1308 289 1377 332 ἐπὶ
1416 289 1494 340 τοὶς
1517 286 1705 345 Ἀθήνας

419 356 772 409 4στρατεύεσθαι.
832 356 941 413 αὕτη
971 357 1049 413 μὲν
1079 356 1155 413 δή,
1197 355 1255 407 ὠς
1282 355 1497 410 πρότερον
1526 358 1705 412 εἴρηται,

450 425 652 480 διέφυγε·
682 421 793 481 ἦσαν
823 426 868 469 δὲ
897 425 969 469 καὶ
999 427 1042 468 οἱ
1072 424 1207 475 ἄλλοι,
1238 428 1324 467 τῶν
1363 426 1409 467 αἱ
1443 429 1543 480 νῆες
1572 440 1706 478 περιε-

392 690 481 715 usus
502 684 557 714 est
576 679 618 726 I,
653 677 744 719 194.
773 679 831 726 11,
864 681 956 719 122.
982 679 1047 718 70.

397 736 488 774 182.
515 735 603 781 Vll,
634 738 725 775 113.
763 736 871 774 Conf.
895 747 1048 786 quoque

394 791 553 841 Gregor.
577 792 662 827 Cor.
707 793 763 827 De
785 791 873 831 dial,
905 794 981 830 ion.
1014 791 1048 835 ξ.

391 847 446 888 57
486 860 573 898 pag.
609 848 701 887 466.
754 847 870 898 Apud
904 848 1050 884 serioris

395 906 523 940 aetatis
543 905 739 954 scriptores
750 911 869 940 exstat
883 905 1051 955 ζωγρίαν

393 961 550 1010 λαβεῖνε
575 960 621 996 de
644 973 718 1011 qno
741 960 820 997 dixi
831 960 877 997 ad
891 962 1054 997 Ctesiam

391 1017 511 1053 Perss.
533 1018 627 1054 Exc,
649 1018 686 1062 ᾗ.
709 1019 732 1057 9
754 1030 842 1068 pag.
867 1020 959 1057 123·
992 1015 1054 1052 Ad

396 1073 629 1110 locutionem
677 1072 807 1113 δεινὸν
850 1077 1055 1114 ποιεῖσθαι

396 1130 497 1168 cons.
518 1131 594 1167 citt.
617 1129 666 1166 ad
686 1131 774 1179 VII,
802 1129 870 1171 35.

601 1219 689 1271 Cap.
722 1220 856 1260 XCIV.

446 1292 703 1348 Ἀδείμαντον
735 1295 777 1337 δὲ
815 1298 887 1338 τόν
910 1298 1056 1350 Κορίν-

394 1357 492 1393 θιον
521 1352 738 1407 στρατηγόν
764 1353 920 1406 λέγουσι
939 1352 1056 1406 Ἀθη-

394 1413 503 1450 ναῖοι
525 1425 560 1450 κ.
582 1426 613 1449 τ.
635 1409 693 1464 λ.]
740 1413 823 1459 „De
854 1411 1056 1450 Corinthiis

396 1474 434 1504 et
449 1466 656 1504 Adimauto
678 1469 739 1504 hic
751 1475 900 1505 tantum
916 1476 1054 1517 narrat,

397 1523 490 1575 quid
510 1523 761 1561 Athenienses
783 1524 968 1573 dixerint,
999 1533 1057 1563 at-

397 1593 472 1632 que
509 1579 595 1617 huic
623 1582 768 1617 rumori
795 1583 1056 1618 testimonium

398 1638 557 1687 opponit
614 1638 811 1673 universae
853 1638 1055 1686 Graeciae3

395 1693 463 1730 sed
485 1693 556 1729 hoc
576 1694 639 1729 ille
656 1695 927 1735 *testimonium
954 1696 1058 1732 velut

396 1750 436 1786 in
452 1756 665 1787 transcursu
677 1751 795 1787 tribus
810 1752 933 1788 verbis
950 1765 1058 1788 com-

396 1813 604 1854 memorat3
626 1807 766 1843 famam
776 1807 935 1845 Athenis
951 1822 1058 1859 spar-

398 1876 481 1900 sam
521 1864 714 1914 eleganter
752 1871 900 1901 enarrat
944 1873 1058 1917 atque

400 1920 600 1970 explicate.
659 1920 818 1971 Saepius
850 1922 965 1957 etiam
988 1923 1058 1957 ali-

399 1977 438 2013 bi
472 1977 560 2013 talia
594 1978 721 2013 scribit
759 1977 806 2014 de
842 1977 1057 2026 Corinthiis,

400 2046 499 2084 quae
506 2032 797 2070 Atheniensibus
810 2035 930 2071 multo
942 2048 1059 2086 quam

401 2090 473 2126 illis
494 2090 593 2126 lectu
617 2089 737 2127 videri
773 2089 973 2128 debuerint
1001 2093 1058 2127 iu-

402 2145 599 2183 cundiora.
677 2148 761 2182 Huc
809 2146 907 2184 adde
927 2149 1059 2185 Dionis

403 2201 682 2254 Chrysostomi,
725 2204 790 2254 qui
820 2202 1060 2241 Herodotum

399 2258 677 2306 admirabatur,
711 2261 990 2308 testimonium,
1019 2262 1058 2297 in

401 2315 572 2354 Corinth.
595 2329 632 2366 p.
655 2315 735 2355 456
757 2317 798 2355 C.
830 2317 1058 2354 Corinthum

399 2371 577 2409 Nostrum
612 2373 757 2409 venisse
796 2376 981 2410 narrantis
1022 2381 1058 2410 et

399 2442 467 2479 pro
490 2429 600 2465 laude
628 2427 828 2466 Corinthiis
851 2431 932 2466 iure
963 2443 1057 2467 con-

402 2486 543 2522 tributa
563 2486 725 2522 voluisse
755 2484 908 2538 μισθον
935 2484 1059 2537 a'in·

404 2546 520 2580 στθαι
561 2541 738 2578 mercede
777 2551 913 2594 negata
951 2557 1058 2594 μετε-

404 2595 618 2645 σκεύασεν,
657 2599 802 2649 inquit,
840 2600 994 2667 e'neiya,
1033 2596 1059 2638 ἃ

401 2669 548 2700 παντες
594 2652 841 2705 ἐπιστάμεθα
882 2657 928 2695 τά
966 2656 1058 2707 περὶ

400 2726 474 2761 την
507 2713 715 2760 Σαλαμῖνα
742 2710 809 2749 καὶ
839 2710 906 2751 τόν
935 2708 1059 2751 Ἀδεί-

401 2782 566 2819 μαντον.
623 2768 755 2804 Dionis
792 2769 922 2806 locum
952 2767 1058 2806 adhi-

323 492 390 537 94
447 490 694 547 γεγόνεσαν,
726 494 772 537 ἐν
791 497 854 550 τῷ
889 491 1095 552 Φαλήρῳ.
1131 491 1411 548 Ἀδείμαντον
1441 493 1486 536 δὲ
1514 492 1591 536 τὸν
1621 493 1762 535 Iso-80

1105 677 1269 714 buerunt
1288 677 1452 715 Wessel.
1474 678 1586 715 etiam
1607 679 1644 714 in
1666 678 1763 716 Diss.

1106 733 1248 770 Herod.
1270 747 1306 783 p.
1328 736 1404 774 128
1421 742 1456 770 et
1479 734 1650 771 Reiskius
1666 736 1764 771 Ani-

1106 789 1233 827 madv.
1259 791 1293 825 11
1313 803 1350 839 p.
1373 791 1465 830 527.
1485 793 1587 827 llaec
1608 791 1765 827 tandem

1109 848 1310 897 exigantur
1330 845 1522 883 Plutarch.
1544 848 1578 882 11
1623 861 1660 897 p.
1683 850 1764 888 862

1108 905 1176 940 B.:
1216 900 1276 941 ὅτι
1305 902 1436 952 μέντοι
1472 902 1565 942 δέκα
1595 899 1766 941 τάλαντα

1111 956 1264 1011 δωρεάν
1302 958 1440 1010 ἔλαβεν
1485 959 1523 1007 ἐξ
1558 955 1766 1009 Ἀθηνῶν,

1109 994 1282 1055 Ἀνύτου
1295 1012 1338 1055 τὰ
1351 1011 1557 1083 ψήφισμα
1577 1014 1767 1080 γράψαν-

1110 1088 1198 1121 τος,
1232 1067 1334 1123 vivilo
1351 1067 1573 1123 Ἀθηναῖος
1609 1067 1660 1112 ου’
1685 1074 1767 1110 ταῖν

1109 1127 1483 1180 παρημελημένων’
1467 1145 1508 1168 εν
1533 1129 1686 1182 ἱστορίᾳ
1698 1129 1768 1167 Δι’-

1109 1186 1230 1232 ’ῦλλος
1259 1185 1430 1236 εἴρηκεν.
1488 1187 1592 1222 Haec
1619 1187 1649 1222 si
1679 1194 1783 1222 vera>

1111 1249 1219 1290 sunt,
1242 1255 1367 1293 neque
1387 1243 1527 1292 gratiae
1544 1255 1614 1279 nec
1633 1242 1769 1279 simul-

1110 1300 1196 1335 tatis
1226 1297 1421 1335 historicus
1451 1306 1578 1336 noster
1613 1298 1769 1348 effugiet

1111 1355 1389 1405 suspicmnem:
1430 1362 1520 1391 nota
1541 1362 1615 1402 est,
1653 1367 1769 1406 quam

1106 1415 1260 1462 primam
1281 1424 1351 1448 esse
1371 1411 1536 1448 historiae
1556 1412 1664 1459 legem
1680 1412 1771 1448 scri-

1113 1470 1167 1505 bit
1207 1469 1338 1504 Cicero
1381 1470 1438 1504 De
1473 1469 1574 1506 Orat.
1597 1469 1660 1512 11,
1704 1466 1769 1508 15.

1110 1523 1400 1562 Atheniensium
1411 1526 1554 1561 rumori
1566 1525 1642 1561 sive
1657 1524 1770 1574 ipsius

1111 1583 1235 1632 potius
1265 1581 1448 1618 Herodoti
1468 1581 1769 1627 malevolentiae,

1113 1639 1215 1674 Plut.
1235 1638 1271 1673 ΙΙ
1300 1651 1338 1687 p.
1360 1640 1440 1679 870
1458 1645 1493 1674 et
1513 1650 1591 1689 seq.
1614 1637 1772 1687 opponit

1113 1693 1353 1745 Thucydidis
1392 1695 1606 1742 silentium,
1647 1693 1772 1730 dona-

1114 1751 1214 1786 rium
1243 1749 1493 1801 Delphicum,
1529 1758 1660 1787 votum
1683 1762 1772 1785 mu-

1112 1807 1250 1844 lierum
1267 1806 1561 1853 Corinthiarum,
1584 1808 1772 1856 epigram-

1114 1871 1217 1900 mata
1254 1864 1461 1901 Simonidis
1511 1864 1771 1914 aliorumque.)

1116 1933 1212 1972 quae
1244 1934 1401 1957 omnem
1430 1921 1561 1957 tollere
1595 1919 1773 1957 videntur

1116 1978 1410 2021 dubitationem,
1441 1989 1616 2028 quaeque
1647 1977 1773 2012 Hero-

1116 2033 1205 2070 doto
1258 2046 1337 2070 non
1376 2035 1506 2083 ignota
1545 2031 1773 2084 persuadere

1116 2089 1348 2138 debuerant,
1389 2103 1607 2137 rumorem,
1656 2101 1772 2140 quem

1115 2147 1161 2183 ab
1176 2145 1343 2183 hostibus
1356 2145 1638 2183 Corinthiorum
1650 2143 1773 2181 Athe-

1115 2204 1307 2240 niensibus
1330 2209 1536 2253 acceperat,
1569 2202 1773 2238 involven-

1115 2259 1209 2296 dum
1229 2261 1396 2306 silentio,
1429 2272 1505 2295 non
1536 2265 1771 2308 posterorum

1116 2329 1195 2352 esse
1243 2317 1451 2352 memoriae
1502 2313 1771 2354 tradendum.“

1123 2373 1150 2408 V
1161 2386 1183 2408 α
1197 2372 1208 2408 l
1220 2372 1263 2409 cl.-
1275 2387 1320 2409 cn
1332 2387 1354 2409 a
1366 2386 1381 2409 e
1394 2386 1423 2408 r.
1456 2371 1647 2423 Equidem
1668 2369 1771 2407 haud

1114 2430 1306 2479 intelligo,
1347 2428 1438 2479 qnid
1464 2430 1544 2464 iure
1565 2429 1656 2465 vitio
1676 2427 1772 2465 verti

1115 2487 1229 2536 possit
1259 2487 1356 2536 patri
1388 2485 1582 2531 historiae,
1614 2484 1679 2536 qui
1709 2482 1771 2520 hic

1117 2555 1271 2593 quoqne
1303 2556 1369 2591 pro
1401 2555 1507 2578 more
1535 2553 1604 2578 suo
1627 2539 1772 2578 diversa

1116 2601 1239 2635 attulit
1266 2600 1503 2644 testimonia,
1548 2595 1650 2633 unde
1680 2595 1771 2648 qnid

1115 2657 1194 2691 veri
1223 2656 1409 2703 subesset,
1447 2653 1656 2690 iudicarent
1695 2654 1769 2701 alii,

1116 2724 1279 2763 quorum
1301 2711 1438 2748 iudicio
1459 2711 1577 2747 libero
1587 2710 1674 2746 talia
1687 2721 1773 2745 ma-

1114 2769 1184 2805 luit
1203 2770 1434 2819 permittere,
1455 2779 1572 2820 quam
1585 2767 1664 2818 ipse
1681 2766 1772 2803 certi

1951 1287 1957 1297 <

1944 1550 1957 1607 ’ἕ

1945 1604 1954 1643 ³5
