1996 3238
88 257 154 301 49

601 137 949 174 URANIA.
1009 137 1133 174 VIII.

330 248 406 301 Ὡς
445 247 491 291 δὲ
529 246 571 298 ἐς
598 247 678 302 τήν
706 249 940 302 Σαλαμῖνα
969 250 1196 302 συνῆλθον
1232 247 1276 289 οἱ
1313 254 1589 303 στρατη-ΞΟῙΜ
1608 266 1793 294 Graecorum

221 319 293 376 γοὶ
324 317 408 361 dno*
439 319 528 359 τῶν
558 315 796 372 εἰρημένων
822 315 1000 366 πολίων,
1031 314 1342 369 ἐβουλεύοντο,
1379 331 1489 368 προ-

221 388 374 435 θέντος
397 384 686 441 Εὐρυβιάδεω
712 382 894 439 γνώμην
923 381 1254 437 ἄποφαίνεσθαι
1281 385 1359 428 τόν
1387 388 1489 441 βου-

223 454 429 509 λόμενον,
474 451 583 497 ὅκου
622 453 771 496 δοκέοι
801 450 1144 507 ἐπιτηδειότατον
1175 452 1287 496 εἶναι
1317 472 1486 510 ναυμα-

223 524 320 580 χίην
359 520 583 565 ποιέεσθαι
619 525 708 564 τῶν
748 519 874 564 αὐτοὶ
911 521 1088 575 χωρέων
1127 521 1349 577 ἐγκρατέες
1394 526 1488 569 εἰσί.

1436 139 1494 177 65

223 589 250 647 ἡ
288 589 371 646 γὰρ
410 588 577 646 Ἀττική
620 589 773 645 ἀφεῖτο
815 588 920 645 ἤδη,
967 593 1057 632 τῶν
1096 589 1141 632 δὲ
1171 591 1361 633 λοιπέων
1398 592 1499 646 πέρι

195 660 466 713 Ξπροετίθεε.
524 660 583 701 Αἱ
609 663 780 714 γνῶμαι
811 658 856 701 δὲ
888 661 977 700 τῶν
996 656 1213 713 λεγόντων
1237 660 1282 701 αἱ
1309 664 1554 703 πλεῖσταιὲὅ

224 726 548 779 συνεξέπιπτον,
580 727 690 781 πρὸς
721 728 798 770 τὸν
822 725 1001 781 Ἰσθμὸν
1039 724 1297 778 πλώσαντας
1326 744 1500 782 ναυμα-

221 797 335 853 χέειν
375 794 462 849 πρὸ
501 799 578 852 τῆς
610 795 979 851 Πελοποννήσου·
1024 794 1291 851 ἐπιλέγοντες
1321 795 1400 838 τόν
1429 795 1500 839 λό-

222 880 304 920 γον
333 862 459 908 τόνδε
489 862 575 918 „aig
604 863 658 921 ἢν
687 864 925 921 νικηθέωσι
955 866 1008 922 τῇ
1041 866 1285 922 ναυμαχίῃ,
1325 863 1373 907 ἐν
1403 868 1496 907 Zoc—
1554 858 1632 903 641

165 1051 399 1091 Dahlmann.
440 1049 584 1088 Herod.
634 1064 723 1102 pag.
765 1054 833 1092 99.

167 1113 263 1151 219.
312 1112 351 1146 in
404 1110 556 1146 calculis
604 1108 831 1146 Herodoteis

167 1181 211 1204 ac
242 1167 572 1218 supputationibus
603 1167 831 1218 plerumque

166 1224 307 1261 menda
330 1225 486 1275 reperiri
507 1236 550 1260 ac
571 1225 660 1260 vitia
681 1225 746 1260 vix
757 1237 831 1260 no-

166 1282 222 1319 bis
252 1281 449 1330 tollenda,
483 1282 608 1333 qualia
650 1280 830 1333 equidem

165 1340 411 1376 librariorum
469 1337 664 1375 socordiae
716 1351 833 1390 quam

166 1398 264 1433 senis
284 1398 399 1447 ipsius
416 1396 671 1446 negligentiae
690 1395 835 1432 adscri—

166 1454 258 1490 bere
278 1454 426 1490 malim.
484 1454 562 1488 Nec
594 1453 702 1488 aliter
730 1452 834 1488 iudi-

167 1524 253 1547 care
274 1509 387 1547 video
410 1510 452 1546 C.
476 1510 520 1546 0.
541 1510 770 1546 ΜῦΙΙεΓ.Ι.1.
792 1523 829 1560 p.

169 1570 246 1608 121
279 1580 373 1617 seq„
409 1565 597 1603 mendum
618 1567 735 1602 latere
767 1567 834 1617 qui

166 1631 276 1675 putat
296 1625 407 1672 VIII,
440 1622 516 1671 43,
552 1623 619 1660 ubi
639 1624 679 1659 iu
710 1625 835 1660 verbis

167 1676 392 1720 Σικυώνιοι
452 1678 495 1719 δὲ
551 1681 836 1719 πεντεκαίδεκα

167 1739 405 1789 παρείχοντο
428 1739 551 1788 νῆας,
573 1738 751 1774 ultimam
764 1751 838 1775 vo-

168 1809 254 1833 cem
295 1797 336 1831 in
374 1797 552 1842 πλεῦνας
592 1803 840 1832 commutan-

170 1852 259 1889 dam
296 1866 374 1889 esse
414 1853 638 1903 suspicatur.
698 1852 838 1890 Differt

170 1917 301 1946 autem
333 1923 355 1946 a
380 1922 542 1946 numero
564 1907 637 1946 hoc
660 1909 838 1947 Herodo-

170 1973 257 2013 teo,
291 1967 599 2018 qualemcunque
629 1969 839 2004 constitue-

169 2025 217 2060 ris
232 2054 241 2071 ,
274 2023 414 2060 Ctesias
435 2024 555 2061 Perss.
577 2025 775 2074 Excerptt.
799 2026 835 2069 §.

168 2082 244 2127 26,
300 2082 541 2130 septingentas
601 2081 838 2117 Graecorum

168 2150 284 2174 naves
303 2137 535 2174 Salaminiae
547 2150 702 2187 pugnae
715 2140 837 2174 inter—

167 2194 282 2231 fuisse
304 2194 495 2241 scribens,
535 2195 606 2230 nisi
645 2195 698 2230 ibi
733 2208 833 2246 quo-

171 2264 246 2303 que
279 2251 319 2288 iu
358 2252 527 2289 numeris
547 2259 755 2302 peccarunt
783 2252 833 2288 li·-

168 2309 293 2345 brarii.

370 2399 462 2450 Cap.
494 2399 637 2437 XLIX.

228 2475 393 2531 γνώμην
431 2475 737 2529 ἀποφαίνεσθαι
766 2477 836 2519 τόν

173 2533 439 2587 βουλόμενον]
473 2538 497 2573 i.
521 2550 554 2573 e.
583 2541 644 2585 ut,
688 2539 838 2587 quicun-

174 2607 238 2644 que
259 2593 383 2642 vellet,
414 2596 619 2631 sententiam
649 2607 748 2631 suam
769 2594 839 2631 ‘cle-

174 2650 350 2698 clararet,
402 2653 617 2688 enuncz'aret.
677 2652 838 2688 Locutio

175 2704 337 2758 γνώμην
379 2702 703 2758 ἀποφαίνεσθαι,
742 2721 839 2760 quae

175 2764 242 2802 vix
276 2763 402 2801 differt
437 2777 459 2801 a
496 2766 611 2803 simili
647 2767 839 2804 locutione

230 2821 457 2860 HERODOT.
476 2823 544 2861 IV.

888 1046 1055 1103 γνώμην
1103 1047 1449 1102 οἷποὸείκνυσθαι,
1493 1054 1556 1089 in-

889 1111 1040 1146 venitur
1070 1110 1108 1158 I,
1150 1112 1243 1150 207.
1266 1110 1321 1155 II,
1366 1113 1457 1150 120.
1489 1112 1554 1159 III,

889 1169 956 1206 71.
984 1167 1074 1215 VII,
1119 1167 1211 1207 152.
1270 1166 1357 1204 Vid.
1399 1169 1556 1206 Sluiter.

887 1224 1008 1260 Lectt.
1030 1223 1248 1260 Andocidd.
1270 1237 1356 1274 pag.
1383 1228 1474 1265 180.
1497 1225 1556 1276 (p.

894 1282 972 1321 119
993 1282 1113 1332 Lips.)
1137 1280 1335 1318 Heindorf.
1369 1281 1416 1317 ad
1457 1284 1555 1320 Plat.

892 1338 1007 1387 Gorg.
1031 1352 1070 1389 p.
1102 1340 1167 1378 67.
1190 1359 1245 1365 —--
1283 1339 1328 1374 In
1364 1352 1470 1390 seqq.
1507 1339 1556 1377 ad

890 1394 1056 1430 formam
1076 1396 1285 1445 προετίθεε
1307 1396 1408 1433 conf.
1420 1398 1449 1444 1,
1472 1399 1555 1439 206

889 1450 954 1488 fin.
976 1452 1105 1503 ibique
1127 1453 1206 1488 citt.

949 1507 1252 1556 συνεξέπιπτον]
1275 1506 1383 1544 Idem
1395 1509 1557 1546 verbum

893 1563 1031 1601 eadem
1073 1566 1350 1616 significatione
1388 1567 1427 1613 1,
1478 1569 1560 1608 206

894 1623 982 1659 coll.
1011 1622 1111 1671 VIII,
1138 1625 1215 1662 123
1239 1622 1285 1658 de
1306 1624 1501 1659 sententiis
1520 1624 1561 1659 in

894 1693 1017 1716 unum
1033 1680 1364 1717 convenientibus.
1386 1681 1561 1728 Locutio,

895 1738 937 1773 ni
955 1738 1086 1785 fallor,
1110 1736 1222 1774 ducta
1244 1735 1291 1774 de
1311 1738 1475 1774 sortibus
1508 1739 1562 1774 si-

896 1795 1066 1832 mulum&
1079 1795 1251 1846 pluribus
1265 1794 1362 1830 urnii
1375 1793 1561 1832 exciden-

897 1852 996 1888 tibus
1021 1853 1138 1904 inque
1168 1864 1246 1888 una
1279 1851 1493 1904 eademque
1517 1865 1558 1888 re

894 1910 1207 1959 congruentibus.
1267 1909 1325 1945 Cf.
1348 1910 1391 1957 V,
1413 1912 1467 1949 22
1488 1910 1564 1945 ibi-

894 1979 970 2018 que
990 1974 1086 2003 nott.
1109 1990 1159 1994 -—-
1187 1965 1249 2002 Ad
1270 1967 1391 2016 ipsam
1425 1979 1560 2004 narra-

893 2025 1039 2059 tionem
1079 2024 1180 2059 conf.
1220 2022 1415 2060 Plutarch.
1444 2023 1559 2060 The-

893 2082 994 2118 mist.
1007 2093 1090 2130 cap.
1106 2082 1168 2123 11,
1186 2080 1252 2115 ubi
1264 2081 1450 2116 nonnulla
1458 2093 1558 2131 pau-

894 2138 930 2173 lo
953 2137 1059 2172 aliter
1079 2135 1214 2172 tradita
1236 2143 1397 2174 exstant.
1418 2159 1475 2164 —
1494 2139 1557 2177 Ad

887 2195 1002 2231 verba
1032 2190 1110 2245 πρὸ
1139 2196 1212 2245 τῆς
1244 2193 1559 2249 Πελοποννήσου

889 2251 965 2287 vid.
984 2250 1118 2288 Matth.
1133 2253 1199 2293 Gr.
1217 2254 1283 2294 Gr.
1307 2256 1343 2301 ᾗ.
1367 2256 1447 2298 575
1468 2270 1558 2308 pag.

895 2311 1016 2349 1136.

948 2364 1011 2416 ἢν
1041 2364 1280 2416 νικηθέωσι]
1313 2370 1417 2406 Haec
1443 2370 1556 2407 lectio

895 2435 944 2458 ex
975 2422 1117 2459 Aldina
1152 2430 1188 2460 et
1228 2425 1374 2476 aliquot
1413 2428 1559 2478 scriptis

893 2479 1005 2517 fluxit
1028 2481 1144 2517 libris.
1204 2480 1330 2532 Vulgo
1371 2483 1416 2522 εἰ
1443 2499 1560 2535 νικη-

895 2536 1041 2584 θέωσι,
1073 2536 1176 2589 quod
1198 2539 1452 2587 Florentinus,
1474 2543 1561 2578 Me-

897 2593 1025 2631 diceus
1047 2595 1109 2630 alii
1129 2601 1297 2634 tuentur.
1357 2598 1413 2636 Cf.
1437 2600 1560 2635 Wes-

895 2652 964 2688 fer.
996 2653 1034 2687 in
1067 2653 1168 2688 Actt.
1195 2650 1303 2701 phill.
1338 2656 1512 2692 Monacc.
1542 2657 1560 2692 Ι

895 2722 983 2760 pag.
1002 2710 1082 2748 235
1125 2716 1162 2746 et
1180 2709 1318 2747 Matth.
1345 2712 1412 2749 Gr.
1431 2714 1496 2749 Gr.
1520 2714 1557 2758 §-

898 2766 1000 2815 525,
1040 2768 1080 2806 7.
1124 2766 1162 2805 b.
1180 2780 1271 2819 pag.
1297 2771 1416 2810 1020.
1457 2771 1560 2806 Har-

1547 302 1672 329 ducibus
1691 302 1728 329 de
1746 302 1811 328 loco

1547 343 1669 370 pugnae
1695 334 1828 369 optando

1548 369 1800 403 deliberantibus,

1547 413 1614 432 cum
1625 405 1770 438 plerique,
1780 410 1829 428 re-

1546 440 1619 468 licta
1637 438 1675 465 ad
1702 436 1826 464 Salami-

1548 482 1616 502 nem
1636 473 1776 505 statione,

1547 507 1692 536 Isthmum
1710 509 1812 534 tutan-

1547 543 1616 571 dum
1625 544 1795 576 censerent,
