1879 3222
481 199 940 239 CALLIOPE.
995 200 1076 238 IX.

1319 200 1403 241 227

151 320 337 367 σαμενος
365 306 580 365 μεγάλως,
615 305 759 350 ἐκάλεε
788 306 858 350 ἐπὶ
887 307 1019 358 ξείνια
1049 307 1185 352 αὐτόν
1214 325 1256 352 τε
1276 312 1404 365 Μαρ-

150 379 301 423 δόνιον
339 377 411 422 καὶ
453 374 721 432 πεντήκοντα
766 374 976 428 Περσέων
1014 392 1121 427 τους
1161 377 1405 434 λογιμωτά-

150 463 272 498 τους·
310 444 541 500 κληθέντες
582 443 627 487 δὲ
668 442 792 487 οὗτοι
832 443 1003 487 ἓᾛποντο

26 507 91 553 16
148 531 262 558 πνον
304 512 564 568 ποιεύμενον
608 511 655 555 ἐν
694 512 871 569 Θήβῃσι.

1060 439 1116 499 ἦν
1157 445 1202 488 δὲ
1240 445 1289 490 τό
1320 448 1401 489 δεῖ·
1413 452 1460 488 30

147 587 278 625 λοιπα
315 579 485 637 ἤκουον
530 580 835 635 Θερσάνδρου,
882 577 1044 633 ἀνδρὸς
1083 578 1162 633 μὲν
1206 579 1403 637 Ὀρχομε-

118 650 274 701 Ξνίου,
304 650 488 704 λογίμου
520 648 565 692 δὲ
594 649 635 698 ἐς
660 650 713 691 τοὶ
742 651 893 703 πρῶτα
923 647 970 690 ἐν
996 645 1255 705 Ὀρχομενῷ.

145 716 191 760 δὲ
221 714 243 759 ὁ
280 717 556 772 Θέρσανδρος
584 721 801 772 κληθῆναι
830 715 902 759 καὶ
934 713 1066 765 αὐτὸς
1092 713 1179 758 ὑπὸ
1209 712 1401 772 Ἀτταγί-

144 800 228 828 νου
259 785 325 828 ἐπὶ
355 784 404 828 τό
438 788 616 829 δεῖπνον
645 788 796 828 τοῦτο·
827 787 1046 840 κληθῆναι
1076 782 1122 826 δὲ
1152 783 1224 826 καὶ
1246 787 1458 841 &imai-35

145 868 209 895 ων
239 851 404 907 ἄνδρας
443 853 733 910 πεντήκοντα·
772 854 846 896 καί
877 865 1025 907 σφεων
1066 849 1119 893 οὐ
1146 852 1277 907 χωρὶς
1307 852 1407 897 ἕκα-

147 920 301 976 τὲρους
331 925 487 973 κλῖναι,
520 920 626 965 ἆλλοὲ
659 922 832 977 Πέρσην
861 936 906 964 τε
927 920 999 964 καὶ
1023 922 1218 975 Θηβαῖον
1245 919 1292 963 ἐν
1320 922 1407 965 κλί-

116 993 139 1028 3
150 1005 206 1044 νῃ
238 989 408 1045 ἑκάστῃ.

470 987 529 1039 ὥς
550 989 595 1032 δὲ
620 989 704 1033 οΞπὸ
728 991 906 1033 δείπνου
937 982 1070 1044 ἦσαν,
1101 986 1407 1038 διαπινόντων,

142 1055 222 1098 τόν
252 1055 428 1115 Πέρσην
458 1057 538 1101 τόν
558 1056 817 1115 ὁμόκλινον,
844 1055 1027 1100 Ἑλλάδα
1043 1059 1244 1112 γλῶσσαν
1273 1057 1406 1111 ἱέντα,

86 1209 236 1246 Miiller.
277 1207 508 1247 Orchomen.
556 1223 646 1261 pag.
678 1213 745 1258 27,

88 1279 204 1318 quem
224 1265 353 1303 laudat
375 1265 459 1314 Cr„
478 1267 543 1318 qui
562 1267 608 1304 de
621 1266 745 1319 Phry-

85 1335 189 1360 none
209 1323 296 1360 citat
315 1321 514 1360 Thiersch.
534 1324 683 1375 Epoch.
706 1323 741 1362 d.

88 1378 181 1417 bild.
201 1381 332 1417 Kunst.
354 1394 392 1430 p.
414 1381 466 1419 80
485 1379 544 1420 ed.
564 1384 677 1432 prior.
699 1395 738 1432 p.

86 1438 169 1477 276
193 1443 272 1477 not.
305 1435 365 1473 ed.
388 1437 551 1473 alterius.
590 1460 642 1466 —
681 1437 744 1474 Ad

85 1492 321 1529 locutionem
342 1491 406 1531 ἐπὶ
424 1493 549 1540 ξείνια
578 1495 676 1532 conf.
698 1495 743 1544 V,

89 1551 141 1590 18
160 1550 289 1602 ibique
305 1549 428 1588 allata.

307 1606 399 1656 cap.
421 1607 527 1643 XVI.

142 1661 306 1713 λογίμου
338 1661 381 1701 δὲ
424 1662 465 1710 ἐς
501 1658 549 1701 τοὶ
587 1663 743 1714 πρῶτα]

85 1718 221 1755 Virum
241 1720 417 1769 intelligit
436 1722 588 1756 maxime
607 1732 636 1758 s,
656 1722 746 1756 inter

81 1778 212 1825 primos
229 1779 432 1826 spectatum.
469 1776 533 1813 Sic
554 1777 616 1824 VI,
642 1779 744 1816 100:

88 1828 167 1870 ε’ω“ν
184 1834 263 1870 τῶν
281 1828 511 1885 Ἐρετριέων
537 1829 585 1871 τοὶ
610 1835 747 1883 πρῶτοι

89 1894 127 1924 et
146 1890 225 1936 IX,
256 1891 319 1928 78.
378 1890 461 1934 Quo
491 1889 627 1926 eodem
643 1889 748 1926 haud

87 1944 166 1981 scio
186 1957 234 1980 an
255 1946 441 1994 pertineat
468 1959 620 1998 quoque
643 1942 748 1995 οἷνή-

88 2015 174 2039 κειν
217 1999 256 2046 ἐς
303 1998 357 2038 τοὶ
401 2005 589 2052 πρῶτα.
621 2024 670 2030 -
703 2004 747 2038 In

90 2056 399 2094 antecedentibus
435 2057 483 2094 ad
511 2060 626 2095 verba
653 2054 749 2097 τάδε

91 2113 134 2153 δὲ
155 2112 233 2151 vid.
257 2120 351 2150 nott.
382 2112 430 2150 ad
460 2115 550 2162 V11,
584 2114 608 2155 5
644 2114 748 2151 etde

88 2171 164 2208 loci
196 2177 422 2220 argumento
459 2172 603 2208 consul.
635 2172 678 2208 C.
705 2172 748 2209 Ο.

89 2228 238 2264 Miiller.
277 2225 509 2265 Orchomen.
538 2240 627 2279 pag.
653 2227 749 2276 415,

91 2297 114 2321 a
135 2284 207 2324 Cr.
237 2282 449 2321 laudatum.

145 2341 214 2380 καί
236 2352 370 2391 σφεων
398 2335 447 2379 ου’
470 2337 588 2390 χωρὶς
618 2336 750 2379 ἑκατέ-

93 2412 188 2449 ρους
199 2397 343 2446 κλῐναι]
362 2397 466 2433 Unus
477 2396 600 2433 codex
615 2395 749 2446 σφέας.

91 2455 199 2491 Valla
227 2452 321 2490 haec
351 2454 404 2490 sic
443 2454 610 2503 accepit:
647 2457 752 2503 atque

94 2513 232 2548 seorsim
297 2513 461 2560 utrosque
526 2510 750 2547 discubuisse.

94 2568 225 2604 Malim
240 2566 419 2619 equidem
431 2579 519 2603 cum
532 2565 752 2616 Schweigh.

97 2625 286 2662 transitivo
312 2637 426 2662 sensu
455 2624 625 2674 accipere
664 2636 753 2660 ver-

99 2679 190 2717 bum
206 2681 353 2720 κλίνειν
375 2679 499 2733 (quod
519 2680 752 2718 intransitive

98 2737 190 2785 poni
205 2737 382 2789 equidem
397 2737 556 2789 probare
568 2737 751 2788 nequeo),

100 2793 149 2829 ita
169 2799 211 2830 ut
229 2795 428 2844 Attaginus
447 2793 583 2846 hospes
608 2793 753 2831 dicatur

803 1210 935 1247 κλῖναι
971 1208 996 1247 i.
1033 1221 1067 1246 e.
1100 1208 1282 1246 collocasse
1322 1210 1461 1246 seorsim

802 1270 967 1314 utrosque
1007 1267 1047 1302 in
1086 1264 1193 1304 lectis.
1254 1264 1313 1302 Ad
1349 1278 1462 1303 usum

800 1323 904 1360 vocis
917 1320 1125 1372 ἑκατέρους
1136 1323 1337 1372 pertinent,
1364 1335 1462 1374 quae

800 1378 849 1415 ad
868 1380 921 1414 111
938 1407 946 1425 ,
970 1379 994 1417 8
1016 1380 1158 1417 notavi.

859 1433 912 1481 ὥς
941 1431 983 1472 δὲ
1028 1430 1105 1473 cim}
1137 1434 1303 1473 δείπνου
1333 1427 1460 1487 ἦσαν]

800 1490 886 1529 Vid.
908 1497 1005 1527 nott.
1029 1490 1077 1527 ad
1098 1492 1151 1538 V,
1176 1494 1241 1540 18,
1262 1492 1328 1527 ubi
1349 1493 1464 1528 etiam

802 1547 850 1584 de
888 1548 1005 1585 verbo
1046 1547 1266 1595 διατείνειν,
1311 1547 1359 1584 de
1386 1561 1463 1600 quo

806 1605 871 1642 Cr.
896 1606 1010 1640 etiam
1041 1605 1203 1640 conferri
1230 1605 1311 1641 vult
1330 1605 1464 1642 Plato-

802 1662 859 1697 nis
887 1661 1092 1711 Rempubl.
1113 1661 1185 1709 IV,
1219 1663 1238 1700 1
1263 1673 1351 1711 pag.
1381 1660 1459 1701 421

802 1730 890 1768 pag.
926 1720 1005 1758 167
1031 1716 1156 1754 Bekk.
1209 1716 1272 1754 Ad
1301 1730 1464 1768 sequens

804 1769 1074 1814 διαπινόντων
1129 1775 1252 1825 suppl.
1315 1771 1464 1813 αὐτῶν.

805 1832 948 1869 Sensus
987 1838 1068 1868 est:
1116 1844 1191 1868 cum
1235 1830 1341 1868 coemi
1379 1844 1466 1881 per-

805 1892 888 1925 acta
913 1888 1061 1938 hospites
1087 1890 1257 1929 certatz'mss
1277 1887 1388 1924 bibere
1407 1890 1467 1925 in-

806 1947 977 1995 ciperent:
996 1944 1099 1981 unde
1120 1947 1206 1982 satis
1226 1951 1341 1995 patet,
1357 1957 1471 1996 quan-

802 2008 887 2038 tum
907 2002 971 2037 illa
997 2009 1118 2038 aetate
1145 2015 1166 2038 a
1196 2002 1318 2052 prisca
1346 2014 1467 2053 eaque

803 2059 982 2094 severiori
1025 2058 1240 2107 disciplina,
1281 2056 1357 2108 qu&
1387 2071 1467 2094 nou

805 2114 879 2150 nisi
900 2126 1039 2164 aquam
1068 2115 1196 2150 bibere
1224 2113 1465 2162 iubebantur,

806 2176 899 2207 teste
925 2168 1118 2206 Herodoto
1149 2171 1183 2217 Ι,
1213 2172 1285 2217 71,
1327 2171 1466 2206 Persae

806 2226 1110 2268 desciverint‚—-
1130 2225 1191 2263 Ad
1211 2226 1326 2263 verba
1341 2228 1468 2279 γλῶσ-

807 2295 881 2322 σαν
909 2283 1010 2322 ἰέναι
1056 2283 1156 2320 conf.
1190 2289 1287 2319 nott.
1323 2282 1370 2320 ad
1400 2284 1464 2332 IV,

809 2340 903 2381 135.
959 2341 1065 2377 Dixit
1086 2346 1214 2377 autem
1235 2341 1370 2376 Noster
1385 2337 1449 2378 Ἑλ,

807 2393 909 2435 moa
951 2399 1133 2450 γλῶσσαν
1154 2424 1165 2443 ,
1210 2395 1464 2448 quemadmo-

809 2452 921 2501 dum,
973 2455 1195 2491 observante
1217 2453 1304 2502 Cr.‚
1334 2454 1465 2504 Βαβυ-

807 2513 913 2549 λῶνα
926 2513 1106 2562 γλῶσσαν
1136 2523 1197 2560 ap.
1231 2508 1343 2546 Phot.
1364 2510 1465 2547 Bibl.

808 2568 889 2607 Gr.
913 2581 1002 2618 pag.
1024 2569 1118 2607 937.
1173 2566 1247 2612 Qui
1267 2565 1371 2603 idem
1394 2566 1464 2604 Cr.

807 2623 971 2661 conferri
1008 2624 1089 2661 vult
1121 2621 1313 2660 Chardon.
1348 2623 1394 2661 de
1427 2624 1465 2660 la

806 2680 991 2718 Rochette
1010 2681 1204 2731 Melanges
1237 2681 1320 2717 Vol.
1340 2682 1358 2717 I
1377 2693 1467 2731 pag.

811 2740 876 2777 19.
947 2736 1142 2775 Schaefer.
1180 2737 1323 2777 Melett.
1368 2738 1465 2776 critt.

809 2807 850 2845 p.
879 2795 946 2834 39.
976 2792 1026 2836 41
1049 2801 1087 2832 et
1106 2793 1250 2832 Herod.
1270 2795 1314 2844 1,
1345 2797 1411 2836 60.

1110 2850 1195 2890 15*

949 508 1061 552 Ταδδ
1100 510 1183 566 ἤδη
1228 514 1282 556 τὰ
1312 515 1401 558 ἐπί-
1458 531 1562 557 Sermo
1586 529 1627 557 ibi
1653 529 1733 558 inter

1459 565 1556 624 «1)ῗέἰῖἷί
1560 564 1687 624 arsisti:

1457 631 1638 666 Persanique
1664 631 1701 659 de

1315 650 1400 706 {qm
1457 665 1527 691 betti
1547 669 1658 694 eventu
1681 665 1733 694 ha·

1456 698 1546 728 bitus.
