1996 3238
461 262 518 302 60
863 258 1317 295 HERODOTI

461 369 566 413 ἑπτὰ
595 367 696 418 νέας
714 367 880 422 ἔχοντες
899 368 1205 424 ἓπεβεόθησαν·
1240 367 1474 411 Λευκάδιοι
1493 367 1549 417 δὲ,
1581 370 1714 420 τρεῖς·

333 437 401 484 46
458 438 588 487 ἔθνος
633 435 776 486 ἐόντες
817 432 942 479 οὗτοι
981 436 1184 490 Δωρικόν
1215 434 1296 478 ἆπό
1334 438 1574 489 Κορίνθου.
1619 437 1712 489 Νη-

463 506 649 550 σιωτέων
679 505 738 555 δὲ,
767 505 994 560 Αἰγινῆται
1024 503 1254 559 τριήκοντα
1281 505 1546 558 παρείχοντο.
1602 500 1713 556 ἦσαν

461 573 539 629 μέν
578 585 658 626 σφι
703 572 777 614 καὶ
808 571 934 615 ἄλλαι
972 570 1300 627 πεπληρωμέναι
1332 571 1441 622 νέες,
1480 569 1588 613 ἀλλὰ
1620 575 1770 627 τῇσι85

458 640 538 696 μὲν
566 641 645 696 τὴν
675 639 848 683 ἑωυτῶν
877 639 1139 696 ἐφύλασσον,
1169 639 1401 693 τριήκοντα
1418 640 1462 681 δὲ
1491 643 1588 694 τῇσι
1618 637 1715 692 ἄρι-

460 720 539 753 στα
565 708 816 764 πλωούσῃσι
846 707 892 750 ἐν
921 712 1139 762 Σαλαμῖνι
1168 706 1482 762 ἐναυμάχησαν.
1542 707 1714 761 Αἰγινῆ-

431 783 535 820 Ξται
566 777 611 819 δέ
645 778 726 819 εἰσι
758 775 959 830 Δωριέες,
990 774 1072 818 ἀπὸ
1103 773 1399 828 Ἐπιδαύρου·
1441 778 1494 830 τῇ
1521 774 1565 816 δὲ
1596 771 1712 827 νήσῳ

457 843 675 898 πρότερον
714 842 883 897 οὔνομα
919 839 973 899 ἧν
1014 842 1196 897 Οἰνώνη.
1254 840 1358 896 μετὰ
1389 842 1434 883 δὲ
1467 841 1712 897 Αἰγινήτας,

458 912 688 962 Χαλκιδέες
710 910 786 962 τοὶς
812 910 869 954 ἐπ’
886 910 1128 967 Ἀρτεμισίῳ
1151 912 1287 952 εἴκοσι
1307 908 1606 964 παρεχόμενοι,
1642 910 1769 952 καὶ9ο

454 977 698 1032 Ἐρετριέες
727 981 802 1029 τοὶς
842 977 967 1022 ἑπτά·
999 973 1122 1021 οὗτοι
1153 978 1198 1021 δὲ
1217 977 1363 1027 Ἴωνές
1393 979 1485 1020 εἰσι.
1517 977 1623 1030 μετὰ
1655 977 1712 1028 δὲ,

456 1050 581 1090 Κεῖοι
617 1046 694 1098 τοὶς
735 1045 867 1098 αὐτὰς
908 1045 1212 1101 παρεχόμενον
1256 1045 1385 1096 ἔθνος
1422 1043 1494 1088 ἐόν
1519 1043 1713 1087 Ἰωνικὸν

399 1220 474 1258 hoc
495 1220 543 1258 ad
562 1218 756 1257 Periandri
776 1226 948 1270 tempora
970 1219 1058 1270 qui-
1113 1219 1296 1254 aneton-el.
1318 1218 1342 1254 l.
1364 1230 1450 1268 pag.
1468 1216 1519 1257 43
1541 1216 1676 1254 eodem
1699 1230 1769 1267 po-

399 1278 491 1315 dam
519 1278 701 1325 referunt,
721 1276 758 1312 id
782 1289 871 1312 cum
890 1278 1008 1312 Kruse
1028 1277 1054 1312 l.

396 1335 423 1374 l.
436 1349 474 1386 p.
491 1336 585 1376 285.
607 1335 687 1376 356
708 1333 754 1370 de
770 1334 919 1370 colonia
939 1345 1054 1368 reno-

391 1398 479 1429 vata
511 1392 720 1440 intelligere
767 1390 912 1426 malim.
973 1387 1051 1425 Sed

391 1449 560 1485 multum
608 1454 738 1498 postea
789 1446 916 1482 floruit
961 1445 1050 1482 urbs

389 1503 603 1542 mercatur&
623 1504 783 1554 insigni,
804 1516 921 1554 quam
945 1502 1051 1538 locus

390 1562 471 1611 ipse
511 1562 662 1610 egregie
697 1559 912 1596 adiuvabat.
971 1559 1051 1595 Sita

396 1619 500 1654 enim
526 1617 615 1653 urbs
642 1617 682 1652 in
700 1617 923 1666 peninsula,
954 1628 1051 1666 quae

395 1674 519 1711 canali
548 1679 631 1724 post
659 1672 846 1709 disiuncta
879 1685 900 1708 a
927 1673 1053 1708 conti-

393 1732 513 1777 nenti,
534 1730 678 1766 insulae
692 1730 864 1766 assumsit
872 1729 1050 1779 speciem.

393 1789 506 1824 Nunc
528 1786 681 1823 santam
700 1785 871 1823 Illam-am
901 1792 1050 1822 vocant.

393 1845 511 1881 Plura
541 1845 661 1879 Kruse
688 1843 714 1883 l.
735 1844 761 1879 l.
791 1857 830 1893 p.
863 1841 943 1882 357
972 1855 1051 1893 seq.

393 1902 492 1938 Gail.
514 1898 562 1936 ad
583 1899 733 1950 Scylac.
758 1901 776 1935 Ι
809 1913 847 1949 p.
870 1901 945 1938 381
971 1911 1050 1950 seq.

392 1954 569 1994 Boeckh.
601 1956 713 2006 Corp.
741 1956 929 2005 Inscriptt.
959 1956 987 1994 Ι,
1028 1958 1046 1995 1

393 2027 432 2064 p.
465 2014 516 2053 58
549 2013 632 2049 coll.
665 2014 831 2050 Sintenis
864 2009 912 2047 ad
946 2011 1049 2048 Plut.

391 2068 645 2107 Themistocl.
666 2068 720 2109 24
740 2083 778 2119 p.
805 2068 895 2108 153.

590 2159 683 2210 Cap.
714 2158 849 2195 XLVI,

449 2238 667 2289 Αἰγινῆται
694 2235 737 2276 δέ
774 2237 850 2276 εἰσι
877 2234 1050 2286 Δωριέες

395 2290 474 2334 vind
491 2290 768 2343 Ἐπιδαύρου]
799 2294 935 2343 Attigit
956 2292 1048 2329 haec

391 2351 563 2388 Eustath.
574 2350 622 2388 ad
633 2351 940 2401 Dionys.Perieg.
953 2350 1048 2389 511.

392 2409 666 2457 Aeginetarum
688 2412 754 2443 'res
785 2407 936 2443 navales
968 2406 1048 2455 ipse

389 2466 497 2514 attigi
536 2464 584 2501 ad
621 2465 719 2511 VIII,
763 2465 798 2502 1.
859 2463 930 2507 Qui
970 2475 1046 2513 quo

389 2533 501 2556 sensu
531 2520 592 2557 hic
621 2526 806 2557 vocentur
833 2520 1045 2565 Dorienses,

391 2575 601 2628 disquisivit
631 2578 672 2613 C.
695 2578 738 2613 Ο.
759 2577 909 2612 Miiller.
930 2576 1046 2624 Aegi-

389 2639 482 2670 nett.
504 2645 591 2683 pag.
614 2631 676 2678 42,
699 2634 932 2684 reliquorum
952 2633 1045 2668 scri-

389 2695 544 2740 ptorum
580 2688 626 2725 de
658 2690 931 2738 Aeginetarum
968 2689 1045 2724 ori-

389 2746 480 2795 gine
501 2746 618 2782 allatis
639 2747 876 2789 testimoniis,
896 2747 935 2781 in
958 2746 1044 2796 qui-

390 2802 460 2839 bus
476 2809 517 2838 tu
535 2800 611 2839 vid.
624 2803 859 2851 potissimum
876 2804 1039 2837 Pausan.

390 2859 437 2907 11,
475 2860 528 2900 29
557 2860 595 2905 §.
627 2858 666 2900 5.
724 2859 851 2912 Atque
883 2859 1043 2896 Miillero

1111 1276 1289 1325 pulorum
1318 1276 1476 1325 impetn,
1499 1287 1575 1326 quo
1605 1274 1769 1310 Dorien-

1106 1345 1167 1367 ses
1177 1330 1466 1367 Lacedaemonii
1476 1333 1645 1382 Lyttum‚
1658 1329 1768 1366 The-

1110 1400 1205 1434 ram,
1225 1389 1371 1423 Melum
1392 1386 1663 1435 condiderunt,
1685 1388 1768 1423 Do-

1106 1444 1246 1480 rienses
1274 1445 1418 1493 Argivi,
1447 1445 1513 1495 qui
1540 1443 1656 1480 iidem
1675 1450 1767 1480 tunc

1107 1501 1287 1550 temporis
1326 1500 1564 1551 Epidaurum
1613 1512 1768 1552 quoque

1107 1558 1300 1603 tenebant,
1328 1559 1366 1592 in
1389 1558 1552 1603 Cretam,
1573 1555 1766 1605 Rhodum,

1109 1613 1203 1660 Con,
1244 1612 1431 1660 Cnidum,
1460 1615 1766 1650 Halicarnassum

1109 1677 1222 1721 atque
1252 1671 1365 1706 etiam
1385 1671 1575 1719 Aeginam
1611 1670 1766 1707 colonos

1109 1725 1369 1774 deduxerunt,
1429 1726 1525 1763 duce
1560 1728 1764 1766 Triacone,

1109 1785 1206 1819 Hinc
1224 1784 1337 1832 igitur
1358 1782 1639 1834 explicandum,
1660 1781 1765 1834 quod

1108 1840 1382 1889 Aeginetarum
1414 1842 1587 1886 maiores,
1602 1841 1766 1876 Dorien-

1107 1910 1176 1942 ses,
1206 1896 1398 1946 Epidauro
1425 1910 1454 1937 s.
1485 1898 1590 1947 Argo
1612 1895 1765 1932 oriundi

1106 1954 1252 2003 ipsique
1291 1954 1500 2002 Aeginetae
1537 1954 1764 2004 plerumque

1106 2011 1306 2046 Dorienses
1328 2008 1557 2057 habeantur,
1590 2011 1655 2062 qui
1682 2011 1764 2045 Do-

1105 2067 1182 2102 rica
1201 2064 1399 2102 habuerint
1415 2067 1595 2104 instituta.
1653 2067 1763 2103 Prius

1107 2124 1251 2158 insulae
1280 2135 1422 2159 nomen
1443 2120 1601 2173 Οἰνώνη
1623 2123 1670 2160 ad
1686 2124 1764 2159 Pe-

1106 2179 1300 2229 lasgorum
1338 2186 1523 2226 aetatem,
1563 2180 1628 2230 qui
1671 2180 1763 2215 olim

1106 2237 1304 2287 plerasque
1316 2237 1496 2271 Graeciae
1518 2237 1690 2285 regiones
1702 2242 1763 2271 te-

1105 2305 1234 2339 nuere,
1256 2290 1402 2328 videtur
1422 2291 1674 2339 referendum,
1688 2290 1762 2328 du—

1105 2356 1209 2385 ctum
1239 2347 1392 2384 forsitan
1426 2349 1471 2384 ab
1509 2345 1658 2398 Οἰνόης
1687 2361 1761 2385 no-

1103 2406 1220 2451 mine,
1257 2403 1359 2455 quod
1389 2405 1427 2440 in
1457 2406 1580 2441 Attica
1610 2406 1761 2440 inveni-

1101 2467 1184 2507 tur,
1225 2475 1271 2497 ex
1301 2474 1374 2512 qua
1414 2462 1490 2511 ipsa
1531 2460 1568 2497 hi
1596 2462 1758 2512 Pelasgi,

1102 2519 1167 2569 qui
1188 2519 1300 2567 primi
1320 2518 1462 2553 insulae
1483 2518 1756 2565 suereincolae,

1100 2576 1138 2610 in
1158 2587 1241 2609 eam
1260 2575 1396 2610 fuerint
1420 2575 1588 2624 ingressi.
1648 2574 1757 2611 Conf.

1100 2632 1248 2670 muller.
1280 2632 1304 2667 l.
1334 2631 1358 2669 l.
1384 2644 1421 2680 p.
1451 2633 1474 2670 8
1507 2644 1585 2682 seq.
1606 2651 1662 2658 ——
1694 2629 1756 2666 Ad

1101 2688 1368 2723 articuliusum
1390 2688 1426 2722 in
1440 2688 1562 2723 verbis
1584 2683 1670 2733 τὰς
1697 2682 1756 2725 ἕπτ’

1098 2739 1333 2796 ’Λρτεμισίῳ
1364 2743 1413 2780 cs.
1442 2742 1577 2781 Manli.
1599 2745 1664 2780 Gr.
1686 2744 1753 2782 Gr.

1099 2803 1133 2848 §.
1152 2804 1232 2840 267
1253 2814 1290 2851 p.
1308 2799 1402 2840 550.

1158 2859 1272 2898 Κεῖοι
1290 2877 1345 2885 -—
1365 2852 1576 2909 ’Λθηνέων
1596 2855 1616 2909 ]
1676 2859 1753 2895 Pro
