1996 3238
2 2581 11 2667 7¹.

525 250 609 291 14ss
927 251 1398 290 HERODOTI

523 370 600 414 νῃ·
674 355 782 400 ὥστε
846 355 1174 414 ὑποδεξάμενον
1233 359 1424 416 ἅσμενον
1467 362 1571 413 τούς
1627 363 1788 419 λόγους
1801 373 1846 407 80

522 426 603 468 τόν
643 423 914 473 Πανιώνιον,
967 429 1141 481 κομίσαι
1197 428 1249 470 τὰ
1295 429 1423 471 τέκνα
1476 429 1550 472 καὶ
1599 430 1678 486 τήν
1714 448 1790 486 γυ-

493 497 675 535 8ναῖκα.
739 508 797 542 ως
819 491 864 534 δὲ
895 491 979 547 ἄρα
1008 497 1213 552 πανοικίῃ
1244 513 1319 550 μιν
1347 497 1584 551 περιέλαβε,
1619 499 1733 553 ἔλεγε
1763 499 1787 544 ὁ

516 556 782 614 Ἑρμότιμος
811 558 935 602 τάδε·
976 563 1052 611 „³52
1081 565 1256 606 πάντων
1287 563 1464 618 ἄνδρων
1492 563 1576 620 ἤδη
1606 567 1789 620 μάλιστα

523 626 628 677 ,,ἀπ’
661 627 800 682 ἔργων
831 626 1139 673 ἀνοσιωτάτων
1169 631 1245 674 τὸν
1275 634 1374 687 βίον
1400 631 1651 688 κτησάμενε,
1682 635 1722 676 τί
1741 633 1843 677 σὲ85

520 695 632 750 ,,ἐγώ
659 695 797 738 κακόν
823 693 849 750 ἢ
872 696 1005 747 αὐτός
1035 696 1061 752 ἢ
1090 702 1179 740 τῶν
1200 698 1314 753 ἐμῶν
1343 716 1405 749 τις
1436 700 1647 755 ἐργάσατο
1668 701 1696 757 ἢ
1727 702 1786 752 σὲ,

521 761 577 819 ,,ἢ
605 767 694 805 τῶν
724 765 815 804 σῶν
843 779 961 813 τινα,
1005 764 1073 808 ὅτι
1101 782 1152 820 με
1186 764 1274 808 ἄντ’
1304 763 1465 820 ἀνδρὸς
1503 767 1707 824 ἐποίησας
1735 767 1785 812 τὸ

491 829 684 886 4,,μηδὲν
715 827 849 879 εἶναι,·
881 829 1046 882 ἐδόκεές
1074 849 1117 876 τε
1147 834 1278 884 θεοὺς
1307 832 1455 889 λήσειν
1487 832 1559 877 οἷα
1588 835 1787 891 ἐμηχανῶ

518 896 667 950 ,,τότε·
700 897 747 940 οἴ
772 908 818 940 σε
846 897 1090 955 ποιήσαντα
1120 900 1292 955 ἀνόσια,
1323 902 1444 960 νόμῳ
1464 903 1617 959 δικαίῳ
1646 904 1780 958 χρεώ-

462 1081 586 1118 ssuxit.
642 1082 774 1133 Itaque
805 1096 894 1119 cum
927 1083 1062 1123 Matth.
1091 1092 1128 1122 et

460 1136 650 1186 Bekkero⁴
674 1140 813 1175 retinui
835 1141 1029 1191 vulgatam
1058 1157 1128 1181 κο-

464 1195 601 1245 μίσας,
648 1207 766 1246 quam
812 1199 939 1248 scripti
973 1206 1127 1236 tuentur

462 1251 548 1288 libri
568 1252 736 1304 itemque
758 1252 931 1290 Thomas
947 1257 1126 1306 Magister

462 1320 552 1358 pag.
575 1306 667 1348 644.
728 1309 785 1345 Ac
815 1311 928 1360 paulo
960 1320 1043 1363 post
1064 1314 1127 1348 iu-

461 1365 616 1401 venitur
652 1363 828 1415 κομίσαι.
885 1367 946 1404 Ad
972 1369 1125 1416 οἰκέτας

462 1420 563 1460 conf.
611 1419 755 1458 Thom.
785 1425 954 1473 Magistr.
982 1426 1005 1462 l.
1030 1426 1057 1462 l.
1088 1433 1125 1463 et

461 1484 556 1514 nott.
600 1475 649 1513 ad
687 1479 829 1516 Herod.
866 1481 970 1529 VIII,
1013 1481 1125 1522 5.-

461 1533 593 1587 ἐκείνῃ
619 1542 764 1584 spectat
784 1536 833 1573 ad
853 1537 1003 1575 Sardes.

517 1620 817 1676 ὑποδεξάμενον
833 1623 1024 1677 ἅσμενον]
1044 1629 1125 1664 Eo-

461 1677 550 1715 dem
586 1679 701 1717 modo
746 1682 914 1733 loquitur
943 1685 1122 1721 Aelianus

460 1737 509 1772 N.
530 1736 578 1772 A.
607 1737 684 1784 VI,
718 1736 789 1784 50,
819 1740 884 1775 ubi
917 1740 1123 1777 Herodotei

461 1793 536 1829 loci
553 1805 633 1830 non
656 1793 727 1829 fuit
751 1795 955 1832 immemor
976 1798 1119 1837 Jacobs.

461 1869 516 1877 —
548 1849 594 1884 In
624 1863 731 1902 seqq.
765 1853 968 1902 περιέλαβε
998 1855 1121 1891 valet:

459 1906 500 1942 in
522 1908 694 1954 potestate
719 1908 862 1955 habuit,
894 1916 936 1946 ut
969 1910 1020 1957 V,
1052 1913 1119 1951 23.

460 1961 572 2010 VIII,
604 1965 642 2002 6.
660 1984 716 1991 -—-
743 1966 818 2001 Pro
846 1963 924 2015 ἤδη
953 1961 1121 2015 μάλιστα

460 2018 716 2070 Wesselingio
728 2023 848 2072 magis
860 2023 1024 2072 placeret
1046 2020 1120 2073 δή·
1111 2052 1121 2071 ‚

460 2074 689 2113 Abreschius
732 2080 908 2115 voculam
955 2077 1035 2130 ἤδη
1075 2093 1119 2116 eo

460 2143 574 2169 sensu
614 2134 734 2183 accipi
771 2136 872 2182 vult,
915 2149 989 2188 quo
1030 2137 1119 2174 alias

461 2186 572 2239 μέχρι
591 2191 668 2228 νῦν
691 2190 758 2228 leuc
776 2204 904 2242 usque,
941 2194 1054 2243 plane
1076 2207 1118 2231 ac

459 2245 493 2281 si
517 2244 671 2283 dixisset
705 2244 869 2288 πάντων
897 2244 1056 2300 οἷνὸοῶι
1081 2251 1120 2290 οὶ

458 2297 540 2352 ἤδη
573 2300 777 2353 γεγόνασι,
814 2313 855 2342 ut
885 2306 985 2356 apud
1016 2308 1120 2343 Pau-

458 2359 746 2407 sau.V11‚22
779 2361 1027 2414 §.4:q110d
1059 2370 1119 2399 ta-

457 2426 548 2451 men
571 2428 618 2451 an
642 2416 740 2453 facto
764 2430 857 2467 opus
883 2418 1006 2465 fuerit,
1033 2432 1118 2455 me—

458 2471 530 2508 rito
557 2470 702 2510 dubitat
721 2473 893 2510 Siebelis.
940 2477 1116 2527 Namque

458 2527 497 2562 in
523 2528 707 2566 Herodoti
732 2543 886 2582 quoque
915 2532 999 2568 loco
1026 2545 1116 2582 par-

459 2585 571 2620 ticula
593 2582 671 2636 ἥδη
698 2588 776 2623 vim
801 2595 916 2637 auget
944 2590 1116 2639 superla-

458 2640 524 2676 tivi
564 2653 606 2677 ac
638 2643 752 2679 totius
784 2646 1015 2681 sententiae:
1057 2645 1114 2682 Tu

458 2696 528 2732 iam
552 2700 700 2735 omnium
728 2701 881 2737 virorum
909 2703 1115 2752 nequissimo

456 2755 594 2801 negotio
610 2757 721 2792 vitam
737 2761 947 2795 sustentans.

514 2827 558 2871 τό
586 2829 712 2883 μηδὲν
737 2830 859 2886 εἶναι]
899 2837 1036 2886 „Culte
1067 2834 1112 2878 td

1184 1083 1309 1137 μηδὲν
1352 1081 1486 1133 ὄντες,
1510 1086 1616 1135 viles,
1646 1088 1775 1136 ignavi
1805 1094 1842 1125 et

1182 1143 1315 1179 nullius
1326 1144 1376 1179 rei
1388 1143 1536 1181 homines
1549 1142 1841 1194 Sophocl.Aiac.

1182 1201 1277 1239 779.
1357 1201 1469 1239 Dion.
1546 1199 1739 1251 Chrysost.
1778 1201 1840 1238 Or.

1181 1255 1387 1292 XXXVIII
1417 1270 1454 1306 p.
1483 1255 1575 1297 480.
1604 1259 1635 1292 A
1664 1263 1699 1293 et
1720 1257 1841 1293 LXVI

1180 1325 1218 1362 p.
1241 1315 1318 1353 611
1344 1314 1391 1349 D.
1430 1312 1546 1349 Aliud
1568 1314 1840 1358 Hermotimus,

1182 1369 1436 1405 calamitatem
1483 1382 1611 1418 suam,
1667 1370 1742 1422 quai
1778 1381 1841 1406 nec

1180 1427 1237 1462 vir
1255 1439 1317 1463 nec
1340 1425 1481 1476 semina
1497 1433 1676 1471 evaserat,
1699 1439 1840 1477 expro-

1181 1482 1293 1519 brans
1342 1483 1573 1534 nequissimo
1637 1483 1839 1520 Panionio.

1180 1538 1256 1574 Adi
1300 1539 1506 1589 Salvaguio
1548 1540 1743 1577 observata
1790 1538 1839 1576 ad

1183 1595 1306 1631 Ovidii
1358 1597 1457 1632 Ibim
1501 1596 1595 1637 457.
1626 1595 1838 1641 „IVesse-

1180 1651 1307 1700 ling.
1377 1654 1442 1689 Tu
1489 1652 1563 1692 vid,
1597 1650 1731 1689 matth.
1771 1653 1836 1689 Gr.

1179 1709 1244 1744 Gr.
1267 1711 1302 1754 ξ.
1325 1707 1419 1748 437.
1449 1716 1529 1754 ιῑοῐ.
1558 1712 1573 1747 1
1607 1716 1643 1745 et
1664 1722 1761 1759 quae
1778 1715 1838 1745 at-

1177 1765 1260 1800 tulit
1302 1766 1436 1801 similia
1463 1766 1630 1815 Apitzius
1678 1764 1726 1801 ad
1761 1765 1837 1802 So-

1176 1820 1302 1871 pliocl.
1332 1820 1511 1857 Trachin.
1538 1822 1638 1861 1075
1658 1820 1836 1858 Adverss.

1176 1891 1212 1927 p.
1238 1880 1332 1917 521.
1373 1879 1441 1915 Cr.
1468 1877 1689 1914 laudaverat
1713 1879 1837 1914 Hein-

1177 1933 1274 1970 dorf.
1316 1933 1364 1971 ad
1404 1936 1556 1971 Platon.
1595 1932 1765 1985 Emhyd.
1796 1935 1836 1981 §-

1176 1993 1230 2030 82
1250 2003 1337 2040 pag.
1357 1991 1438 2032 418
1459 2005 1539 2043 seq.
1564 1998 1600 2028 et
1617 1990 1665 2028 ad
1684 1992 1838 2029 Platon.

1177 2046 1344 2097 Sopliist.
1384 2061 1472 2098 pag
1509 2050 1606 2088 271.
1646 2051 1743 2089 272
1783 2069 1831 2076 -

1176 2104 1345 2140 temam
1391 2101 1603 2155 υπῆγαγον
1637 2117 1717 2141 nou
1756 2111 1836 2142 tam

1175 2161 1388 2210 significate
1418 2160 1570 2198 videtur
1591 2161 1835 2209 adduxerunt,

1176 2224 1217 2253 ut
1242 2219 1312 2265 VI,
1342 2220 1416 2265 72,
1448 2216 1513 2254 sed
1541 2218 1702 2253 retinere
1721 2190 1835 2254 simui

1175 2275 1254 2309 vim
1292 2274 1594 2324 praepositionis,
1640 2275 1753 2324 plane
1791 2281 1834 2312 ut

1175 2330 1254 2374 lx,
1286 2329 1351 2369 94.
1410 2330 1488 2372 Qui
1504 2334 1536 2366 le
1557 2332 1727 2378 inscium,
1749 2330 1834 2380 fal-

1174 2386 1310 2423 lacibus
1370 2387 1581 2423 sermonibus
1654 2388 1833 2438 considen-

1174 2447 1239 2479 tem
1260 2441 1334 2479 huc
1354 2443 1590 2482 adduxeruut.
1607 2443 1830 2491 Larcherus,

1173 2500 1238 2550 qui
1267 2500 1430 2537 conseri-i
1462 2501 1543 2536 vult
1570 2499 1830 2538 Hemsterhus.

1173 2555 1219 2592 ad
1243 2556 1431 2607 Aristopli.
1449 2557 1548 2593 Plut.
1575 2570 1610 2606 p.
1634 2557 1709 2604 58,
1739 2555 1830 2594 hinc

1172 2612 1319 2649 reddit:
1354 2614 1425 2659 „ils
1443 2614 1528 2650 t’ont
1553 2614 1664 2649 auz‘re'
1688 2626 1759 2663 par
1779 2627 1830 2651 un

1168 2670 1279 2719 appdt
1297 2672 1514 2720 trmnjmurf‘
1573 2668 1634 2705 Ad
1663 2672 1831 2720 περιῆλ-

1169 2729 1221 2764 θε
1234 2726 1333 2763 conf.
1346 2733 1441 2763 nott.
1454 2724 1501 2762 ad
1519 2726 1600 2772 Vll,
1620 2728 1673 2766 88
1686 2733 1720 2763 et
1733 2727 1829 2763 Plu-

1168 2781 1288 2820 tarch.
1316 2784 1410 2820 Mar.
1437 2785 1504 2822 10:
1537 2781 1604 2821 καὶ
1633 2780 1828 2835 περιῆλθέ

1166 2854 1224 2888 τις
1242 2837 1396 2890 νέμεσις
1414 2854 1451 2879 κ.
1469 2853 1503 2879 τ.
1521 2840 1558 2880 λ.
