<?xml version="1.0" encoding="UTF-8"?>
<!DOCTYPE html PUBLIC "-//W3C//DTD XHTML 1.0 Transitional//EN"
    "http://www.w3.org/TR/xhtml1/DTD/xhtml1-transitional.dtd">
<html xmlns="http://www.w3.org/1999/xhtml" xml:lang="en" lang="en">
 <head>
  <title>
</title>
<meta http-equiv="Content-Type" content="text/html;charset=utf-8" />
  <meta name='ocr-system' content='tesseract 3.04.00' />
  <meta name='ocr-capabilities' content='ocr_page ocr_carea ocr_par ocr_line ocrx_word'/>
</head>
<body>
  <div class='ocr_page' id='page_1' title='image "./musaeherodoto04hero_0074.png"; bbox 0 0 1996 3238; ppageno 0'>
   <div class='ocr_carea' id='block_1_1' title="bbox 463 196 1321 263">
    <p class='ocr_par' dir='ltr' id='par_1_1' title="bbox 463 196 1321 263">
     <span class='ocr_line' id='line_1_1' title="bbox 463 196 1321 263; baseline 0.002 -7"><span class='ocrx_word' id='word_1_1' title='bbox 463 224 519 263; x_wconf 71' lang='lat'>64</span> <span class='ocrx_word' id='word_1_2' title='bbox 860 196 1321 258; x_wconf 47' lang='lat' dir='ltr'>HER&#39;onoTl</span> 
     </span>
    </p>
   </div>
   <div class='ocr_carea' id='block_1_2' title="bbox 134 327 1778 794">
    <p class='ocr_par' dir='ltr' id='par_1_2' title="bbox 338 327 1723 388">
     <span class='ocr_line' id='line_1_2' title="bbox 338 327 1723 388; baseline -0.001 -13"><span class='ocrx_word' id='word_1_3' title='bbox 338 334 405 380; x_wconf 81' lang='lat'>48</span> <span class='ocrx_word' id='word_1_4' title='bbox 463 332 588 388; x_wconf 72' lang='grc' dir='ltr'><em>γένος</em></span> <span class='ocrx_word' id='word_1_5' title='bbox 619 330 700 372; x_wconf 79' lang='grc' dir='ltr'><strong><em>εἰσὶ</em></strong></span> <span class='ocrx_word' id='word_1_6' title='bbox 724 327 899 383; x_wconf 77' lang='grc' dir='ltr'><strong><em>Ἀχαιοί.</em></strong></span> <span class='ocrx_word' id='word_1_7' title='bbox 929 330 982 371; x_wconf 81' lang='grc' dir='ltr'>Οἱ</span> <span class='ocrx_word' id='word_1_8' title='bbox 1013 329 1092 384; x_wconf 81' lang='grc' dir='ltr'>μέν</span> <span class='ocrx_word' id='word_1_9' title='bbox 1123 346 1206 372; x_wconf 91' lang='grc' dir='ltr'>νυν</span> <span class='ocrx_word' id='word_1_10' title='bbox 1237 330 1361 373; x_wconf 79' lang='grc' dir='ltr'><em>ἄλλοι</em></span> <span class='ocrx_word' id='word_1_11' title='bbox 1399 329 1599 386; x_wconf 78' lang='grc' dir='ltr'><strong><em>τριήρεας</em></strong></span> <span class='ocrx_word' id='word_1_12' title='bbox 1641 345 1723 374; x_wconf 86' lang='grc' dir='ltr'>πα-</span> 
     </span>
    </p>

    <p class='ocr_par' dir='ltr' id='par_1_3' title="bbox 134 396 1778 522">
     <span class='ocr_line' id='line_1_3' title="bbox 134 396 1722 469; baseline -0.001 -27"><span class='ocrx_word' id='word_1_13' title='bbox 134 397 410 469; x_wconf 47' lang='grc' dir='ltr'>ῗρζᾞξὲῑῑθῃξζῖξῑιω.</span> <span class='ocrx_word' id='word_1_14' title='bbox 468 399 688 454; x_wconf 88' lang='grc' dir='ltr'><strong><em>ρεχόμενοι</em></strong></span> <span class='ocrx_word' id='word_1_15' title='bbox 732 396 1059 451; x_wconf 78' lang='grc' dir='ltr'>ἐστρατεύοντο·</span> <span class='ocrx_word' id='word_1_16' title='bbox 1127 397 1294 453; x_wconf 81' lang='grc' dir='ltr'><em>Μήλιοι</em></span> <span class='ocrx_word' id='word_1_17' title='bbox 1326 399 1389 450; x_wconf 82' lang='grc' dir='ltr'>δὲ,</span> <span class='ocrx_word' id='word_1_18' title='bbox 1424 400 1495 441; x_wconf 85' lang='grc' dir='ltr'>καὶ</span> <span class='ocrx_word' id='word_1_19' title='bbox 1526 400 1722 454; x_wconf 80' lang='grc' dir='ltr'><em>Σίφνιοι,</em></span> 
     </span>
     <span class='ocr_line' id='line_1_4' title="bbox 438 465 1778 522; baseline -0.001 -14"><span class='ocrx_word' id='word_1_20' title='bbox 438 467 544 510; x_wconf 63' lang='lat' dir='ltr'>Quod.</span> <span class='ocrx_word' id='word_1_21' title='bbox 573 466 790 519; x_wconf 85' lang='grc' dir='ltr'><strong><em>Σερίφιοι,</em></strong></span> <span class='ocrx_word' id='word_1_22' title='bbox 819 465 1198 521; x_wconf 80' lang='grc' dir='ltr'><strong><em>πεντηκοντέρους.</em></strong></span> <span class='ocrx_word' id='word_1_23' title='bbox 1257 467 1423 521; x_wconf 78' lang='grc' dir='ltr'><em>Μήλιοι</em></span> <span class='ocrx_word' id='word_1_24' title='bbox 1453 466 1560 522; x_wconf 76' lang='grc' dir='ltr'><strong><em>μὲν,</em></strong></span> <span class='ocrx_word' id='word_1_25' title='bbox 1600 465 1778 521; x_wconf 75' lang='grc' dir='ltr'><strong><em>γένος15</em></strong></span> 
     </span>
    </p>

    <p class='ocr_par' dir='ltr' id='par_1_4' title="bbox 463 532 1721 589">
     <span class='ocr_line' id='line_1_5' title="bbox 463 532 1721 589; baseline 0 -12"><span class='ocrx_word' id='word_1_26' title='bbox 463 534 607 584; x_wconf 74' lang='grc' dir='ltr'><strong><em>ἐόντες</em></strong></span> <span class='ocrx_word' id='word_1_27' title='bbox 629 532 712 576; x_wconf 71' lang='lat' dir='ltr'>vind</span> <span class='ocrx_word' id='word_1_28' title='bbox 743 535 1083 587; x_wconf 75' lang='grc' dir='ltr'><strong><em>Λακεδαίμονος,</em></strong></span> <span class='ocrx_word' id='word_1_29' title='bbox 1115 532 1197 576; x_wconf 79' lang='grc' dir='ltr'>δύο</span> <span class='ocrx_word' id='word_1_30' title='bbox 1222 536 1505 588; x_wconf 80' lang='grc' dir='ltr'><em>παρείχοντο·</em></span> <span class='ocrx_word' id='word_1_31' title='bbox 1537 536 1721 589; x_wconf 80' lang='grc' dir='ltr'><em>Σίφνιοι</em></span> 
     </span>
    </p>

    <p class='ocr_par' dir='ltr' id='par_1_5' title="bbox 435 599 1722 658">
     <span class='ocr_line' id='line_1_6' title="bbox 435 599 1722 658; baseline 0.002 -16"><span class='ocrx_word' id='word_1_32' title='bbox 435 602 513 644; x_wconf 83' lang='grc' dir='ltr'>3ὁὲ</span> <span class='ocrx_word' id='word_1_33' title='bbox 551 602 623 644; x_wconf 84' lang='grc' dir='ltr'>καὶ</span> <span class='ocrx_word' id='word_1_34' title='bbox 653 603 870 655; x_wconf 84' lang='grc' dir='ltr'><strong><em>Σερίφιοι,</em></strong></span> <span class='ocrx_word' id='word_1_35' title='bbox 897 599 1042 651; x_wconf 84' lang='grc' dir='ltr'><strong><em>Ἴωνες</em></strong></span> <span class='ocrx_word' id='word_1_36' title='bbox 1071 600 1213 650; x_wconf 79' lang='grc' dir='ltr'><strong><em>ἐόντες</em></strong></span> <span class='ocrx_word' id='word_1_37' title='bbox 1243 600 1313 643; x_wconf 76' lang='grc' dir='ltr'>ἀπ’</span> <span class='ocrx_word' id='word_1_38' title='bbox 1340 601 1582 658; x_wconf 75' lang='grc' dir='ltr'>Ἀθηνέων,</span> <span class='ocrx_word' id='word_1_39' title='bbox 1618 604 1722 656; x_wconf 88' lang='grc' dir='ltr'><em>μίαν</em></span> 
     </span>
    </p>

    <p class='ocr_par' dir='ltr' id='par_1_6' title="bbox 460 667 1723 723">
     <span class='ocr_line' id='line_1_7' title="bbox 460 667 1723 723; baseline -0.002 -10"><span class='ocrx_word' id='word_1_40' title='bbox 460 667 880 723; x_wconf 74' lang='grc' dir='ltr'><strong><em>ἑκάτεροι.Ἀριθμός</em></strong></span> <span class='ocrx_word' id='word_1_41' title='bbox 895 669 938 711; x_wconf 81' lang='grc' dir='ltr'>δὲ</span> <span class='ocrx_word' id='word_1_42' title='bbox 952 669 1115 723; x_wconf 78' lang='grc' dir='ltr'><strong><em>ἐγένετο</em></strong></span> <span class='ocrx_word' id='word_1_43' title='bbox 1130 667 1152 711; x_wconf 91' lang='grc' dir='ltr'>ὁ</span> <span class='ocrx_word' id='word_1_44' title='bbox 1166 672 1249 719; x_wconf 77' lang='grc' dir='ltr'>πᾶς</span> <span class='ocrx_word' id='word_1_45' title='bbox 1261 673 1346 711; x_wconf 76' lang='grc' dir='ltr'>τῶν</span> <span class='ocrx_word' id='word_1_46' title='bbox 1357 670 1614 722; x_wconf 74' lang='grc' dir='ltr'><strong><em>νεῶν,πάρεξ</em></strong></span> <span class='ocrx_word' id='word_1_47' title='bbox 1634 673 1723 711; x_wconf 74' lang='grc' dir='ltr'>τῶν</span> 
     </span>
    </p>

    <p class='ocr_par' dir='ltr' id='par_1_7' title="bbox 461 735 1720 794">
     <span class='ocr_line' id='line_1_8' title="bbox 461 735 1720 794; baseline -0.002 -13"><span class='ocrx_word' id='word_1_48' title='bbox 461 740 830 794; x_wconf 80' lang='grc' dir='ltr'><strong><em>πεντηκοντέρων,</em></strong></span> <span class='ocrx_word' id='word_1_49' title='bbox 842 736 1084 793; x_wconf 84' lang='grc' dir='ltr'>τριηκόσιαι</span> <span class='ocrx_word' id='word_1_50' title='bbox 1099 737 1171 780; x_wconf 84' lang='grc' dir='ltr'>καὶ</span> <span class='ocrx_word' id='word_1_51' title='bbox 1183 736 1480 793; x_wconf 75' lang='grc' dir='ltr'><strong><em>ἑβὸομήκοντα</em></strong></span> <span class='ocrx_word' id='word_1_52' title='bbox 1497 738 1569 780; x_wconf 80' lang='grc' dir='ltr'>καὶ</span> <span class='ocrx_word' id='word_1_53' title='bbox 1593 735 1720 780; x_wconf 76' lang='grc' dir='ltr'><strong><em>ὀκτώ.</em></strong></span> 
     </span>
    </p>
   </div>
   <div class='ocr_carea' id='block_1_3' title="bbox 0 1347 22 3238">
    <p class='ocr_par' dir='ltr' id='par_1_8' title="bbox 0 1347 22 3238">
     <span class='ocr_line' id='line_1_9' title="bbox 0 1347 22 3238; baseline 0 0"><span class='ocrx_word' id='word_1_54' title='bbox 0 1347 22 3238; x_wconf 95' lang='lat' dir='ltr'> </span> 
     </span>
    </p>
   </div>
   <div class='ocr_carea' id='block_1_4' title="bbox 405 953 1064 1178">
    <p class='ocr_par' dir='ltr' id='par_1_9' title="bbox 405 953 1064 1178">
     <span class='ocr_line' id='line_1_10' title="bbox 406 953 1064 1006; baseline -0.002 -15"><span class='ocrx_word' id='word_1_55' title='bbox 406 955 560 1002; x_wconf 86' lang='lat' dir='ltr'>incolis,</span> <span class='ocrx_word' id='word_1_56' title='bbox 600 955 663 1006; x_wconf 88' lang='lat' dir='ltr'>qui</span> <span class='ocrx_word' id='word_1_57' title='bbox 695 953 857 991; x_wconf 87' lang='lat' dir='ltr'>Doribus</span> <span class='ocrx_word' id='word_1_58' title='bbox 890 953 1064 990; x_wconf 86' lang='lat' dir='ltr'>Heracli-</span> 
     </span>
     <span class='ocr_line' id='line_1_11' title="bbox 405 1011 1064 1063; baseline -0.002 -15"><span class='ocrx_word' id='word_1_59' title='bbox 405 1011 537 1063; x_wconf 82' lang='lat' dir='ltr'>disque</span> <span class='ocrx_word' id='word_1_60' title='bbox 557 1012 730 1061; x_wconf 80' lang='lat' dir='ltr'>ingressiS</span> <span class='ocrx_word' id='word_1_61' title='bbox 751 1012 829 1048; x_wconf 84' lang='lat' dir='ltr'>solo</span> <span class='ocrx_word' id='word_1_62' title='bbox 852 1011 984 1048; x_wconf 81' lang='lat' dir='ltr'>cedere</span> <span class='ocrx_word' id='word_1_63' title='bbox 996 1024 1064 1047; x_wconf 88' lang='lat' dir='ltr'>co-</span> 
     </span>
     <span class='ocr_line' id='line_1_12' title="bbox 405 1067 1064 1105; baseline -0.002 0"><span class='ocrx_word' id='word_1_64' title='bbox 405 1071 479 1105; x_wconf 82' lang='lat' dir='ltr'>acti</span> <span class='ocrx_word' id='word_1_65' title='bbox 499 1070 537 1104; x_wconf 86' lang='lat' dir='ltr'>iu</span> <span class='ocrx_word' id='word_1_66' title='bbox 559 1070 705 1104; x_wconf 81' lang='lat' dir='ltr'>Italiam</span> <span class='ocrx_word' id='word_1_67' title='bbox 721 1067 969 1105; x_wconf 84' lang='lat' dir='ltr'>discesserunt</span> <span class='ocrx_word' id='word_1_68' title='bbox 988 1069 1064 1105; x_wconf 88' lang='lat' dir='ltr'>ibi-</span> 
     </span>
     <span class='ocr_line' id='line_1_13' title="bbox 406 1124 996 1178; baseline 0.002 -17"><span class='ocrx_word' id='word_1_69' title='bbox 406 1138 480 1178; x_wconf 87' lang='lat' dir='ltr'>que</span> <span class='ocrx_word' id='word_1_70' title='bbox 501 1126 708 1162; x_wconf 83' lang='lat' dir='ltr'>Crotonem</span> <span class='ocrx_word' id='word_1_71' title='bbox 729 1124 996 1167; x_wconf 83' lang='lat' dir='ltr'>condiderunt.</span> 
     </span>
    </p>
   </div>
   <div class='ocr_carea' id='block_1_5' title="bbox 583 1216 873 1267">
    <p class='ocr_par' dir='ltr' id='par_1_10' title="bbox 583 1216 873 1267">
     <span class='ocr_line' id='line_1_14' title="bbox 583 1216 873 1267; baseline 0 -15"><span class='ocrx_word' id='word_1_72' title='bbox 583 1216 675 1267; x_wconf 85' lang='lat' dir='ltr'>Cap.</span> <span class='ocrx_word' id='word_1_73' title='bbox 704 1217 873 1253; x_wconf 83' lang='lat' dir='ltr'><strong>XLVIII.</strong></span> 
     </span>
    </p>
   </div>
   <div class='ocr_carea' id='block_1_6' title="bbox 401 1290 1068 2871">
    <p class='ocr_par' dir='ltr' id='par_1_11' title="bbox 402 1290 1066 1684">
     <span class='ocr_line' id='line_1_15' title="bbox 461 1290 1063 1346; baseline -0.003 -13"><span class='ocrx_word' id='word_1_74' title='bbox 461 1290 619 1345; x_wconf 77' lang='grc' dir='ltr'><em>Μήλιοι</em></span> <span class='ocrx_word' id='word_1_75' title='bbox 669 1292 740 1345; x_wconf 75' lang='grc' dir='ltr'>μὲν</span> <span class='ocrx_word' id='word_1_76' title='bbox 778 1293 893 1346; x_wconf 76' lang='grc' dir='ltr'><em>γένος</em></span> <span class='ocrx_word' id='word_1_77' title='bbox 932 1290 1063 1339; x_wconf 79' lang='grc' dir='ltr'><strong><em>ἐόντες</em></strong></span> 
     </span>
     <span class='ocr_line' id='line_1_16' title="bbox 405 1345 1059 1402; baseline -0.002 -13"><span class='ocrx_word' id='word_1_78' title='bbox 405 1345 485 1389; x_wconf 66' lang='lat' dir='ltr'>cino*</span> <span class='ocrx_word' id='word_1_79' title='bbox 522 1351 827 1402; x_wconf 79' lang='grc' dir='ltr'><strong><em>Λακεδαίμονος</em></strong></span> <span class='ocrx_word' id='word_1_80' title='bbox 864 1365 900 1389; x_wconf 88' lang='grc' dir='ltr'>κ.</span> <span class='ocrx_word' id='word_1_81' title='bbox 941 1366 972 1388; x_wconf 91' lang='grc' dir='ltr'>τ.</span> <span class='ocrx_word' id='word_1_82' title='bbox 1009 1349 1059 1400; x_wconf 79' lang='grc' dir='ltr'>λ]</span> 
     </span>
     <span class='ocr_line' id='line_1_17' title="bbox 405 1405 1061 1459; baseline -0.002 -16"><span class='ocrx_word' id='word_1_83' title='bbox 405 1408 603 1444; x_wconf 84' lang='lat' dir='ltr'>Pertinent</span> <span class='ocrx_word' id='word_1_84' title='bbox 624 1406 719 1454; x_wconf 86' lang='lat' dir='ltr'>huc,</span> <span class='ocrx_word' id='word_1_85' title='bbox 754 1420 849 1459; x_wconf 88' lang='lat' dir='ltr'>quae</span> <span class='ocrx_word' id='word_1_86' title='bbox 881 1405 929 1443; x_wconf 88' lang='lat' dir='ltr'>ad</span> <span class='ocrx_word' id='word_1_87' title='bbox 961 1407 1061 1455; x_wconf 88' lang='lat' dir='ltr'>VIII,</span> 
     </span>
     <span class='ocr_line' id='line_1_18' title="bbox 404 1463 1062 1515; baseline -0.005 -12"><span class='ocrx_word' id='word_1_88' title='bbox 404 1463 471 1503; x_wconf 85' lang='lat'>46.</span> <span class='ocrx_word' id='word_1_89' title='bbox 495 1463 780 1515; x_wconf 78' lang='lat' dir='ltr'><strong>disputavimus.</strong></span> <span class='ocrx_word' id='word_1_90' title='bbox 811 1463 936 1501; x_wconf 85' lang='lat' dir='ltr'>Verba</span> <span class='ocrx_word' id='word_1_91' title='bbox 955 1477 1062 1515; x_wconf 84' lang='lat' dir='ltr'>seqq.</span> 
     </span>
     <span class='ocr_line' id='line_1_19' title="bbox 404 1518 1060 1570; baseline -0.005 -11"><span class='ocrx_word' id='word_1_92' title='bbox 404 1520 573 1570; x_wconf 82' lang='grc' dir='ltr'><em>Σίφνιοι</em></span> <span class='ocrx_word' id='word_1_93' title='bbox 602 1518 643 1559; x_wconf 79' lang='grc' dir='ltr'>δὲ</span> <span class='ocrx_word' id='word_1_94' title='bbox 672 1519 739 1559; x_wconf 78' lang='grc' dir='ltr'>καὶ</span> <span class='ocrx_word' id='word_1_95' title='bbox 760 1521 945 1570; x_wconf 76' lang='grc' dir='ltr'><strong><em>Σερίφιοι</em></strong></span> <span class='ocrx_word' id='word_1_96' title='bbox 970 1536 1006 1558; x_wconf 84' lang='grc' dir='ltr'>κ.</span> <span class='ocrx_word' id='word_1_97' title='bbox 1027 1535 1060 1558; x_wconf 91' lang='grc' dir='ltr'>τ.</span> 
     </span>
     <span class='ocr_line' id='line_1_20' title="bbox 405 1576 1060 1628; baseline 0 -14"><span class='ocrx_word' id='word_1_98' title='bbox 405 1578 439 1614; x_wconf 85' lang='grc' dir='ltr'>λ.</span> <span class='ocrx_word' id='word_1_99' title='bbox 480 1579 568 1614; x_wconf 86' lang='lat' dir='ltr'>citat</span> <span class='ocrx_word' id='word_1_100' title='bbox 604 1576 775 1614; x_wconf 84' lang='lat' dir='ltr'>Eustath.</span> <span class='ocrx_word' id='word_1_101' title='bbox 816 1576 864 1612; x_wconf 90' lang='lat' dir='ltr'>ad</span> <span class='ocrx_word' id='word_1_102' title='bbox 903 1578 1060 1628; x_wconf 75' lang='lat' dir='ltr'>Dionys.</span> 
     </span>
     <span class='ocr_line' id='line_1_21' title="bbox 402 1632 1066 1684; baseline 0 -15"><span class='ocrx_word' id='word_1_103' title='bbox 402 1634 553 1684; x_wconf 81' lang='lat' dir='ltr'>Perieg.</span> <span class='ocrx_word' id='word_1_104' title='bbox 584 1634 687 1682; x_wconf 78' lang='lat'>525,</span> <span class='ocrx_word' id='word_1_105' title='bbox 725 1634 791 1670; x_wconf 88' lang='lat' dir='ltr'>ubi</span> <span class='ocrx_word' id='word_1_106' title='bbox 829 1632 904 1670; x_wconf 74' lang='lat' dir='ltr'>vid.</span> <span class='ocrx_word' id='word_1_107' title='bbox 945 1634 1066 1684; x_wconf 86' lang='lat' dir='ltr'>plura.</span> 
     </span>
    </p>

    <p class='ocr_par' dir='ltr' id='par_1_12' title="bbox 401 1685 1068 2871">
     <span class='ocr_line' id='line_1_22' title="bbox 463 1685 1068 1741; baseline 0 -13"><span class='ocrx_word' id='word_1_108' title='bbox 463 1685 651 1741; x_wconf 77' lang='grc' dir='ltr'><strong><em>’Λριθμός</em></strong></span> <span class='ocrx_word' id='word_1_109' title='bbox 666 1688 706 1728; x_wconf 65' lang='grc' dir='ltr'>(δὲ</span> <span class='ocrx_word' id='word_1_110' title='bbox 728 1688 878 1741; x_wconf 77' lang='grc' dir='ltr'><strong><em>ἐγένετο</em></strong></span> <span class='ocrx_word' id='word_1_111' title='bbox 891 1705 1068 1740; x_wconf 85' lang='grc' dir='ltr'><strong><em>-τριη-</em></strong></span> 
     </span>
     <span class='ocr_line' id='line_1_23' title="bbox 403 1741 1067 1796; baseline 0 -12"><span class='ocrx_word' id='word_1_112' title='bbox 403 1741 532 1785; x_wconf 75' lang='grc' dir='ltr'><strong><em>κόσιαι</em></strong></span> <span class='ocrx_word' id='word_1_113' title='bbox 570 1745 636 1784; x_wconf 82' lang='grc' dir='ltr'>καὶ</span> <span class='ocrx_word' id='word_1_114' title='bbox 684 1743 956 1796; x_wconf 71' lang='grc' dir='ltr'><strong><em>ἑβδομήκοντα</em></strong></span> <span class='ocrx_word' id='word_1_115' title='bbox 999 1745 1067 1785; x_wconf 83' lang='grc' dir='ltr'>καὶ</span> 
     </span>
     <span class='ocr_line' id='line_1_24' title="bbox 405 1798 1061 1851; baseline -0.005 -10"><span class='ocrx_word' id='word_1_116' title='bbox 405 1798 523 1851; x_wconf 78' lang='grc' dir='ltr'><strong><em>ὀκτώ]</em></strong></span> <span class='ocrx_word' id='word_1_117' title='bbox 569 1803 677 1840; x_wconf 88' lang='lat' dir='ltr'>Conf.</span> <span class='ocrx_word' id='word_1_118' title='bbox 706 1802 858 1839; x_wconf 41' lang='grc' dir='ltr'>χΜειῐΐΙι.</span> <span class='ocrx_word' id='word_1_119' title='bbox 892 1804 957 1840; x_wconf 87' lang='lat' dir='ltr'>Gr.</span> <span class='ocrx_word' id='word_1_120' title='bbox 995 1804 1061 1839; x_wconf 89' lang='lat' dir='ltr'>Gr.</span> 
     </span>
     <span class='ocr_line' id='line_1_25' title="bbox 405 1859 1061 1910; baseline 0 -15"><span class='ocrx_word' id='word_1_121' title='bbox 405 1860 442 1904; x_wconf 61' lang='grc' dir='ltr'>ξ.</span> <span class='ocrx_word' id='word_1_122' title='bbox 469 1860 546 1900; x_wconf 72' lang='grc'>140</span> <span class='ocrx_word' id='word_1_123' title='bbox 567 1872 652 1910; x_wconf 80' lang='lat' dir='ltr'>pag.</span> <span class='ocrx_word' id='word_1_124' title='bbox 677 1861 771 1899; x_wconf 81' lang='lat'><strong>264.</strong></span> <span class='ocrx_word' id='word_1_125' title='bbox 823 1859 933 1904; x_wconf 78' lang='lat' dir='ltr'>Quod</span> <span class='ocrx_word' id='word_1_126' title='bbox 972 1872 1061 1896; x_wconf 84' lang='lat' dir='ltr'>vero</span> 
     </span>
     <span class='ocr_line' id='line_1_26' title="bbox 406 1914 1062 1965; baseline 0.002 -14"><span class='ocrx_word' id='word_1_127' title='bbox 406 1914 494 1952; x_wconf 88' lang='lat' dir='ltr'>eth.</span> <span class='ocrx_word' id='word_1_128' title='bbox 515 1917 540 1954; x_wconf 93' lang='lat' dir='ltr'>l.</span> <span class='ocrx_word' id='word_1_129' title='bbox 564 1923 600 1952; x_wconf 91' lang='lat' dir='ltr'>et</span> <span class='ocrx_word' id='word_1_130' title='bbox 622 1917 716 1965; x_wconf 83' lang='lat' dir='ltr'>VIII,</span> <span class='ocrx_word' id='word_1_131' title='bbox 740 1918 792 1956; x_wconf 80' lang='lat'>82</span> <span class='ocrx_word' id='word_1_132' title='bbox 836 1918 971 1952; x_wconf 80' lang='lat' dir='ltr'>Noster</span> <span class='ocrx_word' id='word_1_133' title='bbox 990 1929 1062 1952; x_wconf 90' lang='lat' dir='ltr'>na-</span> 
     </span>
     <span class='ocr_line' id='line_1_27' title="bbox 404 1972 1062 2009; baseline 0 0"><span class='ocrx_word' id='word_1_134' title='bbox 404 1973 512 2009; x_wconf 75' lang='lat' dir='ltr'>vium</span> <span class='ocrx_word' id='word_1_135' title='bbox 533 1985 739 2009; x_wconf 87' lang='lat' dir='ltr'>numerum</span> <span class='ocrx_word' id='word_1_136' title='bbox 766 1972 907 2009; x_wconf 85' lang='lat' dir='ltr'>indicat</span> <span class='ocrx_word' id='word_1_137' title='bbox 929 1977 1062 2009; x_wconf 75' lang='lat' dir='ltr'>irecen—</span> 
     </span>
     <span class='ocr_line' id='line_1_28' title="bbox 404 2031 1061 2079; baseline 0 -14"><span class='ocrx_word' id='word_1_138' title='bbox 404 2032 522 2065; x_wconf 76' lang='lat' dir='ltr'>tarum</span> <span class='ocrx_word' id='word_1_139' title='bbox 540 2031 771 2079; x_wconf 67' lang='lat' dir='ltr'><em>septuaginta</em></span> <span class='ocrx_word' id='word_1_140' title='bbox 791 2033 877 2076; x_wconf 74' lang='lat' dir='ltr'>octo,</span> <span class='ocrx_word' id='word_1_141' title='bbox 896 2031 1061 2066; x_wconf 81' lang='lat' dir='ltr'>existunt</span> 
     </span>
     <span class='ocr_line' id='line_1_29' title="bbox 404 2087 1061 2135; baseline 0.003 -14"><span class='ocrx_word' id='word_1_142' title='bbox 404 2087 528 2135; x_wconf 88' lang='lat' dir='ltr'>potius</span> <span class='ocrx_word' id='word_1_143' title='bbox 568 2089 738 2122; x_wconf 73' lang='lat' dir='ltr'><em>trecentae</em></span> <span class='ocrx_word' id='word_1_144' title='bbox 775 2088 965 2134; x_wconf 70' lang='lat' dir='ltr'><em>sexaginta</em></span> <span class='ocrx_word' id='word_1_145' title='bbox 1001 2098 1061 2123; x_wconf 79' lang='lat' dir='ltr'>sex</span> 
     </span>
     <span class='ocr_line' id='line_1_30' title="bbox 404 2143 1062 2193; baseline -0.002 -15"><span class='ocrx_word' id='word_1_146' title='bbox 404 2143 454 2189; x_wconf 85' lang='lat' dir='ltr'>si,</span> <span class='ocrx_word' id='word_1_147' title='bbox 486 2149 579 2193; x_wconf 85' lang='lat' dir='ltr'>quot</span> <span class='ocrx_word' id='word_1_148' title='bbox 598 2155 714 2179; x_wconf 81' lang='lat' dir='ltr'>naves</span> <span class='ocrx_word' id='word_1_149' title='bbox 744 2154 764 2177; x_wconf 89' lang='lat' dir='ltr'>a</span> <span class='ocrx_word' id='word_1_150' title='bbox 784 2143 940 2192; x_wconf 85' lang='lat' dir='ltr'>singulis</span> <span class='ocrx_word' id='word_1_151' title='bbox 968 2143 1062 2178; x_wconf 88' lang='lat' dir='ltr'>civi-</span> 
     </span>
     <span class='ocr_line' id='line_1_31' title="bbox 408 2197 1059 2250; baseline 0.002 -15"><span class='ocrx_word' id='word_1_152' title='bbox 408 2199 547 2235; x_wconf 84' lang='lat' dir='ltr'>tatibus</span> <span class='ocrx_word' id='word_1_153' title='bbox 595 2211 707 2249; x_wconf 85' lang='lat' dir='ltr'>supra</span> <span class='ocrx_word' id='word_1_154' title='bbox 747 2211 828 2249; x_wconf 91' lang='lat' dir='ltr'>cap.</span> <span class='ocrx_word' id='word_1_155' title='bbox 861 2197 913 2238; x_wconf 76' lang='lat'>43</span> <span class='ocrx_word' id='word_1_156' title='bbox 952 2211 1059 2250; x_wconf 83' lang='lat' dir='ltr'>seqq.</span> 
     </span>
     <span class='ocr_line' id='line_1_32' title="bbox 404 2256 1063 2305; baseline 0.002 -15"><span class='ocrx_word' id='word_1_157' title='bbox 404 2257 632 2291; x_wconf 77' lang='lat' dir='ltr'>enumeratis</span> <span class='ocrx_word' id='word_1_158' title='bbox 669 2256 929 2305; x_wconf 83' lang='lat' dir='ltr'>suppeditatae</span> <span class='ocrx_word' id='word_1_159' title='bbox 976 2256 1063 2291; x_wconf 89' lang='lat' dir='ltr'>fue-</span> 
     </span>
     <span class='ocr_line' id='line_1_33' title="bbox 404 2311 1061 2359; baseline 0.003 -13"><span class='ocrx_word' id='word_1_160' title='bbox 404 2313 479 2347; x_wconf 85' lang='lat' dir='ltr'>rint</span> <span class='ocrx_word' id='word_1_161' title='bbox 503 2341 512 2359; x_wconf 87' lang='lat'>,</span> <span class='ocrx_word' id='word_1_162' title='bbox 588 2318 759 2348; x_wconf 81' lang='lat' dir='ltr'>accurate</span> <span class='ocrx_word' id='word_1_163' title='bbox 825 2311 1061 2348; x_wconf 84' lang='lat' dir='ltr'>subduxeris.</span> 
     </span>
     <span class='ocr_line' id='line_1_34' title="bbox 408 2367 1061 2418; baseline 0 -14"><span class='ocrx_word' id='word_1_164' title='bbox 408 2367 594 2404; x_wconf 64' lang='lat' dir='ltr'>Trecenta&amp;</span> <span class='ocrx_word' id='word_1_165' title='bbox 661 2370 923 2418; x_wconf 78' lang='lat' dir='ltr'>quinquaginta</span> <span class='ocrx_word' id='word_1_166' title='bbox 986 2372 1061 2404; x_wconf 79' lang='lat' dir='ltr'>octo</span> 
     </span>
     <span class='ocr_line' id='line_1_35' title="bbox 405 2425 1061 2471; baseline 0.002 -12"><span class='ocrx_word' id='word_1_167' title='bbox 405 2431 540 2471; x_wconf 88' lang='lat' dir='ltr'>erunt,</span> <span class='ocrx_word' id='word_1_168' title='bbox 572 2425 711 2461; x_wconf 89' lang='lat' dir='ltr'>sicum</span> <span class='ocrx_word' id='word_1_169' title='bbox 740 2425 846 2461; x_wconf 80' lang='lat' dir='ltr'>valla</span> <span class='ocrx_word' id='word_1_170' title='bbox 871 2425 1061 2461; x_wconf 82' lang='lat' dir='ltr'>Sancrofti</span> 
     </span>
     <span class='ocr_line' id='line_1_36' title="bbox 402 2480 1058 2533; baseline 0.002 -17"><span class='ocrx_word' id='word_1_171' title='bbox 402 2480 543 2517; x_wconf 85' lang='lat' dir='ltr'>librum</span> <span class='ocrx_word' id='word_1_172' title='bbox 596 2481 791 2533; x_wconf 85' lang='lat' dir='ltr'>aliumque</span> <span class='ocrx_word' id='word_1_173' title='bbox 843 2494 1058 2533; x_wconf 86' lang='lat' dir='ltr'>sequamur.</span> 
     </span>
     <span class='ocr_line' id='line_1_37' title="bbox 403 2537 1059 2589; baseline 0 -16"><span class='ocrx_word' id='word_1_174' title='bbox 403 2538 536 2587; x_wconf 83' lang='lat' dir='ltr'>Neque</span> <span class='ocrx_word' id='word_1_175' title='bbox 561 2544 689 2573; x_wconf 85' lang='lat' dir='ltr'>tamen</span> <span class='ocrx_word' id='word_1_176' title='bbox 728 2537 801 2574; x_wconf 88' lang='lat' dir='ltr'>hoc</span> <span class='ocrx_word' id='word_1_177' title='bbox 832 2538 915 2574; x_wconf 86' lang='lat' dir='ltr'>loco</span> <span class='ocrx_word' id='word_1_178' title='bbox 946 2537 1059 2589; x_wconf 89' lang='lat' dir='ltr'>quid-</span> 
     </span>
     <span class='ocr_line' id='line_1_38' title="bbox 404 2593 1061 2645; baseline 0.003 -17"><span class='ocrx_word' id='word_1_179' title='bbox 404 2606 519 2645; x_wconf 84' lang='lat' dir='ltr'>quam</span> <span class='ocrx_word' id='word_1_180' title='bbox 539 2593 779 2642; x_wconf 79' lang='lat' dir='ltr'>nmtandum,</span> <span class='ocrx_word' id='word_1_181' title='bbox 801 2601 952 2632; x_wconf 82' lang='lat' dir='ltr'>auctore</span> <span class='ocrx_word' id='word_1_182' title='bbox 970 2595 1061 2631; x_wconf 84' lang='lat' dir='ltr'>Val-</span> 
     </span>
     <span class='ocr_line' id='line_1_39' title="bbox 403 2648 1059 2703; baseline 0.002 -18"><span class='ocrx_word' id='word_1_183' title='bbox 403 2648 626 2696; x_wconf 79' lang='lat' dir='ltr'>ckenaeri0‚</span> <span class='ocrx_word' id='word_1_184' title='bbox 673 2653 759 2701; x_wconf 86' lang='lat' dir='ltr'>qui,</span> <span class='ocrx_word' id='word_1_185' title='bbox 799 2664 874 2703; x_wconf 83' lang='lat' dir='ltr'>quo</span> <span class='ocrx_word' id='word_1_186' title='bbox 908 2652 1059 2686; x_wconf 86' lang='lat' dir='ltr'>numeri</span> 
     </span>
     <span class='ocr_line' id='line_1_40' title="bbox 401 2707 1059 2757; baseline 0.002 -14"><span class='ocrx_word' id='word_1_187' title='bbox 401 2707 647 2754; x_wconf 87' lang='lat' dir='ltr'>conveniant,</span> <span class='ocrx_word' id='word_1_188' title='bbox 682 2720 763 2757; x_wconf 88' lang='lat' dir='ltr'>cap.</span> <span class='ocrx_word' id='word_1_189' title='bbox 783 2707 857 2755; x_wconf 82' lang='lat'>46,</span> <span class='ocrx_word' id='word_1_190' title='bbox 889 2708 954 2744; x_wconf 86' lang='lat' dir='ltr'>ubi</span> <span class='ocrx_word' id='word_1_191' title='bbox 994 2709 1059 2744; x_wconf 75' lang='lat' dir='ltr'>tri-</span> 
     </span>
     <span class='ocr_line' id='line_1_41' title="bbox 402 2760 1057 2815; baseline 0.003 -17"><span class='ocrx_word' id='word_1_192' title='bbox 402 2764 504 2811; x_wconf 74' lang='lat' dir='ltr'>ginta</span> <span class='ocrx_word' id='word_1_193' title='bbox 526 2760 769 2813; x_wconf 82' lang='grc' dir='ltr'>(τριήκοντα)</span> <span class='ocrx_word' id='word_1_194' title='bbox 802 2778 914 2801; x_wconf 87' lang='lat' dir='ltr'>naves</span> <span class='ocrx_word' id='word_1_195' title='bbox 944 2777 1057 2815; x_wconf 84' lang='lat' dir='ltr'>prae-</span> 
     </span>
     <span class='ocr_line' id='line_1_42' title="bbox 402 2819 1056 2871; baseline 0 -13"><span class='ocrx_word' id='word_1_196' title='bbox 402 2820 526 2858; x_wconf 87' lang='lat' dir='ltr'>buisse</span> <span class='ocrx_word' id='word_1_197' title='bbox 542 2819 718 2857; x_wconf 87' lang='lat' dir='ltr'>dicuntur</span> <span class='ocrx_word' id='word_1_198' title='bbox 735 2822 962 2871; x_wconf 81' lang='lat' dir='ltr'>Aeginetae,</span> <span class='ocrx_word' id='word_1_199' title='bbox 988 2821 1056 2858; x_wconf 78' lang='lat' dir='ltr'>duo</span> 
     </span>
    </p>
   </div>
   <div class='ocr_carea' id='block_1_7' title="bbox 1117 948 1779 1232">
    <p class='ocr_par' dir='ltr' id='par_1_13' title="bbox 1117 948 1779 1232">
     <span class='ocr_line' id='line_1_43' title="bbox 1121 948 1777 1006; baseline 0.003 -16"><span class='ocrx_word' id='word_1_200' title='bbox 1121 960 1157 990; x_wconf 86' lang='lat' dir='ltr'>et</span> <span class='ocrx_word' id='word_1_201' title='bbox 1181 953 1426 1004; x_wconf 76' lang='lat' dir='ltr'>quadraginta</span> <span class='ocrx_word' id='word_1_202' title='bbox 1460 948 1553 1002; x_wconf 66' lang='grc' dir='ltr'>(δύο</span> <span class='ocrx_word' id='word_1_203' title='bbox 1593 951 1660 992; x_wconf 82' lang='grc' dir='ltr'>καὶ</span> <span class='ocrx_word' id='word_1_204' title='bbox 1690 964 1777 1006; x_wconf 70' lang='lat'>¹1:855-</span> 
     </span>
     <span class='ocr_line' id='line_1_44' title="bbox 1119 1007 1779 1062; baseline -0.005 -12"><span class='ocrx_word' id='word_1_205' title='bbox 1119 1007 1356 1061; x_wconf 76' lang='grc' dir='ltr'><strong><em>σαρᾶκοντα)</em></strong></span> <span class='ocrx_word' id='word_1_206' title='bbox 1367 1012 1537 1047; x_wconf 83' lang='lat' dir='ltr'>substitui</span> <span class='ocrx_word' id='word_1_207' title='bbox 1552 1011 1653 1058; x_wconf 71' lang='lat' dir='ltr'>vult,</span> <span class='ocrx_word' id='word_1_208' title='bbox 1676 1009 1779 1062; x_wconf 87' lang='lat' dir='ltr'>quod</span> 
     </span>
     <span class='ocr_line' id='line_1_45' title="bbox 1118 1066 1775 1118; baseline -0.002 -14"><span class='ocrx_word' id='word_1_209' title='bbox 1118 1067 1223 1104; x_wconf 82' lang='lat' dir='ltr'>idem</span> <span class='ocrx_word' id='word_1_210' title='bbox 1251 1069 1390 1118; x_wconf 78' lang='lat' dir='ltr'>placuit</span> <span class='ocrx_word' id='word_1_211' title='bbox 1410 1066 1623 1114; x_wconf 81' lang='lat' dir='ltr'>Larchero,</span> <span class='ocrx_word' id='word_1_212' title='bbox 1654 1080 1775 1118; x_wconf 85' lang='lat' dir='ltr'>quum</span> 
     </span>
     <span class='ocr_line' id='line_1_46' title="bbox 1117 1123 1775 1175; baseline 0.002 -15"><span class='ocrx_word' id='word_1_213' title='bbox 1117 1126 1328 1175; x_wconf 79' lang='lat' dir='ltr'>Aeginetae</span> <span class='ocrx_word' id='word_1_214' title='bbox 1385 1131 1469 1174; x_wconf 85' lang='lat' dir='ltr'>post</span> <span class='ocrx_word' id='word_1_215' title='bbox 1525 1123 1775 1161; x_wconf 64' lang='lat' dir='ltr'>Athenienses</span> 
     </span>
     <span class='ocr_line' id='line_1_47' title="bbox 1120 1180 1777 1232; baseline -0.002 -15"><span class='ocrx_word' id='word_1_216' title='bbox 1120 1183 1301 1232; x_wconf 87' lang='lat' dir='ltr'>plurimas</span> <span class='ocrx_word' id='word_1_217' title='bbox 1326 1188 1426 1217; x_wconf 89' lang='lat' dir='ltr'>certe</span> <span class='ocrx_word' id='word_1_218' title='bbox 1455 1193 1569 1217; x_wconf 73' lang='lat' dir='ltr'>naves</span> <span class='ocrx_word' id='word_1_219' title='bbox 1592 1180 1777 1229; x_wconf 77' lang='lat' dir='ltr'>dederint,</span> 
     </span>
    </p>
   </div>
   <div class='ocr_carea' id='block_1_8' title="bbox 1118 1236 1839 1291">
    <p class='ocr_par' dir='ltr' id='par_1_14' title="bbox 1118 1236 1839 1291">
     <span class='ocr_line' id='line_1_48' title="bbox 1118 1236 1839 1291; baseline 0 -17"><span class='ocrx_word' id='word_1_220' title='bbox 1118 1245 1211 1275; x_wconf 88' lang='lat' dir='ltr'>teste</span> <span class='ocrx_word' id='word_1_221' title='bbox 1250 1237 1438 1274; x_wconf 52' lang='lat' dir='ltr'>Pausania</span> <span class='ocrx_word' id='word_1_222' title='bbox 1468 1239 1526 1284; x_wconf 82' lang='grc' dir='ltr'>ΙΙ,</span> <span class='ocrx_word' id='word_1_223' title='bbox 1577 1239 1630 1277; x_wconf 80' lang='lat'>29</span> <span class='ocrx_word' id='word_1_224' title='bbox 1672 1238 1708 1282; x_wconf 61' lang='grc' dir='ltr'>ξ.</span> <span class='ocrx_word' id='word_1_225' title='bbox 1738 1236 1778 1277; x_wconf 82' lang='grc'>5.</span> <span class='ocrx_word' id='word_1_226' title='bbox 1835 1289 1839 1291; x_wconf 20' lang='grc'><em>4</em></span> 
     </span>
    </p>
   </div>
   <div class='ocr_carea' id='block_1_9' title="bbox 1110 1294 1778 2860">
    <p class='ocr_par' dir='ltr' id='par_1_15' title="bbox 1110 1294 1778 2860">
     <span class='ocr_line' id='line_1_49' title="bbox 1118 1294 1777 1346; baseline -0.002 -16"><span class='ocrx_word' id='word_1_227' title='bbox 1118 1294 1284 1346; x_wconf 85' lang='lat' dir='ltr'>indeque</span> <span class='ocrx_word' id='word_1_228' title='bbox 1300 1296 1423 1345; x_wconf 84' lang='lat' dir='ltr'>plures</span> <span class='ocrx_word' id='word_1_229' title='bbox 1436 1307 1550 1330; x_wconf 84' lang='lat' dir='ltr'>naves</span> <span class='ocrx_word' id='word_1_230' title='bbox 1563 1294 1777 1342; x_wconf 87' lang='lat' dir='ltr'>Corinthiis,</span> 
     </span>
     <span class='ocr_line' id='line_1_50' title="bbox 1120 1352 1778 1402; baseline 0 -15"><span class='ocrx_word' id='word_1_231' title='bbox 1120 1353 1185 1402; x_wconf 88' lang='lat' dir='ltr'>qui</span> <span class='ocrx_word' id='word_1_232' title='bbox 1210 1359 1246 1387; x_wconf 91' lang='lat' dir='ltr'>et</span> <span class='ocrx_word' id='word_1_233' title='bbox 1266 1353 1335 1401; x_wconf 85' lang='lat' dir='ltr'>ipsi</span> <span class='ocrx_word' id='word_1_234' title='bbox 1357 1352 1600 1401; x_wconf 75' lang='lat' dir='ltr'>quadraginta</span> <span class='ocrx_word' id='word_1_235' title='bbox 1624 1363 1778 1400; x_wconf 77' lang='lat' dir='ltr'>erogas-</span> 
     </span>
     <span class='ocr_line' id='line_1_51' title="bbox 1118 1408 1777 1457; baseline 0 -14"><span class='ocrx_word' id='word_1_236' title='bbox 1118 1421 1158 1444; x_wconf 89' lang='lat' dir='ltr'>se</span> <span class='ocrx_word' id='word_1_237' title='bbox 1206 1409 1470 1457; x_wconf 78' lang='lat' dir='ltr'>perhibentur,</span> <span class='ocrx_word' id='word_1_238' title='bbox 1535 1408 1777 1457; x_wconf 73' lang='lat' dir='ltr'>praebuerim</span> 
     </span>
     <span class='ocr_line' id='line_1_52' title="bbox 1118 1463 1776 1501; baseline 0 -2"><span class='ocrx_word' id='word_1_239' title='bbox 1118 1477 1271 1501; x_wconf 81' lang='lat' dir='ltr'>necesse</span> <span class='ocrx_word' id='word_1_240' title='bbox 1291 1466 1349 1500; x_wconf 89' lang='lat' dir='ltr'>sit.</span> <span class='ocrx_word' id='word_1_241' title='bbox 1396 1465 1578 1500; x_wconf 84' lang='lat' dir='ltr'>Assensus</span> <span class='ocrx_word' id='word_1_242' title='bbox 1600 1471 1654 1500; x_wconf 87' lang='lat' dir='ltr'>est</span> <span class='ocrx_word' id='word_1_243' title='bbox 1673 1463 1776 1500; x_wconf 88' lang='lat' dir='ltr'>hisce</span> 
     </span>
     <span class='ocr_line' id='line_1_53' title="bbox 1116 1519 1778 1571; baseline 0 -15"><span class='ocrx_word' id='word_1_244' title='bbox 1116 1534 1240 1571; x_wconf 86' lang='lat' dir='ltr'>nuper</span> <span class='ocrx_word' id='word_1_245' title='bbox 1259 1522 1390 1570; x_wconf 86' lang='lat' dir='ltr'>Negris</span> <span class='ocrx_word' id='word_1_246' title='bbox 1410 1522 1450 1556; x_wconf 88' lang='lat' dir='ltr'>in</span> <span class='ocrx_word' id='word_1_247' title='bbox 1471 1519 1559 1557; x_wconf 78' lang='lat' dir='ltr'>edit.</span> <span class='ocrx_word' id='word_1_248' title='bbox 1579 1533 1657 1558; x_wconf 87' lang='lat' dir='ltr'>sua.</span> <span class='ocrx_word' id='word_1_249' title='bbox 1698 1519 1778 1557; x_wconf 88' lang='lat' dir='ltr'>Sed</span> 
     </span>
     <span class='ocr_line' id='line_1_54' title="bbox 1121 1576 1775 1627; baseline -0.002 -14"><span class='ocrx_word' id='word_1_250' title='bbox 1121 1578 1186 1613; x_wconf 81' lang='lat' dir='ltr'>illo</span> <span class='ocrx_word' id='word_1_251' title='bbox 1208 1579 1246 1613; x_wconf 90' lang='lat' dir='ltr'>iu</span> <span class='ocrx_word' id='word_1_252' title='bbox 1271 1579 1355 1614; x_wconf 92' lang='lat' dir='ltr'>loco</span> <span class='ocrx_word' id='word_1_253' title='bbox 1375 1576 1557 1613; x_wconf 78' lang='lat' dir='ltr'>Herodoti</span> <span class='ocrx_word' id='word_1_254' title='bbox 1586 1578 1646 1613; x_wconf 74' lang='lat' dir='ltr'>vel</span> <span class='ocrx_word' id='word_1_255' title='bbox 1666 1590 1775 1627; x_wconf 84' lang='lat' dir='ltr'>repe-</span> 
     </span>
     <span class='ocr_line' id='line_1_55' title="bbox 1121 1629 1777 1685; baseline -0.002 -15"><span class='ocrx_word' id='word_1_256' title='bbox 1121 1635 1234 1670; x_wconf 86' lang='lat' dir='ltr'>titum</span> <span class='ocrx_word' id='word_1_257' title='bbox 1272 1629 1484 1685; x_wconf 79' lang='grc' dir='ltr'><strong><em>τριήκοντα</em></strong></span> <span class='ocrx_word' id='word_1_258' title='bbox 1512 1634 1651 1669; x_wconf 82' lang='lat' dir='ltr'>mutari</span> <span class='ocrx_word' id='word_1_259' title='bbox 1685 1632 1777 1684; x_wconf 81' lang='lat' dir='ltr'>quid</span> 
     </span>
     <span class='ocr_line' id='line_1_56' title="bbox 1121 1690 1776 1737; baseline 0 -10"><span class='ocrx_word' id='word_1_260' title='bbox 1121 1697 1244 1737; x_wconf 84' lang='lat' dir='ltr'>vetat,</span> <span class='ocrx_word' id='word_1_261' title='bbox 1280 1698 1321 1727; x_wconf 87' lang='lat' dir='ltr'>ut</span> <span class='ocrx_word' id='word_1_262' title='bbox 1350 1691 1446 1726; x_wconf 88' lang='lat' dir='ltr'>bene</span> <span class='ocrx_word' id='word_1_263' title='bbox 1474 1691 1624 1726; x_wconf 86' lang='lat' dir='ltr'>monuit</span> <span class='ocrx_word' id='word_1_264' title='bbox 1667 1690 1708 1727; x_wconf 90' lang='lat' dir='ltr'>C.</span> <span class='ocrx_word' id='word_1_265' title='bbox 1732 1691 1776 1727; x_wconf 88' lang='lat' dir='ltr'>O.</span> 
     </span>
     <span class='ocr_line' id='line_1_57' title="bbox 1121 1748 1775 1797; baseline 0.002 -15"><span class='ocrx_word' id='word_1_266' title='bbox 1121 1748 1270 1783; x_wconf 78' lang='lat' dir='ltr'>M&#39;uIler.</span> <span class='ocrx_word' id='word_1_267' title='bbox 1313 1748 1504 1796; x_wconf 79' lang='lat' dir='ltr'>Aeginett.</span> <span class='ocrx_word' id='word_1_268' title='bbox 1553 1759 1640 1797; x_wconf 86' lang='lat' dir='ltr'>pag.</span> <span class='ocrx_word' id='word_1_269' title='bbox 1683 1750 1775 1787; x_wconf 74' lang='grc'>120.</span> 
     </span>
     <span class='ocr_line' id='line_1_58' title="bbox 1116 1803 1774 1853; baseline 0 -14"><span class='ocrx_word' id='word_1_270' title='bbox 1116 1804 1165 1839; x_wconf 87' lang='lat' dir='ltr'>Et</span> <span class='ocrx_word' id='word_1_271' title='bbox 1200 1803 1442 1853; x_wconf 77' lang='lat' dir='ltr'>praetervidit</span> <span class='ocrx_word' id='word_1_272' title='bbox 1469 1803 1774 1851; x_wconf 76' lang='lat' dir='ltr'>Valckenaerms,</span> 
     </span>
     <span class='ocr_line' id='line_1_59' title="bbox 1118 1859 1776 1911; baseline 0.002 -16"><span class='ocrx_word' id='word_1_273' title='bbox 1118 1859 1222 1911; x_wconf 89' lang='lat' dir='ltr'>quod</span> <span class='ocrx_word' id='word_1_274' title='bbox 1251 1862 1331 1910; x_wconf 87' lang='lat' dir='ltr'>ipse</span> <span class='ocrx_word' id='word_1_275' title='bbox 1364 1861 1534 1896; x_wconf 87' lang='lat' dir='ltr'>enuntiat</span> <span class='ocrx_word' id='word_1_276' title='bbox 1563 1859 1776 1897; x_wconf 85' lang='lat' dir='ltr'>Herodotus</span> 
     </span>
     <span class='ocr_line' id='line_1_60' title="bbox 1118 1915 1776 1966; baseline -0.002 -13"><span class='ocrx_word' id='word_1_277' title='bbox 1118 1930 1200 1966; x_wconf 84' lang='lat' dir='ltr'>cap.</span> <span class='ocrx_word' id='word_1_278' title='bbox 1225 1915 1290 1963; x_wconf 81' lang='grc'>46,</span> <span class='ocrx_word' id='word_1_279' title='bbox 1319 1917 1520 1966; x_wconf 80' lang='lat' dir='ltr'>Aeginetas</span> <span class='ocrx_word' id='word_1_280' title='bbox 1541 1923 1688 1966; x_wconf 85' lang='lat' dir='ltr'>praeter</span> <span class='ocrx_word' id='word_1_281' title='bbox 1708 1918 1776 1952; x_wconf 87' lang='lat' dir='ltr'>tri-</span> 
     </span>
     <span class='ocr_line' id='line_1_61' title="bbox 1117 1974 1776 2024; baseline 0.002 -16"><span class='ocrx_word' id='word_1_282' title='bbox 1117 1974 1223 2022; x_wconf 80' lang='lat' dir='ltr'>ginta</span> <span class='ocrx_word' id='word_1_283' title='bbox 1262 1974 1455 2020; x_wconf 74' lang='lat' dir='ltr'>triremes,</span> <span class='ocrx_word' id='word_1_284' title='bbox 1496 1986 1593 2024; x_wconf 84' lang='lat' dir='ltr'>quae</span> <span class='ocrx_word' id='word_1_285' title='bbox 1623 1986 1776 2023; x_wconf 81' lang='lat' dir='ltr'>pugnae</span> 
     </span>
     <span class='ocr_line' id='line_1_62' title="bbox 1118 2030 1775 2077; baseline 0 -11"><span class='ocrx_word' id='word_1_286' title='bbox 1118 2030 1350 2066; x_wconf 75' lang='lat' dir='ltr'>Salaminiae</span> <span class='ocrx_word' id='word_1_287' title='bbox 1386 2030 1646 2077; x_wconf 83' lang='lat' dir='ltr'>interfuerint,</span> <span class='ocrx_word' id='word_1_288' title='bbox 1686 2030 1775 2067; x_wconf 84' lang='lat' dir='ltr'>alias</span> 
     </span>
     <span class='ocr_line' id='line_1_63' title="bbox 1118 2085 1776 2137; baseline 0.003 -16"><span class='ocrx_word' id='word_1_289' title='bbox 1118 2099 1270 2137; x_wconf 86' lang='lat' dir='ltr'>quoque</span> <span class='ocrx_word' id='word_1_290' title='bbox 1292 2085 1487 2133; x_wconf 88' lang='lat' dir='ltr'>habuisse,</span> <span class='ocrx_word' id='word_1_291' title='bbox 1510 2086 1645 2137; x_wconf 84' lang='lat' dir='ltr'>quibus</span> <span class='ocrx_word' id='word_1_292' title='bbox 1655 2087 1776 2136; x_wconf 85' lang='lat' dir='ltr'>Aegi-</span> 
     </span>
     <span class='ocr_line' id='line_1_64' title="bbox 1117 2143 1775 2193; baseline 0.003 -16"><span class='ocrx_word' id='word_1_293' title='bbox 1117 2155 1189 2178; x_wconf 85' lang='lat' dir='ltr'>nae</span> <span class='ocrx_word' id='word_1_294' title='bbox 1227 2143 1372 2178; x_wconf 90' lang='lat' dir='ltr'>iusulae</span> <span class='ocrx_word' id='word_1_295' title='bbox 1393 2173 1402 2190; x_wconf 88' lang='lat'>,</span> <span class='ocrx_word' id='word_1_296' title='bbox 1440 2144 1480 2178; x_wconf 87' lang='lat' dir='ltr'>in</span> <span class='ocrx_word' id='word_1_297' title='bbox 1516 2155 1631 2193; x_wconf 84' lang='lat' dir='ltr'>quam</span> <span class='ocrx_word' id='word_1_298' title='bbox 1663 2143 1775 2179; x_wconf 80' lang='lat' dir='ltr'>multi</span> 
     </span>
     <span class='ocr_line' id='line_1_65' title="bbox 1116 2197 1774 2236; baseline 0.002 -2"><span class='ocrx_word' id='word_1_299' title='bbox 1116 2197 1366 2236; x_wconf 85' lang='lat' dir='ltr'>Athenienses</span> <span class='ocrx_word' id='word_1_300' title='bbox 1393 2211 1476 2235; x_wconf 89' lang='lat' dir='ltr'>suas</span> <span class='ocrx_word' id='word_1_301' title='bbox 1506 2198 1664 2235; x_wconf 75' lang='lat' dir='ltr'>familias</span> <span class='ocrx_word' id='word_1_302' title='bbox 1694 2200 1774 2235; x_wconf 92' lang='lat' dir='ltr'>for-</span> 
     </span>
     <span class='ocr_line' id='line_1_66' title="bbox 1118 2256 1774 2306; baseline 0 -14"><span class='ocrx_word' id='word_1_303' title='bbox 1118 2262 1304 2306; x_wconf 85' lang='lat' dir='ltr'>tunasque</span> <span class='ocrx_word' id='word_1_304' title='bbox 1316 2256 1520 2292; x_wconf 77' lang='lat' dir='ltr'>securitatis</span> <span class='ocrx_word' id='word_1_305' title='bbox 1531 2267 1641 2291; x_wconf 84' lang='lat' dir='ltr'>causa</span> <span class='ocrx_word' id='word_1_306' title='bbox 1653 2262 1774 2292; x_wconf 84' lang='lat' dir='ltr'>traus-</span> 
     </span>
     <span class='ocr_line' id='line_1_67' title="bbox 1118 2312 1773 2358; baseline 0 -10"><span class='ocrx_word' id='word_1_307' title='bbox 1118 2312 1281 2348; x_wconf 88' lang='lat' dir='ltr'>tulerant</span> <span class='ocrx_word' id='word_1_308' title='bbox 1302 2341 1311 2358; x_wconf 94' lang='lat'>,</span> <span class='ocrx_word' id='word_1_309' title='bbox 1362 2324 1467 2348; x_wconf 81' lang='lat' dir='ltr'>oram</span> <span class='ocrx_word' id='word_1_310' title='bbox 1513 2324 1534 2347; x_wconf 90' lang='lat' dir='ltr'>a</span> <span class='ocrx_word' id='word_1_311' title='bbox 1571 2313 1773 2349; x_wconf 88' lang='lat' dir='ltr'>Persarum</span> 
     </span>
     <span class='ocr_line' id='line_1_68' title="bbox 1116 2368 1772 2406; baseline 0.003 -3"><span class='ocrx_word' id='word_1_312' title='bbox 1116 2368 1394 2404; x_wconf 86' lang='lat' dir='ltr'>incursionibus</span> <span class='ocrx_word' id='word_1_313' title='bbox 1434 2374 1656 2405; x_wconf 82' lang='lat' dir='ltr'>tutarentur.</span> <span class='ocrx_word' id='word_1_314' title='bbox 1697 2370 1772 2406; x_wconf 85' lang='lat' dir='ltr'>Has</span> 
     </span>
     <span class='ocr_line' id='line_1_69' title="bbox 1115 2423 1772 2474; baseline 0.002 -14"><span class='ocrx_word' id='word_1_315' title='bbox 1115 2425 1230 2474; x_wconf 78' lang='lat' dir='ltr'>igitur</span> <span class='ocrx_word' id='word_1_316' title='bbox 1250 2437 1363 2460; x_wconf 82' lang='lat' dir='ltr'>naves</span> <span class='ocrx_word' id='word_1_317' title='bbox 1386 2423 1432 2460; x_wconf 88' lang='lat' dir='ltr'>ad</span> <span class='ocrx_word' id='word_1_318' title='bbox 1452 2425 1616 2460; x_wconf 88' lang='lat' dir='ltr'>insulam</span> <span class='ocrx_word' id='word_1_319' title='bbox 1641 2432 1772 2462; x_wconf 87' lang='lat' dir='ltr'>tutan-</span> 
     </span>
     <span class='ocr_line' id='line_1_70' title="bbox 1117 2480 1771 2518; baseline 0.003 -2"><span class='ocrx_word' id='word_1_320' title='bbox 1117 2480 1205 2516; x_wconf 81' lang='lat' dir='ltr'>dam</span> <span class='ocrx_word' id='word_1_321' title='bbox 1227 2482 1371 2518; x_wconf 86' lang='lat' dir='ltr'>relictas</span> <span class='ocrx_word' id='word_1_322' title='bbox 1391 2482 1422 2517; x_wconf 88' lang='lat' dir='ltr'>si</span> <span class='ocrx_word' id='word_1_323' title='bbox 1437 2480 1639 2518; x_wconf 86' lang='lat' dir='ltr'>duodecim</span> <span class='ocrx_word' id='word_1_324' title='bbox 1658 2481 1771 2518; x_wconf 84' lang='lat' dir='ltr'>fuisse</span> 
     </span>
     <span class='ocr_line' id='line_1_71' title="bbox 1115 2536 1770 2589; baseline 0.002 -17"><span class='ocrx_word' id='word_1_325' title='bbox 1115 2550 1321 2587; x_wconf 79' lang='lat' dir='ltr'>ponamus,</span> <span class='ocrx_word' id='word_1_326' title='bbox 1352 2551 1448 2589; x_wconf 85' lang='lat' dir='ltr'>quae</span> <span class='ocrx_word' id='word_1_327' title='bbox 1470 2536 1770 2588; x_wconf 80' lang='lat' dir='ltr'>Schweighaeu-</span> 
     </span>
     <span class='ocr_line' id='line_1_72' title="bbox 1115 2596 1768 2646; baseline 0.003 -17"><span class='ocrx_word' id='word_1_328' title='bbox 1115 2596 1188 2630; x_wconf 83' lang='lat' dir='ltr'>seri</span> <span class='ocrx_word' id='word_1_329' title='bbox 1210 2602 1263 2630; x_wconf 89' lang='lat' dir='ltr'>est</span> <span class='ocrx_word' id='word_1_330' title='bbox 1273 2596 1474 2638; x_wconf 79' lang='lat' dir='ltr'>sententia,</span> <span class='ocrx_word' id='word_1_331' title='bbox 1496 2607 1633 2646; x_wconf 86' lang='lat' dir='ltr'>easque</span> <span class='ocrx_word' id='word_1_332' title='bbox 1654 2596 1768 2631; x_wconf 78' lang='lat' dir='ltr'>etiam</span> 
     </span>
     <span class='ocr_line' id='line_1_73' title="bbox 1114 2649 1766 2699; baseline 0.003 -14"><span class='ocrx_word' id='word_1_333' title='bbox 1114 2650 1162 2686; x_wconf 86' lang='lat' dir='ltr'>ad</span> <span class='ocrx_word' id='word_1_334' title='bbox 1202 2649 1303 2688; x_wconf 88' lang='lat' dir='ltr'>hunc</span> <span class='ocrx_word' id='word_1_335' title='bbox 1342 2651 1547 2687; x_wconf 80' lang='lat' dir='ltr'>referamus</span> <span class='ocrx_word' id='word_1_336' title='bbox 1597 2664 1766 2699; x_wconf 86' lang='lat' dir='ltr'>censum,</span> 
     </span>
     <span class='ocr_line' id='line_1_74' title="bbox 1113 2706 1768 2744; baseline 0.003 -3"><span class='ocrx_word' id='word_1_337' title='bbox 1113 2707 1295 2744; x_wconf 75' lang='lat' dir='ltr'>Herodoti</span> <span class='ocrx_word' id='word_1_338' title='bbox 1321 2709 1503 2744; x_wconf 82' lang='lat' dir='ltr'>constabit</span> <span class='ocrx_word' id='word_1_339' title='bbox 1517 2706 1609 2744; x_wconf 79' lang='lat' dir='ltr'>fides</span> <span class='ocrx_word' id='word_1_340' title='bbox 1628 2721 1768 2744; x_wconf 87' lang='lat' dir='ltr'>nume-</span> 
     </span>
     <span class='ocr_line' id='line_1_75' title="bbox 1112 2765 1767 2816; baseline 0.002 -17"><span class='ocrx_word' id='word_1_341' title='bbox 1112 2765 1219 2816; x_wconf 82' lang='lat' dir='ltr'>rique</span> <span class='ocrx_word' id='word_1_342' title='bbox 1250 2765 1500 2811; x_wconf 81' lang='lat' dir='ltr'>convenient3</span> <span class='ocrx_word' id='word_1_343' title='bbox 1534 2776 1767 2816; x_wconf 86' lang='lat' dir='ltr'>quamquam</span> 
     </span>
     <span class='ocr_line' id='line_1_76' title="bbox 1110 2820 1768 2860; baseline 0.003 -4"><span class='ocrx_word' id='word_1_344' title='bbox 1110 2821 1150 2857; x_wconf 90' lang='lat' dir='ltr'>in</span> <span class='ocrx_word' id='word_1_345' title='bbox 1190 2823 1408 2860; x_wconf 75' lang='lat' dir='ltr'>uiiiversum</span> <span class='ocrx_word' id='word_1_346' title='bbox 1459 2820 1631 2858; x_wconf 86' lang='lat' dir='ltr'>dolemus</span> <span class='ocrx_word' id='word_1_347' title='bbox 1678 2834 1768 2858; x_wconf 86' lang='lat' dir='ltr'>cum</span> 
     </span>
    </p>
   </div>
  </div>
 </body>
</html>
