1996 3238
645 195 994 232 URANIA.

1052 197 1178 233 vlu.
1469 199 1522 238 71

261 305 465 359 Περσέων
502 304 546 345 οἱ
583 300 910 358 ἀναβεβηκότες,
950 308 1126 357 πρῶτον
1172 304 1251 359 μὲν
1281 304 1521 358 ἐτράποντο

259 374 366 426 πρὸς
395 370 470 421 τὰς
499 368 660 420 πύλας·
693 369 852 421 ταύτας
883 370 927 413 δὲ
951 369 1210 422 ἀνοίξαντες,
1250 373 1350 424 τοὺς
1381 372 1523 423 ἱκέτας

263 441 474 495 ἐφόνευον
488 453 496 461 ·

557 438 646 480 ἐπεὶ
697 439 741 480 δέ
784 451 863 492 σφι
910 438 1068 488 πάντες
1113 440 1430 493 κατέστρωντο,
1469 441 1581 485 τὸὃο

258 506 357 562 ἱρὸν
388 506 669 562 συλήσαντες,
701 505 944 562 ἐνέπρησαν
972 511 1118 550 πᾶσαν
1148 507 1227 562 τήν
1258 507 1512 562 ἀκρόπολιν.

157 587 189 632 4
368 573 500 628 Σχών
531 573 575 616 δὲ
607 574 848 624 παντελέως
876 573 953 624 τοὶς
972 572 1161 630 Ἀθήνας
1192 575 1373 630 Ξέρξης,

1422 576 1519 620 οἷπέ-
1572 605 1611 659 ε..

253 649 394 696 πέμψε
408 642 450 692 ἐς
461 644 619 684 Σοῦσα
640 640 822 697 ἄγγελον
847 642 990 692 ἱππέα,
1008 641 1260 700 Ἀρταβάνῳ
1293 642 1516 699 ἀγγελέον-

230 715 314 751 2τά
343 710 422 766 τὴν
451 709 705 763 παρεοῦσάν
725 721 802 765 σφι
826 709 1071 766 εὐπρηξίην.

1127 707 1231 753 Ἀπὸ
1261 710 1305 754 δὲ
1326 715 1401 766 τῆς
1418 711 1523 767 πέμ-

252 784 354 828 ψιος
382 781 465 821 τοῦ
494 777 685 833 κήρυκος
714 779 892 835 δευτέρῃ
923 777 1060 836 ἡμέρῃ
1094 779 1361 834 συγκαλέσας
1398 776 1521 834 Ἀθη·
1534 785 1577 820 85

251 846 390 888 ναίων
429 845 533 897 τοὺς
563 846 777 902 φυγάδας,
810 846 958 903 ἑωυτῷ
989 848 1034 891 δὲ
1065 846 1321 903 ἑπομένους,
1351 845 1521 889 ἐκέλευε

251 913 398 970 τρόπῳ
438 917 501 972 τῷ
541 913 732 970 σφετέρῳ
777 919 916 959 θῦσαι
956 914 1009 958 τὰ
1053 915 1146 970 ἱρὰ,
1194 914 1440 968 ἀναβάντας
1481 914 1522 965 ἐς

251 981 329 1037 τὴν
358 980 601 1034 ἀκρόπολιν
612 994 622 1006 ·

694 985 713 1000 >l
873 983 881 997 1
945 979 961 996 '9-
1021 982 1040 996 51
1232 982 1240 995 x
1357 981 1364 993 ι
1432 981 1443 996 5

672 999 710 1026 ει,
750 999 794 1027 τε
833 986 886 1039 δη
926 999 988 1026 ων
1016 991 1120 1035 οψιν
1147 999 1247 1025 τινα
1288 984 1396 1026 ἰδων
1426 997 1521 1024 ενυ-

248 1050 381 1093 πνίου
408 1049 642 1094 ἐνετέλλετο
663 1054 813 1103 ταῦτα,
836 1052 877 1094 εἴ
904 1066 946 1094 τε
975 1052 1049 1094 καὶ
1070 1050 1283 1106 ἐνθύμιόν
1313 1052 1357 1093 οἱ
1387 1049 1520 1104 ἐγένε-

221 1124 302 1161 3το
335 1117 602 1174 ἐμπρήσαντι
635 1118 683 1162 τὸ
723 1117 834 1172 ἱρόν.

117 1176 183 1223 55

251 1187 390 1229 ναίων
427 1185 637 1242 ἐποίησαν
682 1186 735 1230 τοὶ
776 1187 1072 1243 ἐντεταλμένα.

248 1253 419 1297 τούτων
448 1254 740 1312 ἐπεμνήσθην,
790 1254 962 1310 φράσω.

895 1120 938 1162 οἱ
973 1119 1019 1162 δὲ
1050 1114 1242 1175 φυγάδες
1279 1122 1368 1162 τῶν
1396 1117 1517 1174 Ἀθη-
1530 1123 1576 1158 90

1138 1191 1229 1231 Τοῦ
1268 1188 1314 1230 dte,
1355 1187 1516 1230 εἵνεκεν
1571 1179 1646 1240 3,ᾟά

1030 1256 1118 1299 ἔστι
1138 1256 1186 1298 ἓν
1216 1258 1267 1313 τῇ
1302 1254 1516 1310 ἀκροπόλι

247 1321 383 1379 ταύτῃ
409 1321 630 1380 Ἐρεχθέος
657 1328 737 1368 τοῦ
766 1324 968 1380 γηγενέος
998 1324 1235 1380 λεγομένου
1266 1321 1376 1367 εἶναι
1394 1321 1517 1379 νηός,

192 1558 268 1589 ster
287 1551 341 1600 V,
363 1554 418 1592 72
439 1550 535 1589 dixit
554 1551 597 1591 τὸ
614 1548 763 1591 ἄδυτον
782 1554 856 1602 τῆς

191 1610 307 1647 θεοῦ.
341 1628 388 1635 -
436 1610 482 1645 In
511 1621 619 1660 seqq.
659 1621 727 1659 pro
761 1606 855 1656 τούς

193 1663 324 1711 ἱκέτας
375 1664 468 1702 olim
518 1667 701 1716 scriptum
740 1666 854 1703 fuisse

192 1719 286 1768 τούς
317 1719 425 1771 ἱρέας
455 1723 685 1769 (sacerdotes)
715 1736 735 1758 e
757 1723 854 1760 Cor-

191 1779 268 1815 nel.
297 1780 433 1829 Nepot.
455 1777 706 1816 Themistocl.
734 1779 759 1820 4
790 1793 857 1817 su-

191 1836 345 1886 spiceris
364 1836 474 1884 licet3
517 1838 588 1872 nisi
619 1837 692 1873 alio
722 1849 855 1886 porsus

192 1906 214 1929 e
234 1892 339 1930 fonte
356 1893 583 1931 Corneliana
603 1893 797 1932 fluxerint.

250 2002 336 2044 ἐπεὶ
363 2003 408 2044 δέ
445 2016 518 2054 σφι
551 2000 700 2052 πάντες
741 2002 856 2045 κατέ-

195 2061 386 2112 στρωντο]
419 2062 445 2099 i.
479 2074 512 2098 e.
534 2063 598 2098 ubi
627 2065 730 2101 erant
766 2075 855 2112 pro-

195 2119 318 2156 strati.
378 2116 486 2154 Idem
517 2119 676 2154 verbum
716 2117 854 2154 eodem

191 2187 304 2211 sensu
323 2174 402 2221 IX,
420 2177 485 2214 69.
503 2177 569 2214 76.
590 2173 746 2213 Diodor.
769 2175 854 2222 XV,

192 2231 387 2277 80.X1x,
408 2231 654 2270 108.Poliuc.
668 2232 742 2275 IX,
763 2231 853 2278 153,

191 2289 259 2338 qui
317 2288 473 2338 exponit
524 2282 742 2342 οἶνῄρηντο.
809 2288 854 2324 Iu

194 2344 276 2394 ipsa
300 2345 516 2380 narratione
546 2345 679 2382 leviter
704 2351 854 2380 tantum

195 2401 242 2437 ab
274 2400 469 2437 Herodoto
507 2399 693 2451 discrepat
714 2402 854 2438 Ctesias

192 2458 317 2497 Perss.
339 2459 374 2503 ξ.
387 2456 453 2504 25,
491 2458 559 2494 ubi
573 2459 745 2495 Xerxem
763 2471 856 2495 nar-

195 2521 252 2551 rat
262 2515 384 2565 ipsam
398 2515 530 2550 urbem
541 2528 681 2565 cepisse
695 2527 855 2552 vacuam

194 2583 358 2637 eamque
406 2570 638 2619 incendisse,
697 2578 857 2621 excepta

194 2640 301 2676 arce,
342 2629 381 2665 in
411 2627 486 2679 quit
519 2628 696 2666 nonnulli
734 2627 857 2665 Athe-

197 2685 345 2722 nienses
358 2683 524 2722 derelicti
536 2686 754 2736 pugnarint3
769 2685 857 2736 qui·-

198 2740 267 2778 bus
288 2748 400 2779 nocte
410 2741 591 2792 profugis,
613 2755 741 2779 arcem
762 2754 856 2794 quo-

200 2807 273 2849 que
303 2811 382 2837 esse
407 2799 659 2837 combustam.

1133 1530 1224 1581 Cap.
1246 1530 1343 1567 LIV.

967 1604 1230 1661 αγγελέοντα]
1269 1610 1327 1646 Ita
1373 1621 1393 1644 e
1425 1605 1575 1646 duobus

910 1664 1022 1702 codd.
1063 1679 1131 1717 pro
1172 1667 1276 1716 vulg.
1319 1660 1477 1718 ἅγγελλέ
1480 1680 1573 1705 οντο

907 1730 1010 1759 recte
1036 1722 1140 1760 dedit
1159 1722 1410 1760 Valckeuaer.
1440 1721 1575 1759 confe-

913 1793 999 1816 rens
1029 1779 1204 1830 Euripid.
1235 1778 1432 1816 Phoeniss.
1475 1780 1575 1819 777.

915 1839 1035 1877 1082.
1074 1838 1132 1873 De
1162 1838 1344 1874 Artabano
1372 1836 1477 1873 Susis
1510 1848 1574 1872 re-

910 1893 999 1930 licto
1028 1906 1048 1929 a
1082 1895 1212 1930 Xerxe
1253 1893 1331 1931 vid.
1369 1893 1459 1940 VII,
1504 1891 1571 1932 52.

911 1951 979 1991 53.
1037 1950 1099 1987 Ad
1121 1963 1231 1988 voces
1259 1946 1342 1989 α’πό
1374 1952 1446 1999 τῆς
1475 1947 1571 1999 πέμ-

911 2015 1010 2057 ψιος
1038 2008 1138 2046 conf.
1158 2014 1250 2045 nott.
1273 2006 1321 2043 ad
1341 2007 1430 2053 Vll,
1449 2004 1515 2045 51.

968 2061 1068 2110 ὄψιν
1106 2062 1194 2102 nvo}
1228 2061 1328 2102 ἰδών
1358 2061 1572 2109 ἐνυπνίου]

912 2118 1023 2164 Quod
1053 2120 1142 2156 olim
1174 2121 1255 2171 quis
1291 2120 1451 2156 coniecit
1474 2114 1572 2155 ἰδών

911 2174 963 2215 ἐν
1001 2171 1169 2229 ὕπνῳ,
1209 2183 1251 2212 ut
1279 2177 1414 2212 Noster
1444 2174 1572 2225 loqui-

910 2239 972 2268 tur
991 2233 1064 2280 111,
1102 2236 1169 2273 30.
1205 2231 1277 2278 65,
1331 2231 1371 2268 id
1410 2232 1573 2267 minime

909 2288 1061 2326 videtur
1080 2290 1348 2326 necessarium.
1387 2287 1473 2326 vid.
1486 2288 1570 2334 Vll,

914 2348 977 2386 18.
999 2345 1065 2386 47.
1123 2345 1186 2382 Ad
1214 2346 1419 2382 formulam
1443 2339 1571 2383 ε’νθύ-

911 2398 1003 2452 μιόν
1025 2403 1066 2442 οἱ
1092 2401 1242 2455 ἐγένετο
1270 2402 1372 2439 conf.
1402 2407 1500 2439 nott.
1521 2399 1571 2437 ad

910 2460 966 2507 ΙΙ,
992 2458 1083 2500 175.

1142 2547 1235 2598 Cap.
1256 2546 1336 2584 LV.

966 2622 1169 2677 Ἐρεχθέος
1194 2628 1266 2666 τοῦ
1294 2621 1479 2693 γηγενέος
1507 2626 1571 2664 λε-

911 2682 1082 2736 γομένου
1106 2687 1207 2722 εἰναι
1229 2680 1346 2733 νηός]
1365 2677 1571 2734 Ἐρεχθέος

913 2740 1001 2778 dedi
1026 2753 1094 2790 pro
1126 2734 1367 2792 Ἐρεχθῆος,
1423 2746 1463 2775 ut
1489 2737 1572 2783 V‚11

915 2799 1009 2839 189.
1029 2795 1279 2847 Erechtheus,
1294 2797 1438 2848 priscus
1451 2792 1573 2831 Athe-

1575 562 1732 591 Exsuiibuu
1749 564 1790 591 ibi
1803 563 1852 594 die

1614 602 1651 631 st,
1677 597 1773 625 Xerxe
1790 598 1834 626 iu-

1595 637 1672 664 ente‚
1681 632 1851 661 sacrifican-

1575 665 1668 699 tibus,

1680 1180 1794 1220 ,artenii
1803 1188 1850 1209 aa·

1644 1236 1651 1240 .
1679 1222 1802 1241 merx-ae

1574 1246 1641 1275 olea
1655 1248 1807 1276 obtulerit.
