1879 3222
0 419 84 464 121

0 763 83 808 [22

513 248 906 286 GALLIOPE.

966 251 1042 288 IX.
1326 252 1409 293 371

158 357 456 408 σαλεύσαντες,
487 354 810 410 ἀνεκρέμασαν·
838 355 917 398 τὸν
945 356 991 400 δὲ
1018 360 1153 402 παῖδα
1171 360 1219 403 ἐν
1237 359 1402 415 ὀφθαλ-
1418 368 1437 402 1

152 433 272 482 μοῖσι
300 430 380 469 τοῦ
405 423 665 478 Ἀρταΰκτεω
695 424 971 467 κατέλευσαν.

152 507 300 545 σαντες
327 492 540 536 ἀπέπλεον
570 493 612 543 ἐς
640 490 720 548 τήν
742 491 946 543 Ἑλλάδα,
973 491 1028 535 τοί
1055 510 1100 538 τε
1121 493 1229 538 ἄλλα
1250 496 1406 552 χρήμα-

1032 430 1179 469 Ταῦτα
1210 429 1255 471 δὲ
1283 429 1409 486 ποιή-

150 579 203 606 τα
234 561 433 616 ἄγοντες,
462 561 535 604 καὶ
566 560 618 616 δή
649 561 722 603 καὶ
751 560 803 603 τὰ
833 559 943 603 ὅπλα
972 565 1062 603 τῶν
1082 564 1321 618 γεφυρέων,
1353 563 1412 616 ὥς

149 628 444 683 ἀναθήσοντες
475 630 517 680 ές
545 629 598 672 τα
626 627 714 683 ἱρά.
743 629 816 672 καὶ
844 628 953 671 κατὰ
981 630 1031 672 τό
1062 630 1155 682 ἔτος
1173 634 1304 674 τοῦτο
1336 631 1440 675 ού-5

152 697 224 740 ὁὲν
254 695 315 739 ἔτι
343 699 475 741 πλέον
504 697 676 742 τούτων
705 697 884 753 ἐγένετο.

267 765 439 808 Τούτου
470 766 515 808 δὲ
544 772 621 809 τοῦ
646 764 912 820 Ἀρταΰκτεω
940 768 1021 810 τοῦ
1052 763 1411 821 ἅνακρεμασθέν-
1467 758 1548 801 746

145 846 218 881 τος
256 832 493 888 προπάτωρ
530 831 817 890 Ἀρτεμβάρης
846 834 933 877 ἐστὶ
972 833 996 878 ὁ
1034 833 1229 890 Πέρσῃσι
1265 834 1407 890 ἐξηγη-

147 898 333 954 σάμενος
362 901 505 956 λόγον,
539 902 616 946 τὸν
636 903 793 945 ἐκεῖνοι
810 900 1105 957 ὑπολαβόντες
1123 901 1258 957 Κύρῳ
1277 914 1408 956 προσ-

117 968 347 1023 Ξήνεικαν,
395 970 577 1024 λέγοντα
605 969 731 1012 τάδε·
774 968 914 1023 ,,Ἐπεὶ
943 969 1054 1020 Ζεύς
1084 969 1278 1026 Πέρσῃσι
1313 969 1549 1026 ἡγε-Ῑοεενῑι.
1583 982 1707 1008 eoelum

1466 409 1520 437 Πίε
1538 412 1580 439 ita
1588 411 1692 446 gestis,
1710 415 1742 440 ot

1466 444 1662 473 Athenienses

1466 478 1625 508 Graeciam
1652 487 1737 514 repe-

1464 515 1539 540 tunt.

1467 813 1666 848 Artembares,
1686 815 1740 841 Ar-

1465 850 1584 880 tay-ctae
1602 849 1683 875 illius

1464 887 1550 913 avus,
1584 882 1653 916 quid
1672 881 1740 909 olim

1466 913 1576 947 Persis,
1615 915 1725 949 impro-

1466 946 1554 974 bante
1569 948 1660 980 cyro,
1671 956 1739 975 sua-

1464 1015 1536 1040 mite
1569 1023 1604 1041 ac
1646 1015 1741 1042 solum

144 1037 331 1091 ,,μονίην
361 1038 502 1084 διδοῖ,
557 1036 732 1091 ἀνδρῶν
763 1038 808 1081 δὲ
838 1038 929 1089 σοὶ,
966 1042 1092 1092 Κῦρε,
1122 1037 1313 1081 κατελὼν
1336 1037 1406 1080 Ἀ-
1463 1047 1567 1107 ῐΐξῦιιιῑῧίε
1587 1048 1660 1087 viris
1678 1049 1741 1110 “21¹1''

143 1103 378 1159 ,,στυα’γεα·
410 1103 526 1159 φέρε,
556 1107 639 1159 γῆν
667 1106 749 1160 γάρ
777 1105 994 1161 ἐκτήμεθα
1024 1104 1175 1161 ὀλίγην
1206 1106 1279 1148 καὶ
1308 1106 1407 1149 ταύ-
1464 1090 1693 1150 iuemugjgnen
1726 1090 1740 1110 Β

144 1189 251 1228 ,,την
280 1171 483 1228 τρηχέην,
516 1172 856 1225 μεταναστάντες
878 1173 925 1216 ἐκ
956 1171 1117 1229 ταύτης
1146 1171 1281 1230 ἄλλην
1309 1175 1411 1230 ἔχω-

114 1246 251 1293 3,,μεν
281 1238 469 1295 οἷμείνω.’
489 1240 569 1282 εἰσὶ
599 1240 644 1283 δὲ
674 1241 829 1283 πολλαὶ
858 1240 937 1295 μὲν
967 1240 1279 1297 οἷστνγείτονες,
1310 1246 1411 1285 πολ-

141 1308 246 1359 „lai
277 1308 322 1352 δὲ
346 1308 420 1352 καὶ
450 1303 680 1363 ἑκαστέρω·
712 1311 800 1352 τῶν
821 1311 927 1365 μίαν
946 1310 1119 1366 σχόντες
1133 1310 1285 1353 πλέοσι
1315 1309 1410 1354 ἐσό-

84 1534 276 1588 Reiskius)
292 1548 302 1573 τ
323 1535 419 1573 mihi
430 1536 496 1574 vix
515 1549 667 1574 necesse
684 1536 744 1574 vi-

89 1592 199 1630 detur
227 1606 249 1629 a
269 1593 380 1630 codd.
403 1594 622 1630 auctoritate
638 1606 745 1630 rece-

88 1648 191 1696 dere,
218 1649 335 1686 modo
367 1651 417 1686 ita
447 1651 654 1699 intelligas:
684 1650 748 1686 ubi

87 1706 246 1744 tabulam
265 1721 295 1747 s.
320 1707 444 1757 palum
473 1706 634 1742 fixerant
665 1706 744 1742 scil.

86 1763 126 1799 in
171 1769 284 1802 terra.
361 1761 745 1813 Schweighaeuserus

86 1821 349 1870 interpretatus
388 1826 466 1856 erat
503 1820 617 1857 clavis
636 1821 748 1857 asseri

85 1876 248 1926 adfixum
278 1877 542 1926 suspenderunt.
581 1897 637 1905 —
681 1875 744 1912 Ad

87 1933 247 1969 verbum
269 1932 505 1972 κατέλευσαν
525 1932 627 1970 conf.
650 1939 745 1970 nott.

88 1987 138 2026 ad
156 1990 226 2037 lx,
249 1988 289 2029 5.

293 2078 387 2128 Cap.
409 2078 546 2118 CXXI.

141 2153 190 2196 τὰ
211 2153 334 2208 ὅπλα]
359 2157 469 2195 Couf.
491 2158 553 2205 VI,
576 2155 627 2197 25
650 2154 746 2193 etad

86 2216 202 2253 verba
233 2211 352 2253 ου’ὁὲν
373 2213 426 2252 ἔτι
463 2215 520 2260 (in
553 2226 629 2264 quo
651 2226 746 2250 con-

86 2272 229 2321 spirant
254 2270 386 2320 codd.)
425 2270 543 2309 πλέον
572 2276 666 2307 nott.
697 2269 745 2306 ad

86 2329 149 2375 VI,
173 2327 239 2368 42.
297 2330 421 2372 Quare
441 2339 520 2363 non
541 2339 634 2376 opus
656 2339 745 2363 cum

86 2384 266 2422 Wersero
313 2396 497 2434 reponere
552 2382 618 2423 ἐπὶ
673 2396 743 2434 pro

90 2440 157 2481 ἔτι.

281 2528 373 2580 cap.
399 2529 556 2568 cxxn.

146 2604 435 2662 ἐξηγησάμενος
472 2604 619 2660 λόγον]
650 2608 675 2645 i.
707 2621 739 2646 e.

90 2669 247 2703 sermonis
260 2670 381 2704 auctor
390 2665 480 2716 suit,
507 2667 596 2715 prim
603 2678 641 2700 us
654 2664 745 2701 Per-

92 2735 152 2758 sas
176 2723 307 2760 edocuit
334 2735 540 2769 sermonem,
571 2733 667 2770 quem
689 2722 746 2758 illi

92 2780 314 2828 surripientes
353 2779 442 2831 Cyro
485 2778 680 2815 attulerunt
712 2791 742 2817 S.

92 2843 367 2885 proposuerunt
400 2849 444 2873 eo
465 2837 546 2878 scil.
573 2835 741 2883 consilio,

800 1542 843 1573 ut
867 1537 931 1573 ille
958 1538 1163 1575 Persarum
1199 1550 1362 1587 regnum
1395 1552 1463 1590 per

801 1594 934 1630 orbem
962 1601 1147 1630 terrarum
1176 1596 1436 1632 constitueret.

858 1645 1018 1700 εἷνὸρῶν
1052 1648 1095 1689 δὲ
1123 1649 1209 1699 σοὶ]
1246 1651 1272 1687 i.
1304 1664 1337 1687 e.
1370 1653 1462 1688 inter

802 1705 951 1743 homines
972 1710 1087 1744 autem
1099 1708 1175 1754 tibi,
1191 1719 1321 1743 everso
1342 1708 1461 1758 Asty-

802 1775 888 1812 age,
910 1765 1091 1813 imperium
1120 1763 1258 1814 Iupiter
1291 1765 1462 1802 tradidit.

800 1821 858 1856 De
877 1821 1080 1857 Persarum
1098 1821 1190 1859 Iove
1202 1821 1304 1859 conf.
1318 1822 1348 1869 I,
1367 1824 1460 1861 151.

800 1875 881 1921 VII,
901 1876 970 1917 40.

856 1931 925 1971 καὶ
948 1926 1098 1982 ταύτην
1126 1929 1322 1983 τρηχὲην]
1356 1933 1460 1979 „Pa-

800 1988 856 2024 ria
876 1988 922 2025 de
943 1989 1097 2039 ingenio
1120 1996 1156 2025 et
1181 1987 1314 2024 habitu
1332 1990 1461 2025 Persi-

802 2057 868 2081 cae
888 2046 1053 2094 regionis
1074 2045 1250 2081 Platone
1273 2046 1461 2095 Legg.111

800 2114 838 2151 p.
860 2102 939 2141 695
962 2102 995 2136 Α
1021 2107 1058 2137 et
1080 2100 1264 2137 Herodoti
1294 2109 1459 2138 assecta-

800 2164 860 2194 tor
892 2158 1073 2193 Arrianus
1100 2157 1251 2208 Exped.
1277 2159 1390 2195 Alex.
1411 2159 1456 2206 V,

802 2212 840 2253 4.
872 2213 940 2251 καὶ
969 2211 1043 2265 γοῖρ
1082 2212 1148 2252 καὶ
1180 2212 1334 2264 Πέρσαι
1369 2210 1457 2255 τότε

801 2268 966 2320 πένητές
977 2285 1015 2308 τε
1032 2264 1135 2319 ἦσαν
1145 2269 1211 2308 καὶ
1223 2266 1348 2320 χώρας
1368 2286 1458 2319 τρα-

800 2327 908 2377 χείας
940 2321 1154 2377 οἰκήτορες,
1183 2340 1323 2377 nempe
1352 2329 1456 2377 prin-

800 2384 898 2433 cipio
920 2385 1017 2433 regis
1029 2385 1159 2434 Cyri.“
1186 2383 1459 2434 >Wesseling.

798 2441 966 2476 Platonis
987 2441 1070 2477 loco
1082 2439 1170 2477 add.
1191 2439 1368 2490 Xenoph.
1385 2442 1459 2491 Cy-

799 2509 882 2547 rop.
903 2497 971 2533 VII
992 2510 1028 2547 p.
1049 2500 1138 2540 117,
1161 2495 1184 2535 5
1210 2496 1303 2544 [V11‚
1317 2496 1360 2539 5,
1375 2496 1458 2547 67].

796 2554 842 2589 In
862 2566 967 2604 seqq.
981 2566 1050 2603 pro
1072 2550 1266 2603 ἑκαστέρω
1283 2553 1321 2588 in
1338 2554 1454 2591 tribus

796 2608 908 2646 codd.
931 2616 1050 2646 exstat
1071 2607 1254 2656 ἑκατέρω.
1292 2609 1376 2648 vid.
1391 2611 1453 2658 vl,

802 2667 892 2705 108.
922 2666 1002 2714 Vll,
1034 2664 1101 2706 49.
1160 2665 1284 2701 Verba
1319 2665 1454 2706 πλέοσι

799 2717 971 2772 ἐσόμεθα
1018 2718 1341 2772 θωυμαστότεροι
1383 2737 1453 2759 va-

798 2778 897 2814 lent:
926 2778 1087 2828 pluribus
1107 2778 1299 2816 hominibus
1327 2782 1455 2816 maiori

797 2836 924 2873 erimus
945 2835 1185 2872 admirationi.

1070 2888 1169 2932 24*
